2262 3958
123 328 230 378 [Aoni
249 325 342 374 149¹]
574 295 743 361 RERUM
770 322 1075 361 URBANARUM
1102 322 1452 361 COMMENTARH.
1835 322 1906 359 415

124 429 462 496 predictam-et
499 427 612 476 fecit
640 427 854 475 officium
885 426 1035 492 (more
1063 426 1221 491 solito)
1255 420 1603 491 vespertinum,
1638 425 1688 473 in
1712 441 1805 489 quo
1840 425 1899 474 de

125 506 352 564 mandato
374 512 652 561 Sanctitatis
671 527 754 559 sue
776 510 836 559 ad
864 510 1139 558 instantiam
1165 509 1420 558 cardinalis
1439 505 1750 573 Neapolitani
1782 507 1900 556 mihi

123 597 272 656 facto,
293 595 407 644 dedi·
425 590 586 643 locum
609 595 658 642 in
679 594 923 659 capella...
947 593 1029 652 (1).

791 763 1239 810 MCCCCLXXXXI.

191 883 530 950 Superioribus
557 882 726 931 diebus
757 880 980 944 [augusti]
1021 880 1215 943 quidam
1252 896 1311 928 ex
1350 880 1703 930 habitatoribus
1740 883 1904 942 castri,

125 966 280 1016 offide
314 964 593 1030 nuncupati,
630 962 878 1027 provincie
907 962 1124 1011 marchie
1154 964 1517 1013 Anconitane...
1547 969 1773 1028 preterea
1797 969 1905 1029 post

123 1051 301 1115 multos
329 1052 561 1097 tractatus
593 1062 736 1111 super
764 1046 860 1094 hoc
887 1046 1097 1105 habitos,
1132 1047 1533 1097 consistorialiter
1557 1048 1808 1097 decretum
1837 1053 1909 1096 est

122 1127 314 1184 Rmum.
343 1134 400 1181 D.
432 1130 727 1180 cardinalem
763 1130 1167 1194 Andegavensem
1195 1133 1410 1181 marchie
1438 1134 1741 1182 Anconitane
1773 1133 1909 1198 lega-

124 1211 224 1274 tum
244 1216 359 1284 illuc
381 1215 832 1274 transmittendum;
859 1216 938 1279 qui
963 1218 1129 1263 Rmus.
1154 1218 1210 1264 D.
1237 1216 1495 1265 cardinalis
1522 1217 1903 1282 Andegavensis,

116 1301 230 1362 lune
252 1303 280 1350 8
302 1300 485 1350 mensis
505 1299 717 1364 augusti,
751 1298 880 1347 circa
908 1299 1081 1347 horam
1107 1315 1420 1364 vesperarum
1448 1317 1475 1350 a
1502 1302 1601 1350 suis
1626 1293 1908 1350 domesticis

119 1372 388 1436 associatus
417 1385 621 1434 recessit
667 1400 726 1435 ex
767 1382 895 1432 Urbe
929 1382 1085 1431 iturus
1122 1383 1183 1431 ad
1214 1385 1514 1448 provinciam
1553 1385 1904 1450 supradictam,

117 1456 376 1535 legationis
398 1485 485 1518 sue
507 1455 764 1517 occasione
789 1466 1081 1532 supradicta,
1105 1472 1152 1516 et
1173 1472 1224 1516 ut
1247 1485 1352 1516 rem
1372 1469 1656 1534 pacificaret
1675 1469 1754 1535 (2).
1803 1468 1809 1475 “
1894 1526 1898 1531 ,

169 1553 256 1603 Die
275 1553 392 1603 lune
414 1540 442 1602 8
466 1553 649 1602 mensis
677 1552 883 1616 augusti,
910 1555 965 1599 R.
993 1554 1044 1599 P.
1073 1555 1129 1600 D.
1166 1554 1336 1601 Petrus
1355 1554 1612 1619 episcopus
1631 1571 1669 1602 s.
1695 1555 1902 1617 Agathe,

119 1635 171 1686 in
189 1637 375 1704 capella
394 1638 582 1703 majore
603 1636 767 1702 palatii
795 1635 1064 1700 apostolici,
1095 1636 1354 1686 celebravit
1372 1638 1573 1686 missam
1593 1638 1908 1688 anniversarii

115 1713 281 1790 'dbitus
304 1720 460 1770 felicis
476 1720 826 1770 recordationis
849 1719 967 1769 Sixti
999 1735 1123 1783 pape
1152 1722 1255 1779 1111,
1291 1723 1419 1786 Papa
1445 1726 1692 1786 presente,
1711 1722 1907 1786 pluviali

121 1803 272 1863 rubeo
314 1805 521 1870 simplici
554 1808 724 1870 parato
752 1820 897 1868 super
932 1804 1129 1852 amictu.
1156 1804 1312 1852 Finita
1347 1805 1514 1865 missa,
1547 1808 1677 1870 Papa
1705 1805 1910 1854 absolvit

114 1879 256 1938 *more
293 1888 452 1937 solito.
491 1888 818 1936 Interfuerunt
852 1888 1082 1937 duntaxat
1120 1893 1307 1953 septem
1343 1905 1403 1938 ex
1435 1890 1628 1938 RRmis.
1662 1892 1762 1938 DD.
1799 1906 1902 1938 car-

119 1972 379 2032 dinalibuS,
412 1971 639 2022 videlicet
672 1988 681 2020 :
708 1972 1069 2036 NeapolitanuS,
1105 1989 1146 2021 s.
1187 1973 1472 2033 Clementis,
1511 1976 1902 2033 Beneventanus,

121 2055 402 2113 Aleriensis,
434 2073 472 2105 s.
510 2056 782 2114 Anastasie,
817 2057 1112 2105 camerarius
1152 2061 1200 2105 et
1224 2058 1478 2106 Ascanius.
1510 2059 1677 2107 Nullus
1706 2075 1765 2108 ex
1795 2059 1909 2107 sub-

120 2138 338 2190 diaconis
360 2140 639 2204 apostolicis
662 2140 898 2198 interfuit,
929 2139 1267 2189 deficientibus
1297 2141 1605 2203 subdiaconis
1633 2143 1714 2206 qui
1746 2143 1907 2192 ferunt

121 2238 336 2272 crucem.
353 2223 578 2271 Ordinavi
601 2223 764 2286 igitur,
787 2225 916 2286 Papa
934 2228 1075 2271 eunte
1094 2223 1149 2271 ad
1172 2224 1429 2273 ecclesiam
1449 2227 1580 2289 quod
1601 2227 1907 2291 primicerius

121 2307 436 2358 venetiarum
454 2306 583 2356 sedis
602 2307 866 2371 apostolice
882 2308 1242 2371 protonotarius
1266 2313 1481 2372 portaret
1501 2326 1697 2358 crucem
1714 2315 1762 2359 et
1780 2310 1903 2360 bene

122 2405 287 2438 coram
303 2405 380 2450 eo,
398 2394 542 2454 prout
564 2378 766 2440 et’male
789 2393 902 2442 fecit
928 2411 1079 2459 usque
1099 2394 1158 2442 ad
1187 2395 1365 2443 dictam
1391 2394 1625 2459 capellam
1654 2394 1702 2441 in
1726 2411 1820 2458 qua
1847 2399 1903 2444 D.

122 2473 317 2521 Falconi
335 2478 383 2522 et
404 2475 740 2538 protonotario
769 2480 817 2524 et
832 2477 1047 2539 generali
1072 2478 1375 2526 thesaurario
1395 2478 1552 2526 visum
1572 2482 1646 2526 est
1659 2478 1837 2542 potius,
1861 2478 1907 2525 in

121 2555 529 2605 subdiaconorum
574 2558 811 2618 absentia,
853 2559 914 2607 ad
947 2577 1099 2608 unum
1138 2578 1197 2609 ex
1224 2561 1524 2610 auditoribus
1554 2566 1657 2610 rote
1690 2565 1908 2626 spectare

119 2655 262 2704 quam
282 2641 344 2688 ad
357 2642 744 2704 protonotarium
759 2662 769 2701 ;
787 2644 900 2693 licet
914 2660 1011 2693 non
1031 2647 1426 2694 consueverimus
1442 2662 1530 2710 per
1545 2646 1798 2695 inferiores
1812 2646 1909 2694 sive

121 2725 335 2773 minores
355 2724 441 2772 sed
458 2725 669 2789 majores
689 2728 912 2791 supplere
928 2729 1076 2787 vices,
1104 2735 1266 2777 tamen
1293 2730 1353 2777 ad
1375 2731 1465 2779 sibi
1485 2730 1906 2795 complacendum,

120 2809 283 2873 potius
311 2825 455 2872 quam
487 2809 644 2870 aliter,
679 2812 894 2861 ordinavi
921 2814 1051 2876 quod
1079 2816 1134 2861 D.
1173 2816 1456 2862 Franciscus
1497 2815 1691 2862 Brevius
1725 2813 1908 2877 primus

122 2893 313 2941 auditor
329 2896 433 2941 rote
447 2898 561 2941 tunc
575 2894 622 2941 in
641 2895 826 2958 capella
843 2911 1044 2959 presens
1061 2913 1252 2946 crucem
1273 2903 1383 2948 ante
1398 2899 1679 2963 pontificem
1695 2896 1906 2945 deferret

123 2975 183 3025 ad
215 2992 459 3025 cameram
488 2977 773 3027 redeuntem
796 2995 805 3038 ;
828 2984 970 3043 prout
990 2979 1119 3029 fecit.

169 3104 203 3140 1.
227 3102 416 3139 Burchard
437 3102 534 3140 avait
554 3103 689 3140 obtenu
711 3103 759 3140 du
781 3104 881 3152 Pape
911 3116 958 3140 un
984 3106 1100 3152 conge
1121 3103 1166 3140 de
1186 3107 1314 3152 quatre
1341 3105 1446 3148 mois,
1468 3104 1515 3140 du
1534 3104 1582 3140 29
1598 3103 1677 3152 juin
1699 3114 1745 3139 au
1767 3104 1820 3139 1er
1840 3115 1907 3140 no-

121 3162 281 3208 vembre,
302 3173 395 3211 pour
409 3174 448 3199 se
468 3163 597 3200 rendre
617 3164 709 3200 dans
731 3175 796 3200 son
819 3163 1098 3212 pays..l'ignore
1118 3175 1209 3211 pour
1226 3162 1343 3210 quelle
1364 3162 1484 3199 raison
1499 3174 1564 3199 son
1579 3162 1723 3210 journal
1738 3164 1907 3210 presente

123 3233 192 3259 une
203 3221 333 3259 lacune
347 3222 392 3259 de
403 3227 574 3270 quatorze
588 3223 693 3270 mois,
707 3225 755 3260 du
771 3223 946 3261 mercredi
960 3224 982 3259 9
993 3222 1071 3271 juin
1088 3221 1484 3267 14901n01usivement,
1497 3234 1541 3258 au
1555 3221 1655 3258 lundi
1666 3224 1688 3258 8
1701 3225 1786 3258 aosst
1800 3221 1905 3266 1491,

120 3281 250 3319 lacune
279 3281 341 3330 qui
365 3282 482 3319 existe
502 3283 594 3320 dans
616 3287 698 3321 tous
730 3284 782 3321 les
811 3295 919 3327 mss,
941 3278 1078 3320 Codicev
1109 3282 1294 3320 Vaticano
1321 3293 1402 3318 non
1427 3289 1580 3328 excepto
1600 3282 1758 3329 (Burch.
1775 3281 1904 3326 Dian,

121 3355 160 3392 p.
177 3343 259 3388 145,
282 3349 324 3378 n⁰
343 3343 379 3387 2,
396 3342 441 3379 de
462 3342 804 3393 Gennarelli).Voy.
820 3343 1075 3381 l’observation
1098 3343 1142 3379 de
1162 3342 1213 3379 M.
1228 3342 1272 3378 de
1287 3341 1514 3390 Brequigny,
1537 3342 1629 3377 dans
1650 3342 1701 3378 les
1721 3341 1902 3378 Excraits

122 3410 156 3440 et
176 3404 346 3447 Notices,
375 3407 460 3448 etc„
483 3407 509 3439 t.
531 3403 558 3447 Ι,
582 3414 619 3451 p.
641 3403 701 3439 96.

169 3465 204 3501 2.
230 3464 319 3512 Voy.
344 3462 530 3501 Infessum
549 3463 658 3512 (dans
678 3463 846 3514 Eecard),
869 3469 895 3502 t.
918 3465 964 3511 11,
987 3464 1055 3501 col.
1077 3464 1190 3501 2001.
