2262 3958
0 463 6 468 ,
0 430 5 444 -v
0 274 13 420 -ρΒ-Π,

925 289 1211 328 ΑΡΡΕΝΒΙΟΕ.
1891 295 1961 332 553

175 405 383 436 nouueau
402 392 537 436 debat
568 406 623 436 en
648 397 760 437 cette
791 393 974 436 matiere
1002 405 1058 435 θη
1090 393 1278 446 laquelle
1299 393 1340 434 le
1362 395 1458 448 Roy
1476 406 1588 447 pour
1610 395 1759 438 sondit
1778 397 1961 439 interest

175 471 202 501 a
231 458 423 502 delibere
450 462 548 501 tout
575 464 716 512 outre,
739 460 901 514 garder
927 460 1110 502 lesdites
1131 459 1445 501 Ordonnanees
1468 463 1511 502 et
1527 459 1669 504 euiter
1687 461 1712 504 a
1737 474 1819 504 son
1841 463 1961 505 dom-

175 536 323 580 mage,
339 525 385 566 ni
405 524 559 567 iamais
579 538 637 568 ne
653 529 891 579 permettra
913 526 1130 578 qu'aucun
1151 529 1383 579 estranger
1401 527 1462 567 ait
1481 527 1587 568 ledit
1605 527 1818 570 Euesche.

234 606 250 628 ι
285 588 588 640 Ιιθηι,’1θεάὶῐ3
608 591 963 633 Ambassadeurs
991 590 1135 632 feront
1163 592 1387 647 iteratiues
1411 591 1579 644 prieres
1610 597 1654 635 et
1687 598 1917 647 requestes
1937 595 1960 636 ἱι

177 656 394 698 nostredit
411 655 658 698 Saint—Pere
677 657 732 698 de
753 668 833 709 par
851 657 893 697 le
920 658 1027 710 Roy,
1050 668 1162 708 pour
1186 669 1375 698 auancer
1392 658 1434 698 la
1461 657 1768 700 Canonizatt'on
1803 661 1858 702 de
1890 661 1961 702 feu

176 722 352 765 Maistre
381 723 532 764 Pierre
554 722 758 772 Berland‚
783 733 839 763 en
873 733 955 764 son
986 722 1138 764 viuant
1159 723 1461 775 archeuesque
1482 723 1536 764 de
1558 725 1802 776 Bordeaux,
1827 725 1879 767 de
1897 727 1960 767 la-

175 788 320 841 quelle
334 787 647 830 Cunonisation
661 799 686 829 a
703 786 796 829 este
812 791 1003 828 souuent
1020 787 1148 828 eserIt
1164 798 1245 839 par
1258 787 1300 828 le
1315 789 1410 840 Roy
1423 800 1448 828 a
1464 789 1681 831 nostredit
1702 790 1960 833 Saint-Pere.

231 854 381 895 «Item
400 853 547 894 dix-ont
573 864 659 906 que
691 853 867 895 Maistre
896 851 1136 894 Guillaume
1170 853 1221 892 de
1249 853 1462 906 Cambray
1493 855 1646 907 Doyen
1676 859 1719 896 et
1751 857 1883 897 Esleu
1911 857 1963 898 de

172 919 350 973 l'Eglise
373 917 428 960 de
445 920 627 970 Bourqes
645 921 688 959 et
706 919 831 960 aussi
851 918 905 959 de
925 918 1104 972 l'Eglise
1126 918 1180 959 de
1201 917 1436 968 Beattuais,
1457 919 1699 961 Conseiller
1719 921 1778 962 du
1800 923 1894 975 Roy
1911 934 1965 963 en

173 997 224 1027 sa
248 995 355 1026 cour
367 984 423 1026 de
442 984 690 1025 Parlement
708 995 734 1025 a
755 983 850 1025 este
871 984 1244 1036 canoniquement
1260 987 1304 1025 et
1326 984 1710 1026 concordalement
1724 987 1851 1027 esleu
1872 999 1968 1028 con-

172 1049 300 1092 firme
319 1052 364 1091 et
382 1048 561 1091 installe
578 1049 699 1091 audit
712 1049 926 1103 Doyenne
945 1050 999 1092 de
1012 1050 1223 1091 Beauvais
1237 1061 1318 1102 par
1331 1050 1396 1091 les
1413 1050 1662 1092 Chanoines
1677 1055 1719 1093 et
1736 1053 1965 1106 Chapitres

173 1116 326 1166 d'illec,
347 1114 498 1168 lequel
516 1115 728 1168 Doyenne
750 1119 818 1158 est
839 1115 1008 1170 dignite
1037 1116 1220 1158 electiue
1250 1119 1294 1158 et
1327 1117 1370 1157 la
1391 1118 1493 1169 plus
1513 1117 1684 1170 grande
1706 1116 1837 1170 apres
1858 1119 1966 1160 celle

173 1181 228 1224 de
245 1181 483 1234 l'Euesque
504 1180 591 1222 eta
609 1193 657 1222 ce
674 1181 776 1223 titre
798 1185 841 1223 et
862 1193 1023 1235 moyen
1058 1193 1084 1223 a
1112 1182 1219 1235 iouy
1250 1182 1562 1235 paisiblement
1595 1183 1719 1225 dudit
1748 1184 1962 1237 Doyenne

173 1251 217 1290 et
235 1246 365 1289 fruits
387 1247 589 1301 d'iceluy,
614 1259 720 1288 sans
742 1259 898 1301 proces
926 1259 984 1289 ou
1012 1248 1318 1300 inquietation,
1342 1259 1422 1300 par
1439 1248 1630 1301 l'espace
1650 1249 1705 1290 de
1725 1250 1858 1291 treize
1881 1262 1961 1291 ans

172 1324 348 1367 passez,
369 1313 484 1355 mais
504 1313 790 1355 neantmoins
825 1314 982 1366 depuis
1011 1325 1073 1355 un
1101 1325 1159 1355 an
1194 1325 1252 1355 ou
1272 1314 1461 1355 enuiron
1497 1326 1557 1356 un
1577 1314 1754 1356 nomme
1774 1315 1895 1357 Marc
1913 1318 1965 1357 de

172 1381 319 1421 Monte
335 1379 639 1432 archeuesque
662 1379 716 1421 de
737 1379 914 1421 Rhodes
934 1382 978 1421 et
997 1379 1111 1421 natis
1127 1380 1181 1420 de
1202 1380 1352 1430 Grece,
1375 1392 1399 1421 a
1421 1379 1500 1421 fait
1519 1380 1837 1423 indueuement
1859 1383 1966 1423 citer

174 1455 231 1487 en
248 1445 363 1488 Cour
382 1445 437 1487 de
466 1446 603 1487 Rome
629 1445 738 1487 ledit
768 1445 824 1487 de
847 1446 1079 1499 Cambray,
1111 1457 1218 1487 sous
1251 1446 1403 1487 ombre
1435 1446 1491 1487 de
1515 1447 1705 1488 certaine
1739 1449 1965 1500 prouision

174 1521 263 1564 que
280 1510 391 1552 ledit
410 1509 459 1551 de
478 1509 620 1552 Monte
639 1522 695 1552 en
726 1510 814 1552 l'an
845 1514 1003 1564 quatre
1030 1515 1153 1552 cents
1172 1512 1372 1552 soixante
1399 1515 1442 1553 et
1465 1512 1596 1562 seize,
1621 1524 1669 1554 se
1693 1513 1822 1556 disoit
1843 1515 1967 1555 auoir

175 1576 369 1618 obtenu&
391 1576 452 1618 du
465 1577 668 1618 Cardinal
684 1575 839 1618 Sancti
854 1579 977 1618 Petri
988 1576 1043 1618 ad
1061 1580 1248 1628 Vincula,
1265 1581 1412 1619 estant
1428 1589 1483 1619 en
1497 1568 1702 1632 Auignon
1719 1591 1832 1632 pour
1844 1581 1968 1622 venir

176 1653 232 1684 en
251 1653 302 1684 ce
322 1644 552 1696 Royaume
568 1654 739 1684 comme
763 1642 912 1696 Legat,
937 1646 979 1684 et
995 1654 1101 1684 sans
1119 1643 1225 1695 qu‘il
1242 1642 1332 1684 fust
1345 1642 1370 1684 a
1391 1655 1439 1684 ce
1459 1655 1588 1686 reeeu
1603 1645 1726 1686 audit
1742 1647 1968 1698 Royaume

178 1719 295 1761 pour
314 1706 451 1762 Legat
471 1711 514 1750 et
534 1708 609 1761 qui
639 1709 707 1761 pis
739 1712 806 1750 est
825 1709 931 1750 ledit
952 1708 1001 1749 de
1021 1711 1163 1750 Monte
1184 1720 1209 1750 a
1231 1708 1306 1751 fait
1327 1710 1540 1762 proceder
1561 1722 1615 1751 en
1635 1711 1769 1752 ladite
1785 1711 1898 1753 Cour
1914 1711 1969 1752 de

177 1776 319 1819 Rome
341 1777 492 1816 contre
513 1774 659 1828 iceluy
678 1775 732 1816 de
755 1775 973 1828 Cambray
993 1776 1067 1827 qui
1087 1776 1242 1816 iamais
1260 1787 1316 1816 ne
1341 1775 1407 1817 fut
1428 1777 1570 1818 auerti
1591 1776 1646 1817 de
1666 1776 1800 1818 ladite
1820 1789 1969 1830 proce-

180 1841 309 1893 dure,
330 1841 380 1884 ni
398 1841 615 1884 d'aucune
633 1841 813 1883 citation
836 1845 877 1882 et
898 1842 999 1883 n'en
1020 1842 1114 1884 vint
1136 1853 1307 1895 onques
1328 1843 1423 1883 rien
1443 1841 1467 1883 a
1492 1854 1541 1884 sa
1562 1844 1895 1885 connoissance.
1919 1845 1971 1885 Et

179 1918 297 1961 pour
316 1918 365 1950 ce
382 1919 471 1962 que
491 1906 598 1949 ledit
615 1908 666 1948 de
685 1906 824 1948 Monte
845 1918 894 1948 se
914 1911 1046 1949 vante
1072 1907 1243 1949 d'auoir
1268 1909 1436 1950 obtenu
1467 1909 1697 1960 Sentence,
1721 1912 1766 1950 et
1786 1909 1971 1961 procede

180 1985 262 2028 par
280 1973 734 2016 excommunications
753 1977 795 2015 et
816 1972 1037 2015 affictions
1059 1985 1113 2015 en
1134 1975 1266 2016 ladite
1288 1975 1403 2017 Cour
1423 1974 1476 2015 de
1498 1976 1635 2016 Rome
1656 1978 1808 2016 contre
1830 1975 1971 2027 iceluy

180 2039 236 2082 de
257 2039 494 2093 cambray,
517 2039 558 2080 le
580 2041 676 2092 Roy
692 2039 760 2080 n'a
780 2051 912 2081 cause
932 2040 1033 2081 d'en
1059 2043 1178 2082 estre
1205 2044 1399 2092 content,
1427 2052 1511 2082 veu
1532 2052 1620 2093 que
1639 2041 1748 2082 ledit
1770 2040 1824 2082 de
1845 2041 1972 2082 Cam-

179 2107 295 2160 bray
315 2108 383 2148 est
397 2105 654 2155 Conseiller,
672 2104 803 2157 passe
826 2109 970 2147 trente
987 2117 1069 2147 ans
1085 2118 1140 2148 en
1157 2107 1280 2148 icelle
1295 2107 1410 2149 Cour
1431 2107 1484 2148 de
1501 2107 1763 2158 Parlement,
1786 2110 1829 2148 et
1849 2106 1972 2147 aussi

182 2183 241 2214 au
260 2171 406 2225 grand
427 2171 602 2213 Conseil
620 2175 664 2212 et
684 2183 770 2223 que
789 2172 923 2213 ladite
950 2172 1196 2224 procedure
1221 2176 1288 2213 est
1317 2173 1606 2214 directement
1627 2176 1777 2214 contre
1799 2172 1913 2213 droit
1930 2175 1973 2213 et

181 2237 344 2288 raison,
369 2240 413 2278 et
439 2242 579 2278 contre
611 2235 654 2277 la
692 2236 837 2278 liberte
867 2241 904 2278 et
928 2237 1146 2289 franchise
1178 2238 1301 2280 dudit
1332 2241 1561 2291 Royaume,
1601 2243 1643 2280 et
1681 2240 1849 2281 semble
1885 2251 1971 2292 que

181 2303 317 2345 ladite
337 2302 584 2355 procedure
602 2314 659 2343 ne
687 2303 772 2343 soit
801 2302 903 2344 faite
933 2315 1018 2356 que
1048 2303 1137 2345 afin
1171 2305 1445 2346 d'eniamber
1478 2317 1556 2346 sur
1579 2305 1645 2346 les
1666 2304 1972 2359 prerogatiues

183 2368 310 2411 dudit
330 2370 559 2422 Royaume
581 2371 623 2410 et
641 2367 732 2409 afin
745 2368 798 2410 de
814 2369 1086 2411 scandaliser
1098 2371 1164 2411 les
1179 2371 1318 2412 suiets
1337 2371 1546 2424 d’iceluy;
1563 2374 1606 2412 et
1624 2374 1975 2412 remonstreront

182 2434 340 2476 lesdits
361 2434 718 2476 Ambassadeurs
745 2433 770 2475 a
807 2436 1024 2477 nostredit
1056 2436 1306 2478 Saint-Pere
1338 2437 1444 2490 qu'il
1479 2437 1618 2489 plaise
1645 2448 1670 2478 a
1702 2439 1756 2478 Sa
1779 2437 1974 2478 Saintete

185 2512 337 2543 casser
357 2503 401 2542 et
419 2503 579 2542 mettre
601 2501 660 2541 du
680 2500 821 2542 touta
850 2500 985 2543 neunt
1016 2502 1150 2544 ladite
1179 2503 1438 2555 procedure,
1479 2514 1533 2544 en
1558 2503 1783 2555 imposant
1814 2502 1975 2543 silence

185 2567 420 2621 perpetuel
441 2567 564 2609 audit
587 2567 638 2607 de
659 2568 816 2617 Monte,
842 2580 924 2620 par
955 2567 1149 2610 maniere
1183 2581 1269 2622 que
1301 2570 1408 2611 ledit
1446 2569 1502 2611 ‹le
1528 2570 1747 2622 Cambray
1769 2569 1975 2610 demeure

187 2633 377 2686 paisible
397 2643 453 2674 en
465 2633 509 2673 la
529 2634 790 2685 possession
812 2638 854 2676 et
875 2635 1111 2677 ioussance
1129 2636 1254 2678 dudit
1273 2635 1500 2689 Doyenne.

244 2715 261 2734 ‹
281 2699 346 2740 En
377 2701 503 2739 outre
537 2698 693 2739 lesdits
728 2700 1084 2742 Ambassadeurs
1121 2702 1370 2752 reciteront,
1404 2713 1575 2743 comme
1622 2701 1662 2742 le
1699 2703 1794 2753 Roy
1824 2712 1905 2753 par
1926 2701 1979 2741 ci-

188 2764 353 2806 deuant
374 2763 482 2805 s'est
501 2764 637 2805 voulu
654 2765 882 2818 employer
902 2764 927 2806 a
956 2769 1116 2807 mettre
1141 2767 1231 2808 bon
1252 2767 1584 2820 appointement
1606 2765 1653 2807 es
1673 2765 1881 2807 matieres
1903 2766 1977 2818 qui

189 2833 385 2884 peuuent
402 2832 520 2871 estre
541 2841 596 2872 en
617 2830 833 2871 differend
854 2835 979 2873 entre
1008 2833 1225 2875 nostredit
1260 2834 1503 2874 Saint-Pere
1522 2836 1564 2874 et
1587 2833 1623 2873 le
1637 2835 1727 2883 Roy
1747 2832 1799 2871 de
1815 2833 1976 2882 Naples

189 2901 232 2939 et
252 2907 416 2950 pource
446 2896 592 2938 diront
612 2907 699 2949 que
729 2897 873 2950 iceluy
894 2898 1110 2952 Seigneur
1138 2899 1236 2940 leur
1270 2910 1295 2939 a
1333 2897 1530 2939 ordonne
1551 2910 1581 2951 y
1599 2898 1807 2938 labourer
1828 2908 1883 2937 en
1904 2909 1977 2937 cas

189 2974 277 3016 que
300 2973 349 3004 ce
370 2962 455 3003 soit
476 2962 517 3003 le
538 2962 692 3014 plaisir
713 2961 766 3003 de
787 2964 1004 3005 nostredit
1025 2964 1291 3005 saint-pere.
1312 2965 1364 3005 Et
1389 2963 1649 3005 finalement
1670 2963 1724 3003 ils
1745 2963 1976 3003 remercie-

190 3031 290 3070 ront
307 3027 523 3069 nostredit
541 3028 791 3068 Saint-Pere
812 3027 891 3069 des
918 3029 1091 3070 bonnes
1112 3029 1268 3083 graces
1298 3033 1341 3070 et
1359 3029 1560 3070 louables
1583 3028 1776 3068 seruices
1796 3038 1884 3079 que
1906 3038 1979 3068 ses

194 3093 394 3136 Orateurs
415 3097 491 3135 ont
510 3093 588 3134 fait
608 3105 667 3135 au
687 3095 795 3147 Roy.
813 3093 925 3135 C'est
957 3092 982 3134 a
1014 3095 1190 3135 seauoir
1209 3095 1431 3135 Monsieur
1449 3093 1679 3145 l’Eucsque
1697 3094 1748 3133 de
1765 3093 1980 3132 Concorde

193 3163 237 3202 et
252 3160 475 3202 Monsieur
507 3159 548 3200 le
580 3159 880 3212 protonotaire
914 3160 1097 3200 Mais-cre
1118 3159 1304 3200 Antoe'ne
1335 3158 1498 3208 Mores,
1530 3158 1724 3211 lesquels
1752 3168 1806 3198 en
1834 3160 1980 3198 toutes

192 3226 313 3266 leurs
331 3225 511 3276 charges
534 3227 577 3265 et
603 3225 916 3266 commissions
950 3235 998 3265 se
1028 3227 1127 3265 sont
1162 3227 1313 3276 portez
1345 3227 1434 3265 tres
1466 3223 1807 3264 honnestement
1828 3223 1870 3261 et
1891 3223 1980 3261 tres

195 3290 520 3343 prudemment,
544 3301 600 3331 en
618 3289 812 3331 maniere
830 3289 960 3343 qu’ils
984 3293 1083 3331 sont
1117 3289 1275 3342 dignes
1301 3290 1354 3330 de
1380 3291 1504 3329 toute
1524 3287 1689 3341 grande
1706 3297 1982 3327 recomman-

198 3355 363 3406 dation,
397 3358 440 3396 et
470 3355 540 3396 n'a
585 3367 665 3407 pas
702 3358 809 3397 tenu
847 3367 873 3396 a
913 3366 999 3396 eux
1029 3367 1116 3407 que
1149 3355 1212 3397 les
1245 3353 1453 3396 matieres
1490 3352 1668 3406 n'ayent
1705 3350 1847 3392 estees
1880 3351 1982 3403 plus

198 3419 432 3474 abregees‚
455 3431 530 3460 car
547 3420 601 3461 ils
621 3432 675 3463 θη
705 3424 782 3463 ont
812 3421 888 3462 fait
910 3422 1104 3463 extreme
1132 3421 1362 3475 diligence,
1393 3420 1505 3461 mais
1529 3419 1560 3460 il
1586 3430 1612 3460 a
1634 3427 1839 3460 conuenu
1857 3417 1983 3458 auoir
