2262 3958
353 326 401 364 44
959 315 1192 355 JOHANNIS
1225 313 1518 360 BURCHARDI,
1907 315 2011 359 [Aoot
2033 318 2125 363 1484]

354 428 530 486 libere,
566 425 644 474 vel
676 423 735 471 ad
773 419 1108 470 declinandam
1146 422 1334 483 pestem
1372 418 1446 466 vel
1483 418 1795 470 recreationis
1835 436 1918 469 sue
1955 436 2125 481 causa,

356 510 542 575 possint
569 524 619 556 se
647 506 882 569 recipere.
914 506 984 552 lta
1011 506 1170 552 tamen
1202 503 1329 566 quod
1358 502 1503 551 iidem
1533 503 1797 552 cardinales
1827 504 1877 551 in
1907 503 2127 552 manibus

358 593 478 641 meis
501 592 752 656 jurabunt,
784 587 911 651 quod
938 586 1168 635 officiales
1199 590 1247 634 et
1274 586 1559 635 castellanos
1588 602 1721 647 suos,
1747 603 1866 650 quos
1893 587 1942 635 in
1966 588 2134 652 hujus-'

358 671 497 724 modi
529 674 669 723 terris
710 675 758 720 et
795 670 985 719 arcibus
1029 670 1348 734 deputabunt,
1394 669 1672 737 obligabunt
1717 670 1802 717 sub
1842 669 2036 733 speciali
2082 673 2130 719 et

323 815 331 823 ⁶
359 773 588 822 expresso
604 758 896 820 juramento,
924 755 1068 817 quod,
1093 753 1455 818 superveniente
1481 753 1611 801 obitu
1633 752 1900 812 cardinalis,
1925 753 2130 816 aliquam

360 848 538 890 terram
564 840 638 889 vel
660 839 909 888 castellum
937 838 1004 886 sic
1031 837 1344 902 possidentis,
1377 837 1505 885 illam
1531 837 1605 884 vel
1632 836 1766 884 illum
1794 851 1905 884 cum
1931 850 2062 894 arce,
2091 836 2130 883 si

360 923 603 982 hahuerit,
646 923 696 970 in
734 922 954 970 manibus
989 921 1110 969 meis
1148 921 1222 969 vel
1261 936 1597 969 successorum
1639 936 1857 968 meorum
1894 919 2045 968 libere
2085 921 2134 967 et

362 1007 582 1071 expedite
605 1006 763 1054 statim
785 1005 887 1053 sine
909 1005 1003 1053 ulla
1024 1004 1305 1069 exceptione
1330 1005 1515 1053 tradent
1537 1008 1584 1052 et
1603 1003 1972 1067 consignabunt.

428 1093 566 1149 Item,
603 1105 712 1137 cum
739 1089 873 1137 multi
905 1105 964 1137 ex
996 1088 1201 1136 dominis
1233 1088 1551 1136 cardinalibus
1579 1087 1659 1135 hic
1689 1086 1992 1151 presentibus
2017 1101 2134 1134 non-

362 1174 515 1222 nullas
549 1172 777 1222 ecclesias
805 1171 1123 1231 cathedraleS,
1153 1171 1463 1231 monasteria,
1499 1171 1756 1235 prioratus,
1786 1170 2132 1234 preposituras,

361 1257 699 1322 prepositatus,
735 1255 1008 1319 dignitates,
1037 1255 1493 1314 administrationes,
1524 1254 1683 1302 officia
1709 1257 1756 1302 et
1783 1253 1875 1301 alia
1899 1251 2136 1301 beneficia

363 1339 691 1390 ecclesiastica
730 1341 987 1400 secularia,
1036 1342 1111 1390 vel
1149 1339 1424 1404 quorumvis
1471 1339 1691 1387 ordinum
1735 1337 1994 1401 regularia,
2043 1352 2135 1400 que

364 1423 645 1473 obtinebant
683 1429 731 1473 et
766 1425 1076 1489 possidebant
1114 1425 1458 1489 resignaverint
1497 1439 1580 1472 seu
1614 1422 1797 1471 eisdem
1837 1419 2136 1469 commendis

365 1506 600 1555 cesserint
621 1510 667 1555 et
686 1507 735 1554 in
755 1511 1004 1571 posterum
1026 1524 1119 1571 que
1147 1507 1364 1556 obtinent
1391 1511 1437 1555 et
1458 1506 1722 1571 possident,
1752 1509 1832 1553 aut
1858 1503 2139 1552 obtinebant

364 1593 411 1637 et
430 1590 760 1653 possidebant,
779 1590 1024 1654 resignare
1047 1607 1131 1639 seu
1150 1592 1323 1640 cedere
1345 1592 1394 1639 in
1414 1591 1616 1639 aliorum
1636 1590 1848 1637 favorem
1870 1587 2135 1647 intendant,

363 1672 608 1737 promitto,
629 1674 739 1738 juro
763 1677 810 1722 et
831 1689 975 1722 voveo
997 1675 1266 1723 concedere
1293 1679 1435 1739 prout
1461 1675 1519 1722 de
1546 1672 1759 1738 presenti
1786 1671 2002 1720 concedo
2022 1670 2138 1735 ipsis

364 1756 570 1803 dominis
605 1757 943 1817 cardinalibus,
968 1758 1047 1821 qui
1075 1759 1355 1822 hujusmodi
1377 1759 1631 1818 ecclesias,
1656 1754 1948 1811 monasteria
1974 1759 2022 1803 et
2047 1753 2140 1804 alia

366 1839 695 1888 ecclesiastica
725 1840 963 1889 beneficia
995 1842 1139 1890 etiam
1172 1842 1520 1906 resignaverint
1551 1845 1633 1890 aut
1666 1840 2006 1904 resignabunt,
2042 1840 2137 1890 sive

368 1929 535 1971 eorum
556 1924 855 1971 commendis
877 1925 1112 1973 cesserint
1132 1928 1213 1972 aut
1235 1925 1405 1973 cedent
1424 1925 1473 1972 in
1493 1929 1740 1990 posterum
1756 1925 1831 1974 vel
1851 1925 2135 1984 concedent,

367 2009 601 2069 quatenus
623 2007 904 2056 cedentibus
926 2012 1006 2056 aut
1026 2008 1370 2056 decedentibus
1392 2009 1466 2069 iis,
1487 2009 1567 2073 qui
1590 2025 1676 2074 per
1697 2009 1972 2073 hujusmodi
1993 2008 2141 2073 resig-

367 2088 612 2138 nationem
640 2090 736 2140 sive
765 2092 1037 2141 cessionem
1070 2091 1321 2151 ecclesias,
1357 2092 1650 2141 monasteria
1676 2092 1778 2156 ipsa
1799 2096 1847 2140 et
1873 2091 1965 2140 alia
1989 2092 2139 2140 hene-

369 2172 479 2220 ficia
511 2173 840 2222 ecclesiastica
874 2175 1018 2223 etiam
1051 2176 1361 2235 obtinuerint,
1396 2176 1603 2224 liberum
1639 2180 1687 2224 et
1717 2175 2051 2239 plenissimum
2080 2175 2140 2223 ad

371 2257 565 2305 easdem
595 2257 850 2323 ecclesiass,
885 2259 1179 2307 monasteria
1211 2263 1259 2307 et
1291 2260 1620 2308 ecclesiastica
1648 2258 1904 2318 beneficia,
1931 2258 2141 2306 habeant

371 2356 664 2403 regressum,
690 2357 857 2388 eorum
878 2342 1082 2405 denique
1110 2343 1466 2406 possessionem
1494 2343 1597 2407 ipso
1615 2344 1723 2406 jure
1750 2346 1987 2405 repetere,
2013 2345 2061 2390 et
2079 2341 2139 2388 de

371 2437 493 2470 novo
522 2438 693 2486 capere
718 2423 869 2472 libere
897 2439 952 2471 ac
979 2424 1256 2487 plenissime
1283 2425 1469 2488 possint
1496 2429 1542 2472 et
1567 2425 1770 2484 valeant,
1802 2423 1947 2471 etiam
1973 2423 2014 2471 si
2042 2438 2139 2472 non

370 2504 627 2554 habuerint
645 2506 797 2554 bullas
818 2523 1068 2570 regressus
1088 2523 1116 2555 a
1135 2508 1362 2571 pontifice
1383 2523 1506 2572 papa
1527 2507 1677 2555 Sixto.

437 2591 575 2649 Item,
598 2589 845 2653 promitto,
877 2606 1024 2639 voveo
1054 2595 1102 2639 et
1128 2591 1237 2655 juro
1265 2591 1393 2654 quod
1419 2606 1613 2639 omnem
1643 2590 1880 2650 favorem,
1913 2589 2140 2638 auxilium

373 2675 421 2720 et
441 2673 779 2722 authoritatem
799 2690 957 2722 meam
983 2675 1304 2739 interponam,
1326 2675 1460 2740 [quod
1492 2679 1588 2723 tam
1615 2675 1932 2723 cardinalibus
1954 2691 1993 2722 s.
2018 2690 2059 2721 r.
2083 2675 2137 2721 E.

371 2772 514 2820 quam
535 2756 656 2816 aliis,
680 2758 760 2821 qui
780 2758 1018 2807 beneficia
1044 2759 1372 2808 ecelesiastica
1391 2759 1622 2808 canonice
1644 2759 1851 2807 assecuti
1876 2758 2069 2818 fuerint,
2094 2761 2142 2805 et

373 2843 433 2890 ad
452 2841 782 2906 possessiones
805 2857 971 2890 eorum
992 2858 1089 2891 non
1115 2843 1441 2904 admittantur,
1472 2843 1546 2891 vel
1572 2843 1804 2891 hactenus
1829 2842 2024 2890 admissi
2044 2857 2141 2889 non

375 2929 500 2986 sunt,
532 2941 615 2975 seu
642 2940 810 2973 eorum
835 2924 1015 2973 fructus
1043 2928 1402 2989 quomodolibet
1433 2927 1482 2975 in
1513 2927 1762 2975 beneficiis
1791 2925 1991 2989 pacifice
2023 2925 2140 2971 hac-

374 3012 512 3056 tenus
544 3008 779 3072 possessis
808 3010 1129 3074 impediantur
1158 3010 1332 3076 integri
1365 3012 1562 3071 habere,
1609 3010 1760 3058 libere
1801 3024 1857 3056 ac
1888 3008 2015 3054 bona
2046 3005 2140 3053 fide

377 3093 521 3140 etiam
553 3096 832 3157 perceptos,
873 3094 1184 3143 restituantur
1224 3096 1555 3158 adhibeboque
1595 3094 1724 3141 circa
1756 3093 1875 3151 hoc,
1909 3094 1960 3138 ut
1987 3091 2064 3154 jus
2095 3093 2142 3138 et

378 3175 560 3237 equitas
598 3175 829 3239 postulat,
870 3189 1064 3223 omnem
1101 3175 1396 3238 diligentiam
1434 3180 1482 3224 et
1520 3174 1885 3240 obligationem,
1925 3173 2140 3236 nihilque

378 3259 745 3321 pretermittam.

423 3332 583 3402 ltem,
614 3344 861 3407 promitto,
895 3359 1042 3393 voveo
1076 3347 1124 3392 et
1150 3341 1767 3409 jurosquodjcanonicatus
1800 3346 1848 3390 et
1875 3340 2144 3406 prebendas

380 3421 577 3470 basilice
605 3439 643 3470 s.
669 3425 815 3485 Petri,
846 3425 1180 3474 Lateranensis
1208 3428 1256 3473 01
1281 3440 1319 3472 s.
1350 3425 1498 3473 Marie
1529 3423 1724 3488 majoris
1751 3424 1810 3473 de
1827 3425 1965 3473 -Urbe
1992 3422 2148 3471 eccle-
