<?xml version="1.0" encoding="UTF-8"?>
<!DOCTYPE html PUBLIC "-//W3C//DTD XHTML 1.0 Transitional//EN"
    "http://www.w3.org/TR/xhtml1/DTD/xhtml1-transitional.dtd">
<html xmlns="http://www.w3.org/1999/xhtml" xml:lang="en" lang="en">
 <head>
  <title>
</title>
<meta http-equiv="Content-Type" content="text/html;charset=utf-8" />
  <meta name='ocr-system' content='tesseract 3.04.00' />
  <meta name='ocr-capabilities' content='ocr_page ocr_carea ocr_par ocr_line ocrx_word'/>
</head>
<body>
  <div class='ocr_page' id='page_1' title='image "./diariumsivererum01burcuoft_0154.png"; bbox 0 0 2262 3958; ppageno 0'>
   <div class='ocr_carea' id='block_1_1' title="bbox 336 323 2090 372">
    <p class='ocr_par' dir='ltr' id='par_1_1' title="bbox 336 323 2090 372">
     <span class='ocr_line' id='line_1_1' title="bbox 336 323 2090 372; baseline -0.001 -8"><span class='ocrx_word' id='word_1_1' title='bbox 336 330 400 364; x_wconf 78' lang='grc'>144</span> <span class='ocrx_word' id='word_1_2' title='bbox 935 324 1166 360; x_wconf 82' lang='lat' dir='ltr'>JOHANNIS</span> <span class='ocrx_word' id='word_1_3' title='bbox 1201 323 1494 370; x_wconf 82' lang='lat' dir='ltr'>BURCHARDI,</span> <span class='ocrx_word' id='word_1_4' title='bbox 1874 327 1980 369; x_wconf 84' lang='lat' dir='ltr'>[Avril</span> <span class='ocrx_word' id='word_1_5' title='bbox 2000 330 2090 372; x_wconf 77' lang='lat'>1485]</span> 
     </span>
    </p>
   </div>
   <div class='ocr_carea' id='block_1_2' title="bbox 311 426 2104 3486">
    <p class='ocr_par' dir='ltr' id='par_1_2' title="bbox 328 426 2104 989">
     <span class='ocr_line' id='line_1_2' title="bbox 332 426 2095 488; baseline 0.001 -12"><span class='ocrx_word' id='word_1_6' title='bbox 332 428 454 476; x_wconf 91' lang='lat' dir='ltr'>Rmi.</span> <span class='ocrx_word' id='word_1_7' title='bbox 487 431 543 476; x_wconf 91' lang='lat' dir='ltr'>D.</span> <span class='ocrx_word' id='word_1_8' title='bbox 576 426 826 475; x_wconf 87' lang='lat' dir='ltr'>cardinalis</span> <span class='ocrx_word' id='word_1_9' title='bbox 859 442 895 473; x_wconf 90' lang='lat' dir='ltr'>s.</span> <span class='ocrx_word' id='word_1_10' title='bbox 925 426 1072 474; x_wconf 89' lang='lat' dir='ltr'>Marci</span> <span class='ocrx_word' id='word_1_11' title='bbox 1106 426 1392 475; x_wconf 77' lang='lat' dir='ltr'>secretarius</span> <span class='ocrx_word' id='word_1_12' title='bbox 1424 443 1433 475; x_wconf 90' lang='lat'>:</span> <span class='ocrx_word' id='word_1_13' title='bbox 1466 426 1504 474; x_wconf 91' lang='lat' dir='ltr'>si</span> <span class='ocrx_word' id='word_1_14' title='bbox 1532 431 1660 476; x_wconf 89' lang='lat' dir='ltr'>recte</span> <span class='ocrx_word' id='word_1_15' title='bbox 1687 428 1901 488; x_wconf 90' lang='lat' dir='ltr'>memini,</span> <span class='ocrx_word' id='word_1_16' title='bbox 1933 429 2095 478; x_wconf 87' lang='lat' dir='ltr'>omnia</span> 
     </span>
     <span class='ocr_line' id='line_1_3' title="bbox 334 505 2092 573; baseline 0 -13"><span class='ocrx_word' id='word_1_17' title='bbox 334 513 579 560; x_wconf 87' lang='lat' dir='ltr'>observata</span> <span class='ocrx_word' id='word_1_18' title='bbox 610 510 818 568; x_wconf 88' lang='lat' dir='ltr'>suerunt,</span> <span class='ocrx_word' id='word_1_19' title='bbox 848 514 992 573; x_wconf 89' lang='lat' dir='ltr'>prout</span> <span class='ocrx_word' id='word_1_20' title='bbox 1015 510 1064 557; x_wconf 91' lang='lat' dir='ltr'>in</span> <span class='ocrx_word' id='word_1_21' title='bbox 1094 505 1419 558; x_wconf 79' lang='lat' dir='ltr'>ceremoniali.</span> <span class='ocrx_word' id='word_1_22' title='bbox 1451 509 1706 558; x_wconf 88' lang='lat' dir='ltr'>Celebrans</span> <span class='ocrx_word' id='word_1_23' title='bbox 1738 511 1787 558; x_wconf 89' lang='lat' dir='ltr'>in</span> <span class='ocrx_word' id='word_1_24' title='bbox 1814 511 2092 561; x_wconf 79' lang='lat' dir='ltr'>adoratione</span> 
     </span>
     <span class='ocr_line' id='line_1_4' title="bbox 330 592 2091 656; baseline 0.001 -14"><span class='ocrx_word' id='word_1_25' title='bbox 330 594 501 653; x_wconf 91' lang='lat' dir='ltr'>crucis,</span> <span class='ocrx_word' id='word_1_26' title='bbox 525 592 719 641; x_wconf 90' lang='lat' dir='ltr'>nomine</span> <span class='ocrx_word' id='word_1_27' title='bbox 747 593 827 640; x_wconf 89' lang='lat' dir='ltr'><strong>SS.</strong></span> <span class='ocrx_word' id='word_1_28' title='bbox 853 594 910 639; x_wconf 89' lang='lat' dir='ltr'>D.</span> <span class='ocrx_word' id='word_1_29' title='bbox 936 594 991 640; x_wconf 90' lang='lat' dir='ltr'>N.</span> <span class='ocrx_word' id='word_1_30' title='bbox 1016 609 1137 656; x_wconf 91' lang='lat' dir='ltr'>pape</span> <span class='ocrx_word' id='word_1_31' title='bbox 1167 593 1336 641; x_wconf 87' lang='lat' dir='ltr'>obtulit</span> <span class='ocrx_word' id='word_1_32' title='bbox 1360 592 1557 641; x_wconf 78' lang='lat' dir='ltr'>ducatos</span> <span class='ocrx_word' id='word_1_33' title='bbox 1577 609 1665 641; x_wconf 85' lang='lat' dir='ltr'>xxv</span> <span class='ocrx_word' id='word_1_34' title='bbox 1685 594 1787 642; x_wconf 87' lang='lat' dir='ltr'>auri</span> <span class='ocrx_word' id='word_1_35' title='bbox 1813 595 1862 643; x_wconf 92' lang='lat' dir='ltr'>in</span> <span class='ocrx_word' id='word_1_36' title='bbox 1889 611 2005 644; x_wconf 91' lang='lat' dir='ltr'>auro</span> <span class='ocrx_word' id='word_1_37' title='bbox 2032 596 2091 644; x_wconf 87' lang='lat' dir='ltr'>de</span> 
     </span>
     <span class='ocr_line' id='line_1_5' title="bbox 334 675 2092 739; baseline 0.001 -15"><span class='ocrx_word' id='word_1_38' title='bbox 334 692 523 724; x_wconf 81' lang='lat' dir='ltr'>camera</span> <span class='ocrx_word' id='word_1_39' title='bbox 554 693 562 722; x_wconf 92' lang='lat'>:</span> <span class='ocrx_word' id='word_1_40' title='bbox 593 679 703 739; x_wconf 89' lang='lat' dir='ltr'>post</span> <span class='ocrx_word' id='word_1_41' title='bbox 732 675 1004 738; x_wconf 88' lang='lat' dir='ltr'>prandium,</span> <span class='ocrx_word' id='word_1_42' title='bbox 1039 675 1166 723; x_wconf 90' lang='lat' dir='ltr'>circa</span> <span class='ocrx_word' id='word_1_43' title='bbox 1196 675 1363 724; x_wconf 92' lang='lat' dir='ltr'>horam</span> <span class='ocrx_word' id='word_1_44' title='bbox 1392 675 1671 739; x_wconf 78' lang='lat' dir='ltr'>vigesimam</span> <span class='ocrx_word' id='word_1_45' title='bbox 1704 691 1865 738; x_wconf 91' lang='lat' dir='ltr'>unam,</span> <span class='ocrx_word' id='word_1_46' title='bbox 1901 679 2092 728; x_wconf 88' lang='lat' dir='ltr'>fuerunt</span> 
     </span>
     <span class='ocr_line' id='line_1_6' title="bbox 330 757 2092 823; baseline 0.002 -16"><span class='ocrx_word' id='word_1_47' title='bbox 330 758 560 807; x_wconf 77' lang='lat' dir='ltr'>matutine</span> <span class='ocrx_word' id='word_1_48' title='bbox 585 757 891 806; x_wconf 87' lang='lat' dir='ltr'>tenebrarum</span> <span class='ocrx_word' id='word_1_49' title='bbox 919 757 967 805; x_wconf 90' lang='lat' dir='ltr'>in</span> <span class='ocrx_word' id='word_1_50' title='bbox 997 758 1179 822; x_wconf 88' lang='lat' dir='ltr'>capella</span> <span class='ocrx_word' id='word_1_51' title='bbox 1210 758 1440 822; x_wconf 89' lang='lat' dir='ltr'>predicta,</span> <span class='ocrx_word' id='word_1_52' title='bbox 1478 762 1606 823; x_wconf 86' lang='lat' dir='ltr'>Papa</span> <span class='ocrx_word' id='word_1_53' title='bbox 1631 760 1846 821; x_wconf 88' lang='lat' dir='ltr'>absente,</span> <span class='ocrx_word' id='word_1_54' title='bbox 1880 761 2092 810; x_wconf 88' lang='lat' dir='ltr'>cardina-</span> 
     </span>
     <span class='ocr_line' id='line_1_7' title="bbox 328 828 2088 905; baseline 0.001 -15"><span class='ocrx_word' id='word_1_55' title='bbox 328 842 453 890; x_wconf 89' lang='lat' dir='ltr'>libus</span> <span class='ocrx_word' id='word_1_56' title='bbox 472 841 793 905; x_wconf 75' lang='lat' dir='ltr'>presentibus.</span> <span class='ocrx_word' id='word_1_57' title='bbox 816 843 868 888; x_wconf 90' lang='lat' dir='ltr'>In</span> <span class='ocrx_word' id='word_1_58' title='bbox 890 841 1004 900; x_wconf 86' lang='lat' dir='ltr'>fine,</span> <span class='ocrx_word' id='word_1_59' title='bbox 1025 828 1276 890; x_wconf 87' lang='lat' dir='ltr'>cardinalis</span> <span class='ocrx_word' id='word_1_60' title='bbox 1305 842 1591 902; x_wconf 84' lang='lat' dir='ltr'>Parmensis,</span> <span class='ocrx_word' id='word_1_61' title='bbox 1619 859 1723 891; x_wconf 90' lang='lat' dir='ltr'>cras</span> <span class='ocrx_word' id='word_1_62' title='bbox 1745 843 2088 904; x_wconf 85' lang='lat' dir='ltr'>celebraturus,</span> 
     </span>
     <span class='ocr_line' id='line_1_8' title="bbox 328 924 2104 989; baseline 0.001 -17"><span class='ocrx_word' id='word_1_63' title='bbox 328 925 443 973; x_wconf 87' lang='lat' dir='ltr'>dixit</span> <span class='ocrx_word' id='word_1_64' title='bbox 471 924 736 973; x_wconf 89' lang='lat' dir='ltr'>orationem</span> <span class='ocrx_word' id='word_1_65' title='bbox 759 943 766 972; x_wconf 93' lang='lat'>:</span> <span class='ocrx_word' id='word_1_66' title='bbox 794 924 999 988; x_wconf 72' lang='lat' dir='ltr'>Respice,</span> <span class='ocrx_word' id='word_1_67' title='bbox 1023 941 1293 989; x_wconf 72' lang='lat' dir='ltr'>quesumus,</span> <span class='ocrx_word' id='word_1_68' title='bbox 1318 934 1444 974; x_wconf 81' lang='lat' dir='ltr'>etc...</span> <span class='ocrx_word' id='word_1_69' title='bbox 2101 936 2104 939; x_wconf 75' lang='grc'>’</span> 
     </span>
    </p>

    <p class='ocr_par' dir='ltr' id='par_1_3' title="bbox 323 1008 2093 1492">
     <span class='ocr_line' id='line_1_9' title="bbox 395 1008 2092 1072; baseline 0.001 -15"><span class='ocrx_word' id='word_1_70' title='bbox 395 1009 602 1057; x_wconf 90' lang='lat' dir='ltr'>Sabbato</span> <span class='ocrx_word' id='word_1_71' title='bbox 634 1013 816 1068; x_wconf 91' lang='lat' dir='ltr'>sancto,</span> <span class='ocrx_word' id='word_1_72' title='bbox 861 1013 887 1056; x_wconf 75' lang='lat'><strong>2</strong></span> <span class='ocrx_word' id='word_1_73' title='bbox 927 1008 1107 1056; x_wconf 88' lang='lat' dir='ltr'>mensis</span> <span class='ocrx_word' id='word_1_74' title='bbox 1153 1009 1331 1072; x_wconf 83' lang='lat' dir='ltr'>aprilis,</span> <span class='ocrx_word' id='word_1_75' title='bbox 1371 1012 1535 1058; x_wconf 91' lang='lat' dir='ltr'>Rmus.</span> <span class='ocrx_word' id='word_1_76' title='bbox 1586 1013 1645 1059; x_wconf 88' lang='lat' dir='ltr'>D.</span> <span class='ocrx_word' id='word_1_77' title='bbox 1687 1010 1937 1059; x_wconf 89' lang='lat' dir='ltr'>cardinalis</span> <span class='ocrx_word' id='word_1_78' title='bbox 1977 1013 2092 1060; x_wconf 90' lang='lat' dir='ltr'>Par-</span> 
     </span>
     <span class='ocr_line' id='line_1_10' title="bbox 327 1082 2092 1158; baseline 0.001 -17"><span class='ocrx_word' id='word_1_79' title='bbox 327 1093 508 1142; x_wconf 89' lang='lat' dir='ltr'>mensis</span> <span class='ocrx_word' id='word_1_80' title='bbox 548 1082 742 1157; x_wconf 89' lang='lat' dir='ltr'>paratus</span> <span class='ocrx_word' id='word_1_81' title='bbox 782 1096 853 1142; x_wconf 90' lang='lat' dir='ltr'>est</span> <span class='ocrx_word' id='word_1_82' title='bbox 891 1109 1025 1141; x_wconf 91' lang='lat' dir='ltr'>more</span> <span class='ocrx_word' id='word_1_83' title='bbox 1071 1093 1210 1141; x_wconf 88' lang='lat' dir='ltr'>solito</span> <span class='ocrx_word' id='word_1_84' title='bbox 1242 1109 1252 1141; x_wconf 90' lang='lat'>:</span> <span class='ocrx_word' id='word_1_85' title='bbox 1286 1093 1528 1144; x_wconf 85' lang='lat' dir='ltr'>benedixit</span> <span class='ocrx_word' id='word_1_86' title='bbox 1565 1094 1726 1158; x_wconf 86' lang='lat' dir='ltr'>ignem</span> <span class='ocrx_word' id='word_1_87' title='bbox 1767 1110 1957 1154; x_wconf 90' lang='lat' dir='ltr'>novum,</span> <span class='ocrx_word' id='word_1_88' title='bbox 1991 1098 2092 1143; x_wconf 90' lang='lat' dir='ltr'>tum</span> 
     </span>
     <span class='ocr_line' id='line_1_11' title="bbox 330 1176 2093 1242; baseline -0.001 -16"><span class='ocrx_word' id='word_1_89' title='bbox 330 1177 583 1226; x_wconf 87' lang='lat' dir='ltr'>celebravit</span> <span class='ocrx_word' id='word_1_90' title='bbox 623 1178 819 1225; x_wconf 90' lang='lat' dir='ltr'>missam</span> <span class='ocrx_word' id='word_1_91' title='bbox 860 1176 1144 1236; x_wconf 90' lang='lat' dir='ltr'>solemnem,</span> <span class='ocrx_word' id='word_1_92' title='bbox 1188 1180 1234 1224; x_wconf 92' lang='lat' dir='ltr'>et</span> <span class='ocrx_word' id='word_1_93' title='bbox 1269 1177 1361 1225; x_wconf 90' lang='lat' dir='ltr'>alia</span> <span class='ocrx_word' id='word_1_94' title='bbox 1387 1181 1530 1241; x_wconf 90' lang='lat' dir='ltr'>prout</span> <span class='ocrx_word' id='word_1_95' title='bbox 1564 1178 1612 1225; x_wconf 92' lang='lat' dir='ltr'>in</span> <span class='ocrx_word' id='word_1_96' title='bbox 1657 1177 1916 1236; x_wconf 91' lang='lat' dir='ltr'>ordinario,</span> <span class='ocrx_word' id='word_1_97' title='bbox 1963 1179 2093 1242; x_wconf 86' lang='lat' dir='ltr'>Papa</span> 
     </span>
     <span class='ocr_line' id='line_1_12' title="bbox 324 1259 2093 1324; baseline 0 -16"><span class='ocrx_word' id='word_1_98' title='bbox 324 1260 544 1314; x_wconf 87' lang='lat' dir='ltr'>absente,</span> <span class='ocrx_word' id='word_1_99' title='bbox 577 1260 896 1308; x_wconf 86' lang='lat' dir='ltr'>cardinalibus</span> <span class='ocrx_word' id='word_1_100' title='bbox 924 1259 1242 1323; x_wconf 88' lang='lat' dir='ltr'>presentibus.</span> <span class='ocrx_word' id='word_1_101' title='bbox 1276 1259 1534 1308; x_wconf 90' lang='lat' dir='ltr'>Observata</span> <span class='ocrx_word' id='word_1_102' title='bbox 1561 1265 1667 1308; x_wconf 90' lang='lat' dir='ltr'>sunt</span> <span class='ocrx_word' id='word_1_103' title='bbox 1693 1259 1854 1308; x_wconf 90' lang='lat' dir='ltr'>omnia</span> <span class='ocrx_word' id='word_1_104' title='bbox 1882 1265 2024 1324; x_wconf 85' lang='lat' dir='ltr'>prout</span> <span class='ocrx_word' id='word_1_105' title='bbox 2042 1260 2093 1308; x_wconf 90' lang='lat' dir='ltr'>in</span> 
     </span>
     <span class='ocr_line' id='line_1_13' title="bbox 326 1330 2092 1407; baseline -0.002 -14"><span class='ocrx_word' id='word_1_106' title='bbox 326 1344 634 1393; x_wconf 86' lang='lat' dir='ltr'>ceremoniali</span> <span class='ocrx_word' id='word_1_107' title='bbox 676 1343 948 1392; x_wconf 88' lang='lat' dir='ltr'>ordinatum</span> <span class='ocrx_word' id='word_1_108' title='bbox 994 1334 1089 1402; x_wconf 30' lang='lat' dir='ltr'>es&#39;t;</span> <span class='ocrx_word' id='word_1_109' title='bbox 1138 1343 1357 1391; x_wconf 89' lang='lat' dir='ltr'>nonfuit</span> <span class='ocrx_word' id='word_1_110' title='bbox 1395 1343 1436 1392; x_wconf 89' lang='lat' dir='ltr'>ei</span> <span class='ocrx_word' id='word_1_111' title='bbox 1483 1331 1824 1392; x_wconf 83' lang='lat' dir='ltr'>annunciatum</span> <span class='ocrx_word' id='word_1_112' title='bbox 1870 1330 2092 1407; x_wconf 85' lang='lat' dir='ltr'>gaudium</span> 
     </span>
     <span class='ocr_line' id='line_1_14' title="bbox 323 1425 1902 1492; baseline -0.002 -17"><span class='ocrx_word' id='word_1_113' title='bbox 323 1443 551 1492; x_wconf 84' lang='lat' dir='ltr'>magnum</span> <span class='ocrx_word' id='word_1_114' title='bbox 570 1428 698 1491; x_wconf 90' lang='lat' dir='ltr'>quod</span> <span class='ocrx_word' id='word_1_115' title='bbox 719 1432 790 1476; x_wconf 89' lang='lat' dir='ltr'>est</span> <span class='ocrx_word' id='word_1_116' title='bbox 812 1426 1019 1487; x_wconf 91' lang='lat' dir='ltr'>alleluia,</span> <span class='ocrx_word' id='word_1_117' title='bbox 1045 1426 1157 1489; x_wconf 88' lang='lat' dir='ltr'>quia</span> <span class='ocrx_word' id='word_1_118' title='bbox 1172 1429 1296 1490; x_wconf 86' lang='lat' dir='ltr'>Pape</span> <span class='ocrx_word' id='word_1_119' title='bbox 1316 1430 1501 1475; x_wconf 91' lang='lat' dir='ltr'>tantum</span> <span class='ocrx_word' id='word_1_120' title='bbox 1525 1427 1647 1475; x_wconf 90' lang='lat' dir='ltr'>solet</span> <span class='ocrx_word' id='word_1_121' title='bbox 1667 1425 1902 1474; x_wconf 90' lang='lat' dir='ltr'>nunciari.</span> 
     </span>
    </p>

    <p class='ocr_par' dir='ltr' id='par_1_4' title="bbox 319 1494 2093 2238">
     <span class='ocr_line' id='line_1_15' title="bbox 390 1494 2093 1574; baseline -0.001 -16"><span class='ocrx_word' id='word_1_122' title='bbox 390 1510 640 1559; x_wconf 90' lang='lat' dir='ltr'>Dominica</span> <span class='ocrx_word' id='word_1_123' title='bbox 656 1510 839 1559; x_wconf 88' lang='lat' dir='ltr'>Pasche</span> <span class='ocrx_word' id='word_1_124' title='bbox 861 1509 1310 1565; x_wconf 83' lang='lat' dir='ltr'>resurrectionisD.</span> <span class='ocrx_word' id='word_1_125' title='bbox 1336 1512 1392 1558; x_wconf 91' lang='lat' dir='ltr'>N.</span> <span class='ocrx_word' id='word_1_126' title='bbox 1419 1513 1461 1558; x_wconf 89' lang='lat' dir='ltr'>J.</span> <span class='ocrx_word' id='word_1_127' title='bbox 1491 1510 1681 1569; x_wconf 87' lang='lat' dir='ltr'>Christi,</span> <span class='ocrx_word' id='word_1_128' title='bbox 1701 1512 1865 1558; x_wconf 90' lang='lat' dir='ltr'>Rmus.</span> <span class='ocrx_word' id='word_1_129' title='bbox 1888 1511 1945 1557; x_wconf 90' lang='lat' dir='ltr'>D.</span> <span class='ocrx_word' id='word_1_130' title='bbox 1967 1494 2093 1574; x_wconf 35' lang='lat' dir='ltr'>&#39;epis-</span> 
     </span>
     <span class='ocr_line' id='line_1_16' title="bbox 324 1580 2090 1657; baseline -0.001 -16"><span class='ocrx_word' id='word_1_131' title='bbox 324 1608 472 1657; x_wconf 92' lang='lat' dir='ltr'>copus</span> <span class='ocrx_word' id='word_1_132' title='bbox 505 1580 781 1642; x_wconf 85' lang='lat' dir='ltr'>Portuensis</span> <span class='ocrx_word' id='word_1_133' title='bbox 813 1582 1065 1641; x_wconf 87' lang='lat' dir='ltr'>cardinalis</span> <span class='ocrx_word' id='word_1_134' title='bbox 1095 1591 1530 1653; x_wconf 83' lang='lat' dir='ltr'>vicecancellarius,</span> <span class='ocrx_word' id='word_1_135' title='bbox 1570 1593 1619 1641; x_wconf 93' lang='lat' dir='ltr'>in</span> <span class='ocrx_word' id='word_1_136' title='bbox 1653 1593 1849 1642; x_wconf 87' lang='lat' dir='ltr'>basilica</span> <span class='ocrx_word' id='word_1_137' title='bbox 1887 1609 1925 1641; x_wconf 91' lang='lat' dir='ltr'>s.</span> <span class='ocrx_word' id='word_1_138' title='bbox 1963 1592 2090 1642; x_wconf 88' lang='lat' dir='ltr'>Petri</span> 
     </span>
     <span class='ocr_line' id='line_1_17' title="bbox 326 1676 2092 1741; baseline 0 -17"><span class='ocrx_word' id='word_1_139' title='bbox 326 1676 582 1725; x_wconf 87' lang='lat' dir='ltr'>celebravit</span> <span class='ocrx_word' id='word_1_140' title='bbox 606 1676 803 1724; x_wconf 87' lang='lat' dir='ltr'>missam</span> <span class='ocrx_word' id='word_1_141' title='bbox 832 1676 1116 1735; x_wconf 89' lang='lat' dir='ltr'>solemnem,</span> <span class='ocrx_word' id='word_1_142' title='bbox 1148 1677 1276 1739; x_wconf 88' lang='lat' dir='ltr'>Papa</span> <span class='ocrx_word' id='word_1_143' title='bbox 1304 1676 1521 1737; x_wconf 88' lang='lat' dir='ltr'>absente,</span> <span class='ocrx_word' id='word_1_144' title='bbox 1547 1677 1866 1725; x_wconf 87' lang='lat' dir='ltr'>cardinalibus</span> <span class='ocrx_word' id='word_1_145' title='bbox 1892 1691 2092 1741; x_wconf 85' lang='lat' dir='ltr'>presen-</span> 
     </span>
     <span class='ocr_line' id='line_1_18' title="bbox 325 1745 2093 1822; baseline 0 -16"><span class='ocrx_word' id='word_1_146' title='bbox 325 1759 466 1818; x_wconf 86' lang='lat' dir='ltr'>tibus,</span> <span class='ocrx_word' id='word_1_147' title='bbox 492 1763 539 1807; x_wconf 92' lang='lat' dir='ltr'>et</span> <span class='ocrx_word' id='word_1_148' title='bbox 565 1759 809 1807; x_wconf 91' lang='lat' dir='ltr'>neminem</span> <span class='ocrx_word' id='word_1_149' title='bbox 841 1762 1003 1822; x_wconf 90' lang='lat' dir='ltr'>preter</span> <span class='ocrx_word' id='word_1_150' title='bbox 1039 1773 1090 1806; x_wconf 94' lang='lat' dir='ltr'>se</span> <span class='ocrx_word' id='word_1_151' title='bbox 1125 1758 1514 1807; x_wconf 82' lang='lat' dir='ltr'>communicavit.</span> <span class='ocrx_word' id='word_1_152' title='bbox 1561 1759 1715 1807; x_wconf 91' lang='lat' dir='ltr'>Finita</span> <span class='ocrx_word' id='word_1_153' title='bbox 1745 1745 1908 1818; x_wconf 81' lang='lat' dir='ltr'>missa,</span> <span class='ocrx_word' id='word_1_154' title='bbox 1942 1759 2093 1807; x_wconf 87' lang='lat' dir='ltr'>cardi-</span> 
     </span>
     <span class='ocr_line' id='line_1_19' title="bbox 324 1841 2091 1906; baseline 0 -16"><span class='ocrx_word' id='word_1_155' title='bbox 324 1842 457 1890; x_wconf 91' lang='lat' dir='ltr'>nales</span> <span class='ocrx_word' id='word_1_156' title='bbox 495 1842 543 1889; x_wconf 90' lang='lat' dir='ltr'>in</span> <span class='ocrx_word' id='word_1_157' title='bbox 577 1857 745 1890; x_wconf 90' lang='lat' dir='ltr'>eorum</span> <span class='ocrx_word' id='word_1_158' title='bbox 784 1842 946 1905; x_wconf 85' lang='lat' dir='ltr'>cappis</span> <span class='ocrx_word' id='word_1_159' title='bbox 992 1841 1311 1889; x_wconf 86' lang='lat' dir='ltr'>ascenderunt</span> <span class='ocrx_word' id='word_1_160' title='bbox 1353 1841 1413 1889; x_wconf 92' lang='lat' dir='ltr'>ad</span> <span class='ocrx_word' id='word_1_161' title='bbox 1452 1842 1729 1906; x_wconf 86' lang='lat' dir='ltr'>pontificem</span> <span class='ocrx_word' id='word_1_162' title='bbox 1770 1842 1909 1906; x_wconf 85' lang='lat' dir='ltr'>logiis</span> <span class='ocrx_word' id='word_1_163' title='bbox 1947 1856 2091 1906; x_wconf 86' lang='lat' dir='ltr'>supra</span> 
     </span>
     <span class='ocr_line' id='line_1_20' title="bbox 323 1912 2090 1989; baseline -0.001 -16"><span class='ocrx_word' id='word_1_164' title='bbox 323 1930 510 1989; x_wconf 83' lang='lat' dir='ltr'>portam</span> <span class='ocrx_word' id='word_1_165' title='bbox 553 1919 712 1989; x_wconf 88' lang='lat' dir='ltr'>palatii</span> <span class='ocrx_word' id='word_1_166' title='bbox 752 1925 1088 1984; x_wconf 81' lang='lat' dir='ltr'>existentibus3</span> <span class='ocrx_word' id='word_1_167' title='bbox 1132 1925 1212 1988; x_wconf 92' lang='lat' dir='ltr'>qui</span> <span class='ocrx_word' id='word_1_168' title='bbox 1251 1912 1463 1988; x_wconf 81' lang='lat' dir='ltr'>pontifex</span> <span class='ocrx_word' id='word_1_169' title='bbox 1504 1925 1675 1972; x_wconf 91' lang='lat' dir='ltr'>stolam</span> <span class='ocrx_word' id='word_1_170' title='bbox 1713 1925 1897 1974; x_wconf 86' lang='lat' dir='ltr'>habens</span> <span class='ocrx_word' id='word_1_171' title='bbox 1947 1941 2090 1989; x_wconf 84' lang='lat' dir='ltr'>supra</span> 
     </span>
     <span class='ocr_line' id='line_1_21' title="bbox 323 1999 2088 2072; baseline -0.001 -15"><span class='ocrx_word' id='word_1_172' title='bbox 323 2010 574 2058; x_wconf 90' lang='lat' dir='ltr'>rochetum</span> <span class='ocrx_word' id='word_1_173' title='bbox 611 2014 657 2057; x_wconf 93' lang='lat' dir='ltr'>et</span> <span class='ocrx_word' id='word_1_174' title='bbox 700 2009 889 2056; x_wconf 88' lang='lat' dir='ltr'>mitram</span> <span class='ocrx_word' id='word_1_175' title='bbox 932 2008 1197 2072; x_wconf 88' lang='lat' dir='ltr'>simplicem</span> <span class='ocrx_word' id='word_1_176' title='bbox 1230 2008 1422 2071; x_wconf 88' lang='lat' dir='ltr'>planam</span> <span class='ocrx_word' id='word_1_177' title='bbox 1457 1999 1511 2056; x_wconf 91' lang='lat' dir='ltr'>ac</span> <span class='ocrx_word' id='word_1_178' title='bbox 1542 2008 1739 2056; x_wconf 88' lang='lat' dir='ltr'>barbam</span> <span class='ocrx_word' id='word_1_179' title='bbox 1773 2008 1986 2072; x_wconf 86' lang='lat' dir='ltr'>longam,</span> <span class='ocrx_word' id='word_1_180' title='bbox 2031 2023 2088 2057; x_wconf 86' lang='lat' dir='ltr'>ex</span> 
     </span>
     <span class='ocr_line' id='line_1_22' title="bbox 322 2090 2084 2155; baseline -0.001 -15"><span class='ocrx_word' id='word_1_181' title='bbox 322 2093 534 2142; x_wconf 84' lang='lat' dir='ltr'>fenestra</span> <span class='ocrx_word' id='word_1_182' title='bbox 574 2092 740 2140; x_wconf 85' lang='lat' dir='ltr'>ultima</span> <span class='ocrx_word' id='word_1_183' title='bbox 791 2108 954 2141; x_wconf 90' lang='lat' dir='ltr'>versus</span> <span class='ocrx_word' id='word_1_184' title='bbox 1000 2091 1349 2140; x_wconf 88' lang='lat' dir='ltr'>benedictionis</span> <span class='ocrx_word' id='word_1_185' title='bbox 1389 2090 1567 2151; x_wconf 90' lang='lat' dir='ltr'>locum,</span> <span class='ocrx_word' id='word_1_186' title='bbox 1609 2091 1785 2155; x_wconf 90' lang='lat' dir='ltr'>populo</span> <span class='ocrx_word' id='word_1_187' title='bbox 1823 2090 2084 2151; x_wconf 86' lang='lat' dir='ltr'>benedixit,</span> 
     </span>
     <span class='ocr_line' id='line_1_23' title="bbox 319 2174 1896 2238; baseline -0.001 -15"><span class='ocrx_word' id='word_1_188' title='bbox 319 2176 437 2223; x_wconf 87' lang='lat' dir='ltr'>nihil</span> <span class='ocrx_word' id='word_1_189' title='bbox 458 2179 618 2224; x_wconf 88' lang='lat' dir='ltr'>tamen</span> <span class='ocrx_word' id='word_1_190' title='bbox 640 2175 735 2223; x_wconf 88' lang='lat' dir='ltr'>alta</span> <span class='ocrx_word' id='word_1_191' title='bbox 753 2191 869 2224; x_wconf 88' lang='lat' dir='ltr'>voce</span> <span class='ocrx_word' id='word_1_192' title='bbox 891 2175 1055 2223; x_wconf 90' lang='lat' dir='ltr'>dicens</span> <span class='ocrx_word' id='word_1_193' title='bbox 1070 2211 1080 2222; x_wconf 94' lang='lat'><strong>.</strong></span> <span class='ocrx_word' id='word_1_194' title='bbox 1112 2175 1219 2222; x_wconf 88' lang='lat' dir='ltr'>Fuit</span> <span class='ocrx_word' id='word_1_195' title='bbox 1240 2174 1315 2222; x_wconf 91' lang='lat' dir='ltr'>die</span> <span class='ocrx_word' id='word_1_196' title='bbox 1338 2176 1364 2221; x_wconf 86' lang='lat'><strong>3</strong></span> <span class='ocrx_word' id='word_1_197' title='bbox 1385 2174 1497 2222; x_wconf 92' lang='lat' dir='ltr'>dicti</span> <span class='ocrx_word' id='word_1_198' title='bbox 1517 2174 1698 2223; x_wconf 91' lang='lat' dir='ltr'>mensis</span> <span class='ocrx_word' id='word_1_199' title='bbox 1720 2174 1896 2238; x_wconf 89' lang='lat' dir='ltr'>aprilis.</span> 
     </span>
    </p>

    <p class='ocr_par' dir='ltr' id='par_1_5' title="bbox 317 2256 2086 2571">
     <span class='ocr_line' id='line_1_24' title="bbox 387 2256 2085 2320; baseline 0 -14"><span class='ocrx_word' id='word_1_200' title='bbox 387 2259 526 2307; x_wconf 90' lang='lat' dir='ltr'>Feria</span> <span class='ocrx_word' id='word_1_201' title='bbox 564 2258 777 2307; x_wconf 89' lang='lat' dir='ltr'>secunda</span> <span class='ocrx_word' id='word_1_202' title='bbox 814 2258 1017 2316; x_wconf 89' lang='lat' dir='ltr'>Pasche,</span> <span class='ocrx_word' id='word_1_203' title='bbox 1049 2261 1076 2304; x_wconf 84' lang='lat'><strong>4</strong></span> <span class='ocrx_word' id='word_1_204' title='bbox 1104 2257 1282 2306; x_wconf 87' lang='lat' dir='ltr'>mensis</span> <span class='ocrx_word' id='word_1_205' title='bbox 1319 2257 1497 2320; x_wconf 88' lang='lat' dir='ltr'>aprilis,</span> <span class='ocrx_word' id='word_1_206' title='bbox 1537 2260 1701 2305; x_wconf 89' lang='lat' dir='ltr'>Rmus.</span> <span class='ocrx_word' id='word_1_207' title='bbox 1737 2260 1793 2305; x_wconf 93' lang='lat' dir='ltr'>D.</span> <span class='ocrx_word' id='word_1_208' title='bbox 1834 2256 2085 2306; x_wconf 84' lang='lat' dir='ltr'>cardinalis</span> 
     </span>
     <span class='ocr_line' id='line_1_25' title="bbox 318 2339 2086 2398; baseline -0.001 -9"><span class='ocrx_word' id='word_1_209' title='bbox 318 2341 685 2389; x_wconf 89' lang='lat' dir='ltr'>Mediolanensis</span> <span class='ocrx_word' id='word_1_210' title='bbox 719 2340 990 2398; x_wconf 90' lang='lat' dir='ltr'>celebravit,</span> <span class='ocrx_word' id='word_1_211' title='bbox 1034 2339 1073 2386; x_wconf 90' lang='lat' dir='ltr'>si</span> <span class='ocrx_word' id='word_1_212' title='bbox 1101 2344 1230 2387; x_wconf 87' lang='lat' dir='ltr'>recte</span> <span class='ocrx_word' id='word_1_213' title='bbox 1259 2339 1474 2398; x_wconf 90' lang='lat' dir='ltr'>memini,</span> <span class='ocrx_word' id='word_1_214' title='bbox 1506 2341 1704 2388; x_wconf 88' lang='lat' dir='ltr'>missam</span> <span class='ocrx_word' id='word_1_215' title='bbox 1737 2340 2002 2388; x_wconf 90' lang='lat' dir='ltr'>solemnem</span> <span class='ocrx_word' id='word_1_216' title='bbox 2037 2340 2086 2388; x_wconf 89' lang='lat' dir='ltr'>in</span> 
     </span>
     <span class='ocr_line' id='line_1_26' title="bbox 319 2421 2077 2488; baseline -0.002 -15"><span class='ocrx_word' id='word_1_217' title='bbox 319 2425 502 2488; x_wconf 90' lang='lat' dir='ltr'>capella</span> <span class='ocrx_word' id='word_1_218' title='bbox 520 2425 703 2487; x_wconf 86' lang='lat' dir='ltr'>majore</span> <span class='ocrx_word' id='word_1_219' title='bbox 720 2422 881 2486; x_wconf 89' lang='lat' dir='ltr'>palatii</span> <span class='ocrx_word' id='word_1_220' title='bbox 903 2421 1177 2485; x_wconf 85' lang='lat' dir='ltr'>supradicti,</span> <span class='ocrx_word' id='word_1_221' title='bbox 1203 2425 1332 2485; x_wconf 88' lang='lat' dir='ltr'>Papa</span> <span class='ocrx_word' id='word_1_222' title='bbox 1351 2426 1396 2470; x_wconf 91' lang='lat' dir='ltr'>et</span> <span class='ocrx_word' id='word_1_223' title='bbox 1416 2423 1736 2470; x_wconf 87' lang='lat' dir='ltr'>cardinalibus</span> <span class='ocrx_word' id='word_1_224' title='bbox 1757 2422 2077 2486; x_wconf 89' lang='lat' dir='ltr'>presentibus,</span> 
     </span>
     <span class='ocr_line' id='line_1_27' title="bbox 317 2505 1388 2571; baseline -0.004 -15"><span class='ocrx_word' id='word_1_225' title='bbox 317 2508 363 2555; x_wconf 90' lang='lat' dir='ltr'>in</span> <span class='ocrx_word' id='word_1_226' title='bbox 384 2523 477 2571; x_wconf 90' lang='lat' dir='ltr'>qua</span> <span class='ocrx_word' id='word_1_227' title='bbox 497 2507 658 2556; x_wconf 90' lang='lat' dir='ltr'>omnia</span> <span class='ocrx_word' id='word_1_228' title='bbox 678 2506 926 2554; x_wconf 90' lang='lat' dir='ltr'>observata</span> <span class='ocrx_word' id='word_1_229' title='bbox 948 2507 1058 2552; x_wconf 87' lang='lat' dir='ltr'>sunt</span> <span class='ocrx_word' id='word_1_230' title='bbox 1078 2520 1211 2552; x_wconf 90' lang='lat' dir='ltr'>more</span> <span class='ocrx_word' id='word_1_231' title='bbox 1232 2505 1388 2553; x_wconf 91' lang='lat' dir='ltr'>solito.</span> 
     </span>
    </p>

    <p class='ocr_par' dir='ltr' id='par_1_6' title="bbox 313 2586 2095 2906">
     <span class='ocr_line' id='line_1_28' title="bbox 381 2586 2082 2651; baseline -0.001 -12"><span class='ocrx_word' id='word_1_232' title='bbox 381 2591 518 2640; x_wconf 92' lang='lat' dir='ltr'>Feria</span> <span class='ocrx_word' id='word_1_233' title='bbox 542 2589 682 2639; x_wconf 89' lang='lat' dir='ltr'>tertia</span> <span class='ocrx_word' id='word_1_234' title='bbox 710 2588 913 2647; x_wconf 90' lang='lat' dir='ltr'>Pasche,</span> <span class='ocrx_word' id='word_1_235' title='bbox 944 2586 970 2636; x_wconf 79' lang='lat'>5</span> <span class='ocrx_word' id='word_1_236' title='bbox 999 2588 1109 2636; x_wconf 92' lang='lat' dir='ltr'>dicti</span> <span class='ocrx_word' id='word_1_237' title='bbox 1140 2587 1319 2636; x_wconf 90' lang='lat' dir='ltr'>mensis</span> <span class='ocrx_word' id='word_1_238' title='bbox 1347 2588 1523 2651; x_wconf 89' lang='lat' dir='ltr'>aprilis,</span> <span class='ocrx_word' id='word_1_239' title='bbox 1549 2591 1712 2636; x_wconf 89' lang='lat' dir='ltr'>Rmus.</span> <span class='ocrx_word' id='word_1_240' title='bbox 1741 2591 1798 2636; x_wconf 92' lang='lat' dir='ltr'>D.</span> <span class='ocrx_word' id='word_1_241' title='bbox 1827 2588 2082 2638; x_wconf 88' lang='lat' dir='ltr'>cardinalis</span> 
     </span>
     <span class='ocr_line' id='line_1_29' title="bbox 316 2670 2082 2738; baseline -0.002 -14"><span class='ocrx_word' id='word_1_242' title='bbox 316 2674 693 2738; x_wconf 84' lang='lat' dir='ltr'>Portugalensis,</span> <span class='ocrx_word' id='word_1_243' title='bbox 735 2673 772 2720; x_wconf 90' lang='lat' dir='ltr'>si</span> <span class='ocrx_word' id='word_1_244' title='bbox 812 2673 935 2720; x_wconf 90' lang='lat' dir='ltr'>bene</span> <span class='ocrx_word' id='word_1_245' title='bbox 976 2670 1192 2730; x_wconf 90' lang='lat' dir='ltr'>memini,</span> <span class='ocrx_word' id='word_1_246' title='bbox 1235 2671 1282 2718; x_wconf 91' lang='lat' dir='ltr'>in</span> <span class='ocrx_word' id='word_1_247' title='bbox 1316 2686 1467 2735; x_wconf 89' lang='lat' dir='ltr'>cappa</span> <span class='ocrx_word' id='word_1_248' title='bbox 1513 2672 1783 2736; x_wconf 90' lang='lat' dir='ltr'>supradicta</span> <span class='ocrx_word' id='word_1_249' title='bbox 1826 2673 2082 2722; x_wconf 86' lang='lat' dir='ltr'>celebravit</span> 
     </span>
     <span class='ocr_line' id='line_1_30' title="bbox 315 2754 2095 2819; baseline -0.002 -12"><span class='ocrx_word' id='word_1_250' title='bbox 315 2758 511 2807; x_wconf 90' lang='lat' dir='ltr'>missam</span> <span class='ocrx_word' id='word_1_251' title='bbox 538 2757 821 2816; x_wconf 89' lang='lat' dir='ltr'>solemnem,</span> <span class='ocrx_word' id='word_1_252' title='bbox 854 2754 1094 2803; x_wconf 86' lang='lat' dir='ltr'>consuetis</span> <span class='ocrx_word' id='word_1_253' title='bbox 1123 2754 1425 2815; x_wconf 89' lang='lat' dir='ltr'>ceremoniis,</span> <span class='ocrx_word' id='word_1_254' title='bbox 1459 2758 1584 2819; x_wconf 87' lang='lat' dir='ltr'>Papa</span> <span class='ocrx_word' id='word_1_255' title='bbox 1611 2756 1826 2815; x_wconf 89' lang='lat' dir='ltr'>absente,</span> <span class='ocrx_word' id='word_1_256' title='bbox 1860 2756 2095 2806; x_wconf 88' lang='lat' dir='ltr'>cardina-.</span> 
     </span>
     <span class='ocr_line' id='line_1_31' title="bbox 313 2840 778 2906; baseline -0.006 -16"><span class='ocrx_word' id='word_1_257' title='bbox 313 2842 437 2891; x_wconf 90' lang='lat' dir='ltr'>libus</span> <span class='ocrx_word' id='word_1_258' title='bbox 459 2840 778 2906; x_wconf 88' lang='lat' dir='ltr'>presentibus.</span> 
     </span>
    </p>

    <p class='ocr_par' dir='ltr' id='par_1_7' title="bbox 311 2921 2078 3486">
     <span class='ocr_line' id='line_1_32' title="bbox 379 2921 2078 2992; baseline -0.002 -18"><span class='ocrx_word' id='word_1_259' title='bbox 379 2926 516 2976; x_wconf 89' lang='lat' dir='ltr'>Feria</span> <span class='ocrx_word' id='word_1_260' title='bbox 550 2925 732 2989; x_wconf 89' lang='lat' dir='ltr'>quinta,</span> <span class='ocrx_word' id='word_1_261' title='bbox 779 2927 802 2971; x_wconf 89' lang='lat'><strong>7</strong></span> <span class='ocrx_word' id='word_1_262' title='bbox 842 2922 953 2970; x_wconf 90' lang='lat' dir='ltr'>dicti</span> <span class='ocrx_word' id='word_1_263' title='bbox 999 2921 1178 2970; x_wconf 87' lang='lat' dir='ltr'>mensis</span> <span class='ocrx_word' id='word_1_264' title='bbox 1221 2922 1382 2986; x_wconf 87' lang='lat' dir='ltr'>aprilis</span> <span class='ocrx_word' id='word_1_265' title='bbox 1433 2923 1725 2973; x_wconf 87' lang='lat' dir='ltr'>intraverunt</span> <span class='ocrx_word' id='word_1_266' title='bbox 1774 2924 1949 2992; x_wconf 89' lang='lat' dir='ltr'>Urbem</span> <span class='ocrx_word' id='word_1_267' title='bbox 1990 2938 2078 2988; x_wconf 91' lang='lat' dir='ltr'>per</span> 
     </span>
     <span class='ocr_line' id='line_1_33' title="bbox 313 3004 2078 3074; baseline -0.003 -15"><span class='ocrx_word' id='word_1_268' title='bbox 313 3014 500 3074; x_wconf 88' lang='lat' dir='ltr'>portam</span> <span class='ocrx_word' id='word_1_269' title='bbox 532 3007 738 3056; x_wconf 85' lang='lat' dir='ltr'>viridarii</span> <span class='ocrx_word' id='word_1_270' title='bbox 771 3022 837 3054; x_wconf 90' lang='lat' dir='ltr'>xn</span> <span class='ocrx_word' id='word_1_271' title='bbox 866 3010 1079 3054; x_wconf 89' lang='lat' dir='ltr'>oratores</span> <span class='ocrx_word' id='word_1_272' title='bbox 1104 3004 1236 3053; x_wconf 88' lang='lat' dir='ltr'>ducis</span> <span class='ocrx_word' id='word_1_273' title='bbox 1262 3006 1533 3066; x_wconf 80' lang='lat' dir='ltr'>JanuensiS,</span> <span class='ocrx_word' id='word_1_274' title='bbox 1564 3009 1647 3055; x_wconf 90' lang='lat' dir='ltr'><strong>SS.</strong></span> <span class='ocrx_word' id='word_1_275' title='bbox 1682 3009 1736 3054; x_wconf 91' lang='lat' dir='ltr'>D.</span> <span class='ocrx_word' id='word_1_276' title='bbox 1775 3010 1939 3054; x_wconf 87' lang='lat' dir='ltr'>nostro</span> <span class='ocrx_word' id='word_1_277' title='bbox 1966 3005 2078 3054; x_wconf 90' lang='lat' dir='ltr'>obe-</span> 
     </span>
     <span class='ocr_line' id='line_1_34' title="bbox 314 3087 2074 3143; baseline -0.002 -3"><span class='ocrx_word' id='word_1_278' title='bbox 314 3094 542 3142; x_wconf 87' lang='lat' dir='ltr'>dientiam</span> <span class='ocrx_word' id='word_1_279' title='bbox 564 3098 612 3142; x_wconf 90' lang='lat' dir='ltr'>et</span> <span class='ocrx_word' id='word_1_280' title='bbox 634 3090 949 3140; x_wconf 88' lang='lat' dir='ltr'>reverentiam</span> <span class='ocrx_word' id='word_1_281' title='bbox 977 3087 1248 3138; x_wconf 84' lang='lat' dir='ltr'>exhibituri.</span> <span class='ocrx_word' id='word_1_282' title='bbox 1279 3088 1366 3143; x_wconf 89' lang='lat' dir='ltr'>Qui</span> <span class='ocrx_word' id='word_1_283' title='bbox 1394 3103 1421 3135; x_wconf 91' lang='lat' dir='ltr'>a</span> <span class='ocrx_word' id='word_1_284' title='bbox 1447 3087 1637 3135; x_wconf 90' lang='lat' dir='ltr'>familiis</span> <span class='ocrx_word' id='word_1_285' title='bbox 1660 3089 1742 3136; x_wconf 91' lang='lat' dir='ltr'><strong>SS.</strong></span> <span class='ocrx_word' id='word_1_286' title='bbox 1769 3091 1824 3136; x_wconf 91' lang='lat' dir='ltr'>D.</span> <span class='ocrx_word' id='word_1_287' title='bbox 1850 3088 1999 3137; x_wconf 86' lang='lat' dir='ltr'>nostri</span> <span class='ocrx_word' id='word_1_288' title='bbox 2019 3103 2074 3136; x_wconf 92' lang='lat' dir='ltr'>ac</span> 
     </span>
     <span class='ocr_line' id='line_1_35' title="bbox 315 3161 2077 3232; baseline -0.004 -9"><span class='ocrx_word' id='word_1_289' title='bbox 315 3179 604 3224; x_wconf 86' lang='lat' dir='ltr'>RRmorum.</span> <span class='ocrx_word' id='word_1_290' title='bbox 631 3175 729 3222; x_wconf 90' lang='lat' dir='ltr'><strong>DD.</strong></span> <span class='ocrx_word' id='word_1_291' title='bbox 761 3170 1072 3221; x_wconf 76' lang='lat' dir='ltr'>cardinalium</span> <span class='ocrx_word' id='word_1_292' title='bbox 1098 3163 1275 3232; x_wconf 88' lang='lat' dir='ltr'>recepti</span> <span class='ocrx_word' id='word_1_293' title='bbox 1303 3172 1430 3227; x_wconf 89' lang='lat' dir='ltr'>sunt,</span> <span class='ocrx_word' id='word_1_294' title='bbox 1458 3161 1609 3231; x_wconf 87' lang='lat' dir='ltr'>usque</span> <span class='ocrx_word' id='word_1_295' title='bbox 1643 3168 1703 3216; x_wconf 90' lang='lat' dir='ltr'>ad</span> <span class='ocrx_word' id='word_1_296' title='bbox 1727 3168 1922 3217; x_wconf 92' lang='lat' dir='ltr'>domum</span> <span class='ocrx_word' id='word_1_297' title='bbox 1943 3168 2077 3217; x_wconf 90' lang='lat' dir='ltr'>habi-</span> 
     </span>
     <span class='ocr_line' id='line_1_36' title="bbox 314 3245 2072 3322; baseline -0.003 -17"><span class='ocrx_word' id='word_1_298' title='bbox 314 3259 504 3306; x_wconf 85' lang='lat' dir='ltr'>tationis</span> <span class='ocrx_word' id='word_1_299' title='bbox 540 3257 679 3322; x_wconf 88' lang='lat' dir='ltr'>primi</span> <span class='ocrx_word' id='word_1_300' title='bbox 714 3261 959 3305; x_wconf 87' lang='lat' dir='ltr'>oratorum</span> <span class='ocrx_word' id='word_1_301' title='bbox 990 3245 1287 3311; x_wconf 82' lang='lat' dir='ltr'>eorumdem,</span> <span class='ocrx_word' id='word_1_302' title='bbox 1332 3251 1412 3314; x_wconf 91' lang='lat' dir='ltr'>qui</span> <span class='ocrx_word' id='word_1_303' title='bbox 1440 3251 1710 3314; x_wconf 89' lang='lat' dir='ltr'>hospitatus</span> <span class='ocrx_word' id='word_1_304' title='bbox 1743 3258 1815 3301; x_wconf 88' lang='lat' dir='ltr'>est</span> <span class='ocrx_word' id='word_1_305' title='bbox 1849 3253 1896 3300; x_wconf 92' lang='lat' dir='ltr'>in</span> <span class='ocrx_word' id='word_1_306' title='bbox 1929 3252 2072 3300; x_wconf 89' lang='lat' dir='ltr'>domo</span> 
     </span>
     <span class='ocr_line' id='line_1_37' title="bbox 312 3325 2071 3404; baseline -0.002 -18"><span class='ocrx_word' id='word_1_307' title='bbox 312 3340 452 3388; x_wconf 88' lang='lat' dir='ltr'>invidi</span> <span class='ocrx_word' id='word_1_308' title='bbox 483 3341 653 3404; x_wconf 90' lang='lat' dir='ltr'>prioris</span> <span class='ocrx_word' id='word_1_309' title='bbox 693 3340 791 3400; x_wconf 86' lang='lat' dir='ltr'>viri,</span> <span class='ocrx_word' id='word_1_310' title='bbox 825 3339 1053 3404; x_wconf 87' lang='lat' dir='ltr'>perversi,</span> <span class='ocrx_word' id='word_1_311' title='bbox 1089 3340 1146 3386; x_wconf 91' lang='lat' dir='ltr'>D.</span> <span class='ocrx_word' id='word_1_312' title='bbox 1171 3335 1347 3387; x_wconf 88' lang='lat' dir='ltr'>Urbani</span> <span class='ocrx_word' id='word_1_313' title='bbox 1383 3334 1441 3382; x_wconf 92' lang='lat' dir='ltr'>de</span> <span class='ocrx_word' id='word_1_314' title='bbox 1469 3334 1623 3383; x_wconf 89' lang='lat' dir='ltr'>Flisco</span> <span class='ocrx_word' id='word_1_315' title='bbox 1650 3336 1861 3400; x_wconf 90' lang='lat' dir='ltr'>episcopi</span> <span class='ocrx_word' id='word_1_316' title='bbox 1889 3325 2071 3403; x_wconf 89' lang='lat' dir='ltr'>Foroli-</span> 
     </span>
     <span class='ocr_line' id='line_1_38' title="bbox 311 3415 2070 3486; baseline -0.001 -19"><span class='ocrx_word' id='word_1_317' title='bbox 311 3421 501 3480; x_wconf 80' lang='lat' dir='ltr'>viensiS,</span> <span class='ocrx_word' id='word_1_318' title='bbox 536 3423 619 3470; x_wconf 85' lang='lat' dir='ltr'><strong>SS.</strong></span> <span class='ocrx_word' id='word_1_319' title='bbox 658 3425 714 3470; x_wconf 92' lang='lat' dir='ltr'>D.</span> <span class='ocrx_word' id='word_1_320' title='bbox 751 3415 806 3472; x_wconf 86' lang='lat' dir='ltr'><strong>N.</strong></span> <span class='ocrx_word' id='word_1_321' title='bbox 841 3438 963 3486; x_wconf 89' lang='lat' dir='ltr'>pape</span> <span class='ocrx_word' id='word_1_322' title='bbox 993 3419 1301 3471; x_wconf 86' lang='lat' dir='ltr'>referendarii</span> <span class='ocrx_word' id='word_1_323' title='bbox 1336 3417 1601 3478; x_wconf 85' lang='lat' dir='ltr'>domestici,</span> <span class='ocrx_word' id='word_1_324' title='bbox 1637 3418 1903 3468; x_wconf 85' lang='lat' dir='ltr'>honorifice</span> <span class='ocrx_word' id='word_1_325' title='bbox 1936 3433 2070 3467; x_wconf 88' lang='lat' dir='ltr'>asso-</span> 
     </span>
    </p>
   </div>
  </div>
 </body>
</html>
