2262 3958
157 327 375 374 [Avr111489]
603 325 773 363 RERUM
806 325 1114 365 URBANARUM
1151 325 1505 364 COMMENTARII.
1880 329 1952 365 347

156 433 326 493 rentia,
347 429 615 480 cardinales
631 434 679 478 et
708 429 880 494 prelati
911 445 1081 478 omnes
1101 429 1393 493 acceperunt
1427 432 1729 493 paramenta,
1753 433 1801 477 et
1823 431 1951 492 Papa

153 515 326 565 sedens
347 514 451 562 sine
488 514 630 563 mitra
652 519 853 579 propter
878 514 1196 572 debilitatem,
1235 513 1560 561 cardinalibus
1594 518 1642 562 et
1683 513 1789 562 aliis
1813 517 1947 561 stan-

150 599 295 659 tibus,
313 598 558 647 benedixit
578 598 763 662 palmas
781 598 828 644 in
850 598 1027 661 angulo
1050 597 1234 661 capelle
1255 597 1315 645 ad
1335 597 1438 661 ejus
1457 597 1702 645 sinistram
1726 601 1940 662 parataS,

153 682 328 732 deinde
358 682 565 747 aspersit
591 686 640 730 et
674 681 938 730 incensavit
969 699 977 728 z
1013 682 1187 744 quibus
1225 681 1506 741 incensatis,
1547 681 1664 729 dixit
1707 681 1949 730 submissa

153 782 295 826 voce,
325 771 377 815 ut
397 765 549 830 prius,
585 764 856 814 orationem
882 781 892 812 :
916 764 1050 811 Deus·
1086 765 1169 828 qui
1195 764 1353 828 filium
1383 772 1534 825 tecum,
1566 769 1707 828 prout
1743 766 1792 813 in
1823 765 1949 813 ordi-

155 851 308 900 nario,
329 853 453 900 Tum
471 850 613 909 sedit,
638 852 840 912 accepta
860 847 1018 907 mitra,
1041 851 1088 896 et
1108 847 1535 896 vicecancellarius
1557 848 1796 896 distribuit
1820 852 1948 913 Pape

156 939 254 984 tres
278 935 483 1000 palmaS‚
519 933 638 982 duas
664 947 865 996 magnas
896 934 943 979 et
977 946 1124 979 unam
1150 946 1347 994 parvam
1376 948 1386 979 ε
1415 930 1622 995 primam
1659 931 1790 978 dedit
1819 933 1950 995 Papa

155 1018 311 1084 primo
345 1015 526 1065 oratori
574 1015 702 1079 regis
740 1015 968 1080 Hispanie
1009 1014 1090 1078 qui
1126 1029 1256 1062 nona
1293 1014 1438 1078 hujus
1471 1014 1616 1074 venit,
1661 1015 1943 1074 secundam,

153 1100 318 1166 nepoti
339 1100 529 1150 cuidam
562 1100 687 1147 Rmi.
730 1102 788 1148 D.
819 1097 1076 1146 cardinalis
1110 1097 1411 1162 Neapolitani
1434 1113 1462 1145 a
1483 1096 1688 1147 sinistris
1710 1096 1947 1146 tenendas

155 1190 203 1238 et
221 1186 412 1236 tertiam
446 1188 506 1234 D.
541 1184 842 1234 Bernardino
870 1198 957 1231 suo
990 1186 1179 1231 secreto
1216 1181 1533 1230 cubiculario.
1570 1184 1709 1239 Tum,
1744 1185 1946 1245 accepto

157 1270 378 1336 gremiali
412 1269 650 1318 distribuit
682 1268 906 1318 omnibus
939 1270 1079 1332 prout
1110 1267 1159 1314 in
1196 1266 1437 1314 ordinario
1466 1265 1798 1314 ceremoniali.
1834 1268 1949 1313 Post

156 1354 563 1414 distributionem,
599 1352 887 1401 ministravit
920 1367 1093 1415 aquam
1124 1354 1287 1399 orator
1307 1350 1435 1414 regis
1464 1350 1781 1415 Neapolitani,
1810 1353 1950 1398 RmO.

156 1441 214 1488 D.
245 1437 640 1487 vicecancellario
672 1437 946 1501 adjuvante.
984 1435 1058 1483 Ad
1086 1434 1480 1484 benedictionem
1514 1434 1787 1498 palmarum
1833 1450 1949 1483 can-

158 1526 288 1572 tores
326 1520 448 1570 nihil
483 1523 736 1569 cantarunt
773 1520 859 1568 sed
898 1518 959 1568 ad
997 1518 1388 1566 distributionem
1422 1521 1627 1566 tantum.
1665 1516 1949 1566 Passionem

161 1608 418 1655 cantarunt
435 1608 534 1653 tres
554 1608 777 1654 cantores
796 1603 951 1667 parati
977 1602 1098 1651 albis
1119 1602 1378 1666 manipulis
1409 1606 1456 1651 et
1478 1602 1613 1650 stolis
1641 1602 1762 1651 albis
1797 1602 1948 1666 nigris

159 1694 208 1738 et
225 1688 389 1739 rubeis
409 1704 546 1738 more
568 1703 673 1748 suc,
699 1703 758 1735 ex
780 1686 980 1735 sacrista
1001 1686 1188 1734 bestiali
1216 1685 1297 1749 qui
1323 1686 1448 1734 vinci
1470 1686 1642 1734 noluit.
1666 1686 1740 1734 Ad
1763 1686 1951 1750 passio—

161 1788 294 1833 nem,
325 1772 629 1837 evangelium
660 1775 708 1820 et
741 1772 1078 1831 elevationem,
1104 1773 1188 1819 SS.
1212 1773 1270 1818 D.
1295 1773 1351 1819 N.
1377 1771 1531 1818 tenuit
1558 1771 1770 1833 palmam
1792 1786 1946 1831 suam,

160 1856 291 1906 idem
313 1857 534 1925 fecerunt
562 1855 727 1904 RRmi.
763 1858 865 1903 DD.
910 1855 1178 1904 cardinales
1213 1859 1261 1902 et
1280 1854 1451 1918 prelati
1478 1869 1566 1917 pro
1587 1855 1771 1918 majore
1793 1858 1946 1919 parte.

159 1941 332 1991 Omnia
350 1940 444 1990 alia
465 1940 593 1989 facta
614 1944 725 1989 sunt
741 1955 876 1989 more
893 1939 1058 2000 'solito;
1077 1955 1176 1988 non
1195 1938 1284 1986 fuit
1307 1954 1485 1987 sermo.

227 2024 370 2074 Feria
408 2027 594 2089 quarta,
639 2027 696 2072 15
740 2023 904 2087 aprilis
940 2023 1140 2087 majoris
1164 2023 1488 2083 hebdomade,
1520 2028 1632 2073 ante
1666 2024 1838 2072 horam
1868 2040 1947 2079 xx,

160 2109 242 2158 SS.
265 2111 324 2158 D.
349 2110 406 2158 N.
432 2113 628 2172 paratus
653 2108 850 2167 amictu,
874 2108 1000 2167 alba,
1033 2108 1246 2171 cingulo,
1273 2108 1395 2156 stola
1415 2108 1628 2157 violacea
1647 2112 1695 2156 et
1716 2125 1870 2173 cappa
1888 2109 1947 2156 de

162 2192 370 2241 scarlato
407 2191 512 2239 sine
540 2207 700 2252 cruce,
735 2191 1048 2255 sequentibus
1070 2191 1230 2255 ipsum
1257 2190 1598 2252 cardinalibus,
1631 2191 1759 2239 venit
1786 2191 1846 2238 ad
1869 2206 1950 2239 ca-

160 2275 340 2340 pellam
355 2274 591 2338 majorem
608 2274 770 2338 palatii
788 2273 1037 2338 apostolici
1056 2273 1259 2338 predicti
1277 2274 1357 2322 ubi
1379 2275 1614 2323 matutine
1637 2275 1949 2323 tenebrarum

158 2359 374 2409 interfuit
411 2374 548 2408 more
588 2361 840 2407 consueto,
885 2357 1120 2406 Fimbrias
1161 2358 1320 2406 eundo
1358 2362 1406 2407 et
1453 2359 1700 2407 redeundo
1746 2359 1952 2423 portavit

157 2443 342 2509 primus
364 2443 707 2508 episcoporum
728 2441 1076 2502 assistentium,
1094 2442 1298 2506 repetita
1315 2442 1582 2507 antiphona
1601 2447 1710 2507 post
1724 2443 1954 2491 benedic-

158 2531 253 2576 tus.
276 2529 549 2592 Antequam
567 2526 812 2575 diceretur
839 2541 1004 2575 versus
1033 2525 1246 2574 Christus
1256 2542 1349 2591 pro
1370 2527 1519 2588 nebia,
1547 2531 1662 2587 etc.,
1691 2530 1835 2592 Papa,
1874 2543 1951 2576 me

160 2608 398 2673 signante,
412 2608 543 2658 venit
563 2609 624 2657 ad
644 2609 966 2659 faldistorium
983 2611 1316 2675 genuflectens
1325 2627 1414 2676 per
1426 2615 1577 2660 totum
1592 2612 1725 2660 illum
1738 2628 1948 2673 versum,

159 2707 248 2757 pro
263 2707 358 2756 quo
373 2696 542 2742 Rmus.
561 2695 619 2742 D.
643 2694 899 2743 cardinalis
922 2711 961 2742 s,
987 2695 1134 2743 Marci
1150 2698 1320 2759 postea
1333 2711 1411 2750 me
1430 2696 1762 2760 reprehendit,
1787 2698 1952 2747 dicens

163 2775 449 2824 breviarium
469 2778 693 2826 ordinare
715 2779 846 2841 quod
866 2779 996 2827 dicto
1026 2795 1164 2828 versu
1189 2779 1471 2844 hujusmodi
1499 2780 1675 2829 debeat
1701 2781 1837 2829 flexis
1861 2797 1955 2849 ge·-

164 2859 304 2907 nibus
324 2859 417 2909 dici
438 2860 589 2909 Paler
610 2870 781 2909 noster.
816 2864 916 2926 Ego
939 2863 1164 2927 respondi
1194 2862 1484 2929 itajsemper
1514 2864 1663 2912 fuisse
1694 2880 1804 2914 meo
1829 2870 1952 2914 tem-

164 2958 282 3006 pore
304 2943 610 2992 observatum
631 2945 745 2993 etin
767 2960 890 2993 novo
911 2946 1230 3012 ceremoniali
1251 2948 1548 3008 ordinatum;
1575 2948 1760 2998 videtur
1787 2953 1949 2997 tamen

166 3027 280 3075 satis
301 3027 610 3089 conveniens,
635 3029 783 3093 quod,
810 3029 938 3077 dicto
959 3045 1097 3077 versu
1125 3033 1170 3079 et
1198 3046 1295 3079 non
1322 3035 1432 3079 ante
1460 3048 1670 3093 versum,
1696 3033 1949 3096 genuflec-

163 3114 342 3172 tantur,
371 3112 485 3161 licet
505 3113 802 3162 contrarium
826 3112 885 3161 sit
905 3113 1002 3162 huc
1025 3129 1178 3177 usque
1200 3113 1249 3161 in
1268 3115 1455 3179 capella
1471 3116 1798 3164 observatum.

231 3194 369 3242 Feria
385 3195 552 3259 quinta
565 3197 765 3262 majoris
779 3197 1107 3256 hebdomade,
1131 3201 1187 3245 16
1209 3198 1372 3262 aprilis
1392 3199 1442 3246 in
1463 3214 1623 3260 mane,
1637 3200 1766 3248 circa
1778 3200 1952 3249 horam

162 3294 245 3337 xn,
271 3279 357 3326 SS.
379 3281 438 3327 D.
461 3282 517 3329 N.
549 3284 827 3345 paratus,ut
846 3282 995 3330 moris
1013 3282 1245 3341 est,venit
1262 3283 1321 3330 ad
1334 3283 1571 3347 capellam
1583 3285 1817 3348 majorem
1838 3301 1950 3350 pre-

162 3362 356 3423 dictam,
371 3363 469 3424 ubi,
489 3363 615 3413 sacta
630 3366 868 3427 oratione,
880 3366 992 3415 fecit
1007 3366 1366 3415 confessionem
1377 3383 1489 3415 cum
1504 3366 1799 3429 celebrante,
1811 3385 1951 3419 more

160 3446 318 3495 solite.
342 3448 570 3503 Ascendit
592 3449 766 3498 solium
788 3455 836 3499 et
860 3450 1091 3514 imposuit
1123 3450 1376 3500 incensum
1407 3455 1455 3499 et
1483 3467 1581 3500 non
1608 3452 1734 3503 facta
1756 3458 1829 3501 est
1858 3453 1950 3501 sibi
