2262 3958
306 310 351 343 98
914 309 1146 346 JOHANNIS
1180 310 1473 358 BURCHARDI,
1736 316 1955 358 [Septembre
1977 317 2067 359 1484]

367 409 550 468 Finitis,
577 414 625 457 ut
648 426 806 473 supra,
834 410 1127 459 orationibus
1157 412 1400 476 predictis,
1432 417 1560 479 Papa
1585 416 1707 465 sedit
1736 417 1784 465 in
1814 418 1927 467 sede
1950 417 2071 467 emi-

307 493 438 544 nenti
464 496 693 558 predicta,
726 494 948 557 imposita
975 494 1063 543 sibi
1093 495 1260 555 mitra;
1293 500 1338 545 et
1364 497 1497 561 prior
1522 497 1830 549 diaconorum
1853 500 2072 550 cardina-

303 579 438 638 lium,
450 580 668 627 videlicet
683 578 934 626 cardinalis
951 579 1195 638 SenensiS‚
1211 580 1413 629 ferulam
1429 580 1476 628 in
1491 597 1636 629 manu
1651 583 1893 647 accipiens
1908 588 1955 633 et
1967 600 2075 648 por-

308 668 429 722 tans,
470 661 777 725 sequentibus
814 661 971 725 ipsum
1005 661 1327 723 subdiaconis,
1367 664 1659 713 auditoribus
1697 670 1743 715 et
1779 667 2068 728 secretariis,

307 751 358 794 ut
392 762 534 809 supra
555 745 734 793 dictum
761 750 852 804 est,
885 744 1060 793 indutis
1089 744 1171 805 (1),
1196 747 1444 796 descendit
1473 748 1533 796 ad
1558 754 1746 812 portam
1767 750 1966 799 cancelli
1987 753 2070 815 (2),

309 828 387 876 ubi
408 828 454 876 in
476 828 616 892 plano
639 828 816 877 ibidem
836 829 961 876 inter
977 829 1124 878 altare
1146 834 1193 878 et
1212 835 1399 893 portam
1420 831 1532 880 fecit
1553 833 1670 881 duas
1691 832 1842 882 lineas
1863 833 1922 882 ab
1939 832 2074 882 altari

309 912 367 960 ad
386 916 590 975 portam,
615 912 675 960 ad
695 911 941 962 dexteram
963 918 1009 963 et
1031 914 1290 974 sinistram,
1315 915 1361 963 in
1383 915 1594 978 qualibet
1620 916 1748 965 linea
1773 916 1832 965 de
1865 915 2077 980 quolibet

308 1011 366 1044 ex
395 995 530 1043 dictis
560 995 710 1044 tribus
738 997 1000 1056 ordinibus,
1025 997 1257 1046 officiales
1285 999 1526 1048 collocans
1550 999 1730 1064 primos
1749 1004 1813 1066 (3)
1834 1016 1997 1050 versus
2018 999 2080 1049 ad

307 1077 454 1127 altare
481 1079 817 1140 subdiaconOS,
846 1085 946 1129 tum
971 1081 1211 1130 auditores
1241 1087 1287 1130 et
1309 1083 1614 1142 secretarios,
1639 1083 1704 1132 ita
1724 1084 1853 1147 quod
1873 1083 1932 1132 de
1952 1083 2082 1133 linea

314 1162 373 1210 ad
410 1162 589 1211 lineam
631 1163 719 1212 sibi
762 1162 966 1213 invicem
1010 1165 1156 1213 facies
1198 1169 1400 1214 vertant.
1453 1167 1630 1223 Quibus
1676 1167 1744 1215 sic
1775 1166 2004 1215 ordinatis
2034 1170 2083 1215 et

309 1243 528 1294 omnibus
549 1244 751 1295 detectis
774 1247 1005 1311 capitibus
1037 1248 1367 1306 existentibus,
1405 1251 1659 1300 cardinalis
1694 1251 1921 1301 Senensis
1953 1254 2084 1300 stans

307 1330 481 1394 etipse
516 1329 670 1394 capite
704 1331 894 1380 detecto
928 1332 1112 1380 medius
1148 1332 1275 1382 inter
1309 1334 1488 1398 primos
1522 1335 1641 1383 duos
1674 1335 1992 1384 subdiaconos
2025 1333 2084 1382 ad

306 1409 455 1461 altare
492 1429 676 1472 versus,
714 1415 829 1464 dixit
876 1416 971 1464 alta
1007 1431 1122 1465 voce
1169 1417 1302 1480 quasi
1340 1418 1545 1482 legendo
1581 1435 1590 1467 :
1627 1418 1828 1466 Eoeaudz'
1863 1416 2085 1475 Christe;
2149 1450 2151 1452 -

308 1494 604 1556 subdiaconi,
630 1499 871 1548 auditores
902 1503 949 1548 et
973 1499 1219 1548 secretarii
1247 1501 1598 1566 responderunt
1625 1499 1765 1548 simili
1787 1515 1921 1559 voce,
1945 1497 2080 1563 quasi

308 1578 530 1639 dicendo,
568 1597 652 1629 suo
705 1582 870 1631 ordine
919 1586 1098 1631 stantes
1136 1600 1145 1630 t
1189 1583 1385 1632 Domino
1423 1591 1578 1632 nostro
1608 1583 1883 1631 Innocentio
1919 1599 1948 1630 a
1978 1582 2081 1631 Deo

307 1661 483 1711 decreto
503 1680 685 1713 summo
698 1665 915 1731 pontifici
934 1674 980 1714 et
998 1667 1252 1714 universali
1277 1667 1428 1730 Pape,
1454 1667 1574 1725 vita‚·
1595 1666 1723 1731 quod
1742 1665 1891 1715 tertio
1905 1665 2084 1715 dictum

307 1751 378 1795 est
404 1763 490 1812 per
516 1749 806 1798 cardinalem
839 1750 1126 1814 predictum,
1168 1755 1218 1799 et
1243 1750 1384 1799 toties
1412 1751 1470 1799 ab
1499 1750 1603 1799 aliis
1628 1749 1856 1815 predictis
1881 1763 2086 1814 respon-

307 1841 430 1879 sum.

376 1912 558 1963 Deinde
580 1915 708 1964 idem
729 1915 979 1966 cardinalis
1005 1917 1231 1966 Senensis
1255 1917 1370 1965 dixit
1396 1933 1405 1965 ε
1436 1916 1654 1964 Salvator
1673 1914 1855 1963 mundi.
1882 1912 2087 1963 Subdia·

307 1997 413 2045 co'ni
440 2005 487 2046 et
509 1996 585 2046 alii
606 2000 807 2063 predicti
828 2000 1182 2066 responderunt
1207 2018 1215 2048 :
1245 2000 1289 2047 T
1285 2016 1316 2047 u
1333 1999 1465 2047 illum
1484 1999 1684 2062 adjuva.
1706 1997 1843 2056 Quod
1865 1996 2087 2046 similiter

305 2081 446 2130 tertio
467 2099 555 2146 per
574 2084 784 2147 priorem
820 2085 1088 2150 predictum
1116 2084 1294 2133 dictum
1316 2087 1406 2143 est,
1422 2088 1469 2132 et
1489 2083 1630 2132 toties
1653 2098 1742 2148 per
1761 2082 1868 2131 illos
1890 2097 2087 2147 respon-

308 2176 430 2212 sum.
450 2166 634 2216 Deinde
654 2164 769 2216 dixit
791 2168 919 2217 idem
937 2169 1068 2233 prior
1092 2185 1101 2217 :
1126 2168 1303 2217 Sancta
1324 2168 1503 2227 Maria,
1522 2167 1587 2215 illi
1605 2166 1987 2231 responderunt:
2010 2164 2082 2213 Tu

306 2243 438 2294 illum
461 2249 657 2311 adjuva,
674 2251 801 2314 quod
816 2248 888 2299 bis
903 2269 990 2316 per
1009 2252 1219 2316 priorem
1234 2251 1413 2300 dictum
1429 2255 1476 2299 et
1493 2250 1633 2299 toties
1654 2266 1741 2314 per
1762 2249 1869 2298 illos
1888 2263 2087 2313 respon-

310 2345 429 2378 sum.
448 2332 543 2378 Sub
543 2333 561 2395 j
569 2333 699 2381 unxit
713 2340 819 2397 post
836 2335 928 2383 hec
946 2335 1078 2398 prior
1098 2352 1107 2383 :
1126 2342 1283 2382 sancte
1295 2334 1504 2382 Michael
1514 2351 1531 2381 .·
1548 2339 1594 2382 et
1614 2333 1681 2381 illi
1699 2331 2080 2397 responderunt:

310 2411 381 2459 Tu
401 2413 533 2461 illum
554 2415 749 2478 adjuva.
769 2419 825 2464 Et
844 2414 893 2465 id
915 2418 1065 2466 semel
1088 2434 1175 2481 per
1193 2417 1403 2481 priorem
1433 2420 1504 2464 est
1531 2416 1711 2464 dictum
1741 2420 1788 2464 et
1815 2414 1966 2464 semel
1992 2430 2086 2477 per

304 2494 409 2542 illos
444 2512 746 2561 responsum,
804 2500 966 2563 sicque
1006 2501 1173 2549 laudes
1211 2500 1501 2559 continuate,
1538 2502 1680 2564 prout
1714 2498 1838 2547 infra
1873 2512 1884 2545 ε
1925 2504 2085 2544 sancte

311 2575 503 2625 Gabriel
525 2588 608 2629 ele.

375 2660 556 2710 Deinde
572 2660 687 2712 dixit
707 2665 840 2729 prior
860 2667 1029 2715 eadem
1048 2683 1166 2716 voce
1186 2667 1327 2731 Kyrie
1347 2667 1547 2730 eleyson,
1572 2670 1619 2714 et
1638 2665 1703 2714 illi
1728 2662 2085 2730 responderunt

304 2741 350 2789 K
348 2743 447 2805 yrie
473 2745 675 2808 eleyson.
704 2749 915 2797 Tandem
943 2766 1110 2799 omnes
1138 2755 1186 2799 et
1216 2751 1364 2816 prior,
1395 2767 1450 2800 ac
1477 2751 1621 2800 etiam
1642 2750 1719 2799 alii
1740 2748 1942 2815 predicti
1964 2763 2079 2798 cum

305 2824 498 2875 insimul
513 2829 681 2878 eadem
702 2846 818 2880 voce
839 2832 1058 2882 dixerunt
1076 2835 1216 2898 Kyrie
1235 2835 1440 2899 eleyson.

369 2909 606 2959 Laudibus
635 2912 702 2960 sic
733 2913 950 2978 expletiS,
981 2931 1072 2978 que
1099 2917 1214 2966 dum
1234 2918 1528 2978 dicerentur,
1566 2921 1692 2982 Papa
1725 2917 1848 2966 sedit
1877 2914 1926 2964 in
1956 2913 2080 2963 solio

307 3006 413 3051 suo,
449 2997 497 3041 et
535 2995 800 3044 cardinales
848 3013 903 3045 ac
947 2999 1118 3062 prelati
1165 3016 1333 3049 omnes
1381 3002 1430 3049 in
1473 3001 1568 3049 suis
1609 3000 1727 3048 locis
1775 3013 1883 3047 cum
1923 2996 2079 3045 mitris

305 3073 552 3136 sedebant,
599 3077 731 3141 prior
769 3083 816 3126 et
848 3080 926 3127 alii
960 3082 1161 3144 predicti
1198 3084 1444 3132 redierunt
1474 3085 1535 3132 ad
1566 3084 1675 3132 loca
1713 3098 1826 3142 sua,
1857 3079 2083 3143 videlicet

305 3158 435 3219 prior
455 3157 514 3208 ad
545 3171 693 3211 cornu
732 3164 931 3228 epistole
953 3167 1113 3216 altaris
1137 3167 1186 3216 in
1219 3169 1430 3216 scabello
1464 3184 1549 3217 suo
1580 3168 1720 3228 sedit,
1753 3167 1832 3216 alii
1853 3166 1902 3215 in
1923 3171 2080 3227 terra3

367 3305 399 3339 1.
428 3306 598 3347 Indutus.
619 3331 663 3338 —
684 3311 819 3358 RinaL,
841 3325 879 3361 p.
904 3313 968 3351 74.

355 3363 378 3396 2
392 3382 402 3399 a
428 3364 587 3405 Castelli.
611 3388 653 3397 —
668 3371 792 3411 Rinal.
815 3377 850 3409 et
869 3385 964 3412 mss,
984 3374 1070 3414 147.

364 3422 398 3457 3.
426 3423 570 3464 Primus
590 3441 717 3467 versus
738 3433 782 3469 ad
804 3431 916 3469 altare
935 3432 1192 3473 subdiacones.
1216 3449 1259 3461 -
1279 3432 1404 3472 Rinal.
