2262 3958
337 369 380 403 18
940 370 1171 406 JOHANNIS
1205 370 1498 418 BURCHARDI,
1891 375 2104 417 [Aout148h]

334 485 440 518 mus
469 486 632 518 comes
660 475 706 519 et
733 472 1008 535 capitaneus
1042 472 1246 521 ecclesie
1274 489 1383 520 cum
1417 478 1557 536 gente
1592 490 1676 522 sua
1708 478 1755 522 et
1785 475 2023 523 artellaria
2053 491 2108 523 ac

334 553 608 601 bombardis
642 554 822 602 duabus
855 555 1064 618 magnis,
1099 559 1146 603 et
1183 556 1343 603 multis
1377 556 1551 620 parvis,
1583 557 1724 610 exivit
1755 559 1951 617 Urbem,
1983 558 2109 622 posi-

337 640 464 684 turus
493 642 649 686 castra
675 638 722 685 in
758 638 894 685 terris
929 638 1318 686 Columnensium
1345 639 1405 687 ad
1437 639 1542 687 illas
1571 639 1904 700 obsidendum,
1937 641 2107 704 quibus

332 736 559 784 magnum
593 721 818 768 damnum
858 720 1039 780 intulit;
1086 722 1297 781 tandem,
1338 738 1389 770 re
1423 722 1722 786 imperfecta,
1759 727 1957 787 propter
1989 721 2107 771 Sixti

333 803 533 863 obitum,
562 808 671 867 post
700 804 850 863 illum,
876 807 1094 864 Romam,
1125 809 1175 852 ut
1201 805 1464 865 dicebatur,
1497 806 1646 865 venit,
1673 809 1719 855 et
1743 806 1914 855 exinde
1943 823 2106 856 versus

331 886 530 934 Iinolam
553 903 603 934 se
633 887 830 951 recepit.

397 969 522 1016 Obiit
554 969 698 1017 etiam
732 970 806 1017 his
841 970 1034 1029 diebus,
1070 986 1128 1019 ex
1160 971 1306 1019 nimia
1338 971 1613 1035 fatigatione
1648 987 1734 1035 pro
1769 971 1903 1019 ruina
1934 972 2105 1021 domus

330 1052 648 1111 Vallensium,
672 1057 723 1100 ut
744 1053 1012 1112 dicebatur,
1036 1054 1220 1113 habita,
1245 1057 1301 1102 D.
1328 1055 1605 1102 Dominicus
1627 1054 1685 1102 de
1706 1055 1974 1119 Albergatis
1995 1071 2105 1119 pro-

330 1135 618 1195 tonotarius,
648 1136 990 1197 Bononiensis,
1023 1137 1160 1185 Urbis
1194 1138 1502 1200 gubernator,
1534 1138 1668 1202 cujus
1700 1138 1900 1201 exequie
1940 1139 2103 1187 habite

327 1223 435 1266 sunt
473 1219 520 1266 in
561 1219 768 1267 ecclesia
805 1220 945 1269 beate
983 1221 1131 1268 Marie
1169 1220 1226 1268 de
1271 1221 1452 1284 Populo
1494 1221 1569 1268 die
1611 1221 1795 1268 sabbati
1837 1224 1893 1268 12
1922 1221 2103 1269 mensis

321 1302 461 1364 junii,
497 1302 667 1365 quibus
701 1303 1017 1351 interfuerunt
1048 1304 1208 1367 plures
1245 1304 1423 1351 familie
1466 1306 1757 1351 RRmorum.
1798 1305 1899 1351 DD.
1944 1303 2102 1352 cardi-

327 1383 505 1432 nalium
527 1385 587 1432 ad
612 1386 704 1433 hoc
735 1386 944 1445 invitate,
968 1390 1109 1451 prout
1139 1386 1187 1434 in
1215 1386 1448 1435 schedula
1477 1386 1524 1433 in
1554 1387 1708 1450 primo
1740 1402 1850 1434 meo
1881 1401 2103 1435 ceremo-

328 1466 440 1515 nIali
461 1467 574 1515 folio
597 1469 852 1532 registrata
873 1469 1159 1518 continetur.

395 1551 533 1599 Feria
560 1552 716 1611 tertia,
748 1555 807 1600 24
835 1553 1015 1601 mensis
1042 1553 1228 1616 augusti
1257 1555 1422 1600 Rmus.
1458 1555 1514 1600 D.
1548 1552 1801 1601 cardinalis
1827 1552 2104 1617 Neapolita-

329 1649 417 1680 nus
442 1632 489 1680 in
512 1634 646 1682 altari
667 1635 806 1683 beate
834 1636 982 1683 Marie
1002 1635 1294 1699 supradicto,
1320 1636 1368 1682 in
1397 1636 1527 1683 dicta
1547 1635 1745 1683 basilica
1765 1652 1804 1683 s.
1830 1636 1959 1684 Petri
1981 1637 2105 1685 cele-

328 1715 476 1764 bravit
497 1716 693 1765 missam
711 1718 950 1782 publicam
971 1735 1057 1782 pro
1079 1718 1238 1765 anima
1257 1719 1337 1767 fel.
1363 1719 1552 1767 record.
1577 1718 1695 1767 Sixti
1716 1735 1842 1782 pape
1862 1721 1962 1767 1111.
1991 1721 2104 1768 Post

329 1802 542 1861 missam,
568 1807 770 1866 quatuor
789 1819 847 1851 ex
868 1803 1055 1851 RRmis.
1073 1805 1172 1850 DD.
1196 1802 1434 1866 episcopis
1458 1802 1776 1850 cardinalibus
1801 1801 2103 1851 absolverunt

329 1901 438 1932 cum
460 1901 535 1932 eo.
566 1887 671 1934 Non
696 1886 782 1933 fuit
813 1903 971 1934 sermo
997 1887 1123 1949 :palia
1154 1886 1314 1934 omnia
1339 1887 1480 1943 facta,
1515 1890 1564 1933 ut
1590 1885 1639 1932 in
1669 1885 1823 1948 prima
1851 1884 1947 1932 die.
1983 1886 2102 1933 Nam

329 1968 493 2015 RRmi.
538 1971 636 2016 DD.
683 1969 947 2017 cardinales
993 1969 1081 2016 sibi
1122 1973 1446 2032 proponentes
1495 1967 1702 2016 crastina
1744 1968 1820 2015 die
1870 1967 2101 2015 conclave

327 2050 503 2099 intrare
536 2067 623 2115 pro
655 2052 889 2100 electione
923 2052 1063 2100 futuri
1092 2051 1358 2115 pontificis,
1404 2055 1670 2115 statuerunt
1703 2050 1848 2098 hodie
1881 2050 2102 2098 ultimum

330 2133 457 2181 diem
479 2134 786 2197 exequiarum
803 2135 1125 2198 predictarum
1145 2151 1396 2199 peragere.

393 2216 531 2264 Feria
547 2221 730 2280 quarta,
755 2221 814 2266 25
836 2218 950 2265 dicti
971 2218 1150 2266 mensis
1172 2217 1377 2282 augusti,
1401 2233 1510 2265 cum
1532 2216 1696 2264 RRmi.
1715 2218 1813 2264 DD.
1833 2215 2100 2264 cardinales

330 2300 665 2362 cognovissent
691 2290 916 2349 conclave
943 2301 1210 2365 perfectum
1230 2317 1327 2349 non
1355 2317 1479 2360 esse,
1509 2303 1763 2364 propterea
1789 2299 1904 2346 illud
1924 2298 2102 2347 intrare

328 2398 427 2430 non
475 2398 640 2446 posse,
695 2387 959 2432 statuerunt
1010 2384 1151 2432 aliam
1195 2384 1390 2430 missam
1434 2383 1767 2431 defunctorum
1811 2397 1898 2444 pro
1945 2381 2104 2428 anima

329 2466 499 2529 prefati
546 2466 784 2530 pontificis
827 2467 970 2514 hodie
1015 2466 1064 2514 in
1106 2466 1288 2530 capella
1333 2465 1572 2529 sepulture
1618 2480 1701 2512 sue
1742 2463 1977 2511 celebrari
2017 2463 2102 2512 de-

329 2549 462 2608 bere,
491 2553 632 2614 prout
657 2549 835 2597 factum
862 2553 950 2597 est.
981 2550 1129 2613 Igitur
1155 2553 1319 2597 Rmus.
1358 2551 1414 2596 D.
1447 2547 1699 2595 cardinalis
1733 2545 2103 2594 Matisconensis

330 2632 587 2680 celebravit
636 2632 831 2680 missam
880 2633 1153 2697 hujusmodi
1197 2632 1245 2679 in
1290 2631 1472 2695 capella.
1509 2629 1722 2694 predicta
1767 2645 1901 2677 more
1936 2628 2099 2688 solito;

330 2731 422 2777 qua
441 2714 591 2774 finita,
616 2715 716 2778 ipse
740 2716 866 2763 solus
888 2715 1136 2763 celebrans
1150 2713 1365 2762 absolvit.

394 2798 666 2846 Cardinales
704 2799 928 2847 sederunt
964 2798 1014 2845 in
1052 2796 1375 2861 superioribus
1408 2795 1597 2843 sedibus
1630 2795 1809 2843 ibidem
1843 2793 2100 2843 canonico-

331 2896 437 2927 rum
458 2881 690 2941 videlicet,
714 2880 882 2945 prelati
902 2896 1014 2929 vero
1037 2881 1085 2927 in
1099 2880 1220 2939 aliis,
1237 2879 1456 2927 videlicet
1475 2878 1872 2926 beneficiatorum
1895 2881 1942 2925 et
1963 2876 2101 2925 cleri-

332 2980 498 3012 corum
540 2964 654 3012 hinc
696 2968 742 3013 et
774 2964 913 3022 inde;
948 2964 1082 3027 juxta
1116 2962 1407 3026 sepulturam
1443 2961 1599 3025 posita
1635 2962 1824 3009 fuerunt
1859 2959 2102 3007 intorticia

330 3063 490 3107 xxl111,
525 3048 599 3096 vel
620 3048 764 3107 circa,
784 3051 830 3096 et
850 3048 1099 3095 distributa
1120 3045 1359 3094 intorticia
1386 3045 1721 3102 cardinalibus,
1753 3047 1800 3091 et
1825 3041 2022 3106 prelatis
2051 3044 2099 3088 et

330 3130 434 3178 aliis
454 3131 607 3180 facule
629 3147 762 3180 more
791 3134 1043 3189 consueto3
1073 3130 1298 3193 lugubres
1325 3144 1422 3176 non
1453 3128 1769 3175 interfuerunt
1797 3126 1908 3172 huic
1930 3123 2096 3171 misse.

396 3215 555 3263 Prima
587 3219 635 3263 et
666 3218 830 3263 octava
861 3214 936 3261 die
974 3212 1297 3275 exequialibus
1335 3210 1562 3274 predictis
1601 3210 1790 3256 fuerunt
1829 3207 1983 3271 posita
2013 3222 2101 3270 per

333 3361 594 3398 consuetudine
620 3373 707 3409 sua;
730 3362 794 3398 sed
819 3363 987 3398 asserunt
1006 3358 1151 3408 quidam
1171 3357 1223 3394 ita
1241 3360 1389 3405 repente
1414 3355 1563 3402 abiisse,
1584 3367 1630 3392 ne
1656 3354 1854 3392 vicinorum
1876 3354 2006 3390 aedium
2025 3352 2095 3389 rui-

332 3430 415 3454 nam
440 3418 644 3466 inspiceret,
667 3420 799 3467 quibus
819 3420 929 3468 parci,
951 3418 1000 3455 illi
1019 3421 1125 3455 antea
1149 3415 1314 3454 Pontifex
1342 3415 1579 3463 promisisset.
1605 3429 1622 3448 υ
1643 3414 1903 3452 Volaterranus
1930 3413 2094 3461 (Murat.,

331 3478 418 3514 Rer.
440 3479 534 3515 Ital.
556 3479 730 3527 script),
752 3483 779 3517 t.
801 3480 935 3524 XXIII,
952 3479 1020 3516 col.
1047 3477 1128 3514 196.
