2262 3958
174 306 337 352 [octobre
358 304 449 346 1488]
619 300 787 339 RERUM
820 298 1125 337 URBANARUM
1158 296 1508 335 COMMENTARH.
1885 298 1956 334 315

172 407 371 458 Carolus
394 404 708 454 miseratione
737 404 894 452 divina
915 402 1037 451 tituli
1066 417 1105 450 S.
1135 400 1326 449 Martini
1356 401 1403 447 in
1427 399 1673 448 Montibus
1700 399 1954 463 presbyter

171 489 427 541 cardinalis
449 487 784 552 Lugdunensis
806 486 1062 551 vulgariter
1081 487 1403 548 nuncupatus,
1429 484 1567 547 cujus
1588 483 1750 532 anima
1769 483 1958 546 requie-

172 578 274 624 scat
293 573 343 622 in
363 588 484 638 pace
506 571 584 638 (1).

232 657 320 706 Die
341 656 586 715 mercurii,
605 659 632 703 8
652 653 834 704 mensis
855 651 1089 710 octobris,
1109 654 1277 699 Rmus.
1296 650 1346 698 in
1361 649 1550 698 Christo
1574 652 1625 697 P.
1653 653 1700 698 et
1719 651 1776 697 D.
1801 649 1954 698 domi-

167 757 259 790 nus
288 740 524 791 Ascanius
564 738 718 787 sancti
760 735 857 788 Viti
890 735 938 782 in
981 734 1184 782 Macello
1218 733 1448 780 diaconus
1486 732 1741 781 cardinalis
1774 732 1952 781 St'ortia

167 825 438 875 vicecomes
460 823 601 874 rediit
618 823 678 871 ad
700 822 880 870 Urbem
899 834 958 866 ex
979 817 1195 881 partibus
1219 815 1507 863 Lombardie
1529 820 1575 862 et
1602 815 1842 878 legatione
1867 832 1952 864 sua

171 907 464 958 Bononiensi
489 922 601 955 cum
622 920 800 969 magna
820 901 1069 959 comitiva;
1096 903 1320 963 receptus
1348 898 1481 945 suita
1502 898 1694 945 RRmis.
1721 901 1820 946 DD.
1847 915 1953 947 car-

168 991 406 1041 dinalibus
428 995 540 1038 tunc
562 989 612 1037 in
646 988 773 1037 Urbe
808 985 1123 1036 existentibus
1155 987 1289 1031 extra
1305 987 1495 1046 portam
1525 982 1574 1029 in
1593 981 1791 1029 diversis
1811 982 1950 1042 locis,

165 1057 520 1140 particulariter
551 1077 733 1131 tamen,
766 1085 863 1119 non
887 1067 1221 1132 collegialiter.
1253 1065 1531 1114 Honorifice
1564 1070 1638 1114 est
1667 1065 1727 1112 ad
1754 1065 1953 1114 domum

165 1174 303 1208 suam
333 1156 600 1207 associatus
624 1174 632 1203 :
658 1156 780 1219 ipse,
811 1154 888 1202 die
914 1157 972 1202 10
993 1152 1174 1200 mensis
1196 1149 1472 1199 novembris
1499 1151 1951 1202 MCCCCLXXXVII

163 1242 294 1292 circa
310 1242 483 1291 horam
502 1257 552 1289 xi
577 1243 688 1288 ante
708 1239 855 1298 diem,
877 1236 1078 1286 recessit
1105 1252 1164 1284 ex
1182 1235 1328 1295 Urbe,
1353 1234 1680 1283 Mediolanum
1698 1234 1870 1282 iturus.

227 1326 365 1377 Feria
381 1329 568 1390 quarta,
592 1328 648 1373 15
668 1322 850 1372 mensis
869 1321 1097 1381 octobriS,
1118 1323 1284 1368 Rmus.
1311 1319 1359 1366 in
1377 1318 1566 1366 Christo
1584 1321 1636 1367 P.
1660 1322 1708 1367 et
1723 1321 1779 1366 D.
1800 1319 1947 1367 domi-

162 1430 254 1463 nus
286 1417 564 1462 sanctorum
607 1412 781 1458 Cosme
815 1411 863 1457 et
893 1404 1111 1454 Damiani
1149 1404 1383 1452 diaconus
1422 1402 1678 1451 cardinalis
1717 1403 1776 1451 de
1817 1405 1949 1451 Fuxo

160 1496 420 1562 vulgariter
446 1496 766 1558 nuncupatus,
805 1507 864 1541 ex
893 1505 1044 1554 regno
1071 1487 1387 1552 Neapolitano
1422 1486 1484 1534 ad
1520 1487 1699 1534 Urbem
1728 1502 1949 1536 reversus

164 1584 256 1641 est,
291 1597 321 1629 a
350 1576 764 1630 reverendissimis
792 1577 894 1623 DD.
926 1572 1249 1622 cardinalibus
1277 1571 1355 1634 qui
1382 1570 1431 1618 in
1457 1570 1583 1618 Urbe
1619 1575 1757 1618 erant
1784 1569 1951 1634 aliqui-

162 1664 272 1724 bus,
293 1663 417 1712 ultra
443 1662 563 1711 alios
586 1677 698 1710 vero
730 1663 864 1708 extra
889 1661 1097 1722 portam,
1128 1654 1483 1720 particulariter
1508 1658 1672 1702 tamen
1690 1670 1789 1701 non
1806 1654 1951 1703 colle·

164 1746 371 1811 gialiter,
396 1748 618 1809 receptus
641 1748 689 1793 et
709 1758 859 1806 usque
882 1742 941 1790 ad
959 1741 1156 1788 domum
1175 1754 1313 1786 suam
1339 1737 1608 1786 honorifice
1631 1737 1913 1788 associatus

137 1817 145 1823 ”
229 1828 368 1877 Feria
388 1827 571 1891 quinta,
595 1830 655 1876 23
678 1826 860 1875 mensis
885 1824 1116 1882 octobris,
1149 1823 1277 1871 circa
1297 1823 1471 1871 horam
1491 1838 1577 1871 xm
1601 1838 1660 1871 ex
1686 1822 1952 1885 Argentina

163 1911 284 1962 redii
301 1911 364 1960 ad
385 1911 591 1972 Urbem3
616 1910 731 1960 felix
757 1910 814 1958 sit
838 1909 1017 1958 reditus
1039 1923 1177 1956 meus
1202 1911 1250 1955 et
1265 1907 1406 1955 hora.

229 1994 501 2055 Dominica,
528 1998 589 2043 26
611 1994 792 2042 mensis
824 1992 1055 2052 octobris,
1087 1994 1254 2039 Rmus
1286 1993 1343 2039 D.
1369 1991 1418 2039 in
1440 1990 1633 2040 Christo
1655 1994 1800 2040 Pater
1821 1994 1867 2039 et
1887 1993 1945 2038 D.

162 2079 390 2130 dominus
411 2078 626 2143 Raphael
649 2094 688 2126 S.
712 2076 907 2141 Georgii
928 2077 989 2124 ad
1013 2075 1172 2124 velum
1193 2091 1395 2124 aureum
1417 2075 1651 2123 diaconus
1671 2074 1945 2133 cardinaliS,

162 2166 220 2212 D.
250 2178 374 2228 pape
402 2161 715 2222 camerariUS,
756 2177 814 2210 ex
847 2160 1000 2208 Imola
1029 2164 1075 2208 et
1104 2159 1342 2208 Forolivio
1373 2159 1515 2208 rediit
1547 2159 1607 2207 ad
1638 2159 1836 2218 Urbem,
1871 2159 1946 2206 cui

159 2246 320 2296 nullus
337 2245 593 2296 cardinalis
614 2245 802 2294 obviam
817 2244 963 2294 venit.

226 2329 366 2379 Feria
385 2331 581 2394 quarta,
599 2331 660 2377 29
681 2328 862 2377 mensis
897 2327 1128 2386 octobris,
1159 2327 1336 2392 paratis
1367 2343 1427 2375 ex
1447 2341 1583 2374 more
1604 2325 1654 2373 in
1676 2325 1886 2374 ecclesia
1904 2341 1943 2373 S.

157 2412 414 2477 Augustini
453 2412 512 2461 de
545 2412 669 2460 Urbe
703 2410 968 2471 consuetiS,
1006 2416 1165 2460 castro
1199 2411 1398 2470 doloris,
1426 2409 1742 2474 longitudinis
1769 2409 1948 2473 pedum

155 2513 380 2548 meorum
399 2498 565 2563 viginti
586 2496 797 2561 quinque
820 2500 869 2544 et
884 2495 1184 2560 largitudinis
1203 2495 1537 2545 novemdecim
1555 2495 1685 2542 bone
1697 2509 1944 2554 mensure,

146 2587 206 2632 >et
225 2582 487 2632 altitudinis
507 2583 679 2632 decem
692 2568 765 2630 vel
776 2580 924 2640 circa,
946 2584 1129 2629 tectum
1143 2581 1329 2629 habens
1345 2579 1488 2628 nimis
1500 2579 1698 2644 planum
1717 2578 1766 2626 in
1788 2583 1943 2627 totum

159 2672 207 2716 et
225 2667 361 2731 juxta
385 2665 754 2731 dispositionem
782 2665 1006 2726 ecclesie,
1037 2665 1217 2713 misero
1252 2669 1299 2713 et
1332 2663 1701 2729 disparescenti,
1732 2662 1878 2711 armis
1899 2662 1949 2710 in

161 2749 267 2799 telis
285 2749 337 2798 in
357 2754 565 2814 quatuor
583 2749 846 2814 parietibus
868 2749 1012 2798 totius
1042 2748 1174 2797 navis
1196 2748 1356 2798 medie
1379 2752 1426 2797 et
1454 2763 1598 2812 supra
1619 2747 1769 2796 altare
1790 2747 1945 2811 majus

158 2850 246 2899 per
265 2833 530 2894 cornicem,
551 2833 804 2882 intorticiis
829 2849 916 2896 per
943 2832 1197 2881 circuitum
1226 2849 1368 2897 supra
1389 2831 1535 2881 armis
1554 2835 1752 2880 centum
1774 2830 1942 2889 tribuS,

156 2916 369 2966 candelis
391 2931 537 2980 supra
563 2918 773 2964 castrum
802 2914 999 2964 circiter
1024 2931 1109 2964 sex
1135 2916 1294 2965 medie
1320 2915 1441 2965 libre
1467 2916 1543 2965 vel
1569 2915 1699 2965 circa
1720 2919 1767 2964 et
1793 2915 1946 2963 intor-

203 3079 236 3113 1.
265 3075 416 3114 Chai-les
430 3076 476 3113 de
490 3075 663 3113 Bourbon
683 3074 739 3112 fut.
758 3074 984 3123 archeveque
998 3074 1043 3111 de
1058 3074 1162 3123 Lyon
1176 3078 1212 3111 et
1233 3074 1536 3112 administrateur
1555 3075 1602 3112 de
1618 3067 1767 3122 I'Eglise
1788 3074 1832 3111 de
1854 3074 1945 3110 Bor-

152 3136 273 3173 deaux
291 3147 300 3173 ε
317 3138 461 3173 nomme
481 3133 642 3172 cardinal
662 3146 708 3171 en
723 3135 830 3180 1476,
853 3134 936 3183 puis
958 3134 1056 3182 legat
1074 3133 1284 3181 d’Avignon
1305 3138 1340 3171 et
1356 3134 1406 3171 du
1427 3133 1793 3179 ComtatVenaissin‚
1807 3133 1830 3170 il
1847 3145 1946 3170 mou-

151 3200 212 3233 rut
232 3199 252 3233 a
273 3196 377 3245 Lyon
396 3195 430 3233 le
451 3197 492 3232 13
515 3198 613 3244 sept.
639 3194 749 3239 1488,
774 3199 810 3232 et
835 3210 851 3229 α
874 3195 928 3232 fut
949 3196 1091 3231 entem-e
1112 3206 1157 3230 en
1175 3193 1315 3242 l’eglise
1332 3194 1555 3240 cathedrale,
1574 3193 1740 3242 laquelle,
1756 3198 1869 3242 ayant
1888 3195 1946 3230 ele

152 3257 381 3293 commencee
399 3255 446 3292 de
477 3267 544 3307 son
571 3255 709 3299 vivant,
731 3257 786 3294 fut
816 3255 947 3303 depuis
969 3254 1126 3292 achevee
1147 3264 1212 3302 par
1234 3253 1286 3289 les
1316 3253 1443 3290 ordres
1473 3254 1518 3290 de
1539 3253 1662 3290 Pierre
1688 3253 1732 3289 de
1753 3252 1941 3299 Bourbon,

151 3327 219 3354 son
241 3315 347 3352 frere.
371 3329 390 3350 »
411 3315 590 3364 (Aubery.
617 3317 728 3355 Hist.
759 3319 849 3363 φόνι.
878 3317 945 3352 des
972 3316 1106 3358 card„
1135 3315 1158 3349 2
1182 3313 1251 3350 vol.
1274 3313 1382 3359 iri-40,
1408 3313 1512 3350 Paris
1534 3313 1639 3360 1642,
1665 3317 1690 3350 t.
1719 3313 1766 3357 II,
1783 3324 1819 3362 p.
1847 3313 1940 3359 470·,

152 3374 292 3416 Severt,
318 3374 480 3411 Archid.
503 3375 646 3422 Layd„
667 3385 710 3413 no
734 3376 819 3421 114,
849 3386 977 3424 parag.
999 3374 1050 3422 7.)
1072 3374 1125 3410 En
1148 3373 1240 3410 1470
1260 3372 1284 3409 il
1315 3372 1412 3410 avait
1441 3372 1563 3411 donne
1584 3375 1604 3409 a
1627 3372 1780 3410 Charles
1804 3373 1889 3411 VIII
1911 3373 1944 3410 le

154 3437 360 3472 sacrement
379 3434 427 3470 du
443 3433 628 3483 bapteme.
