2262 3958
125 292 231 337 [Avril
247 291 338 334 1488]
571 287 740 326 RERUM
772 284 1077 324 URBANARUM
1111 283 1463 322 COMMENTARII.
1828 281 1906 317 299

80 460 86 461 ἶ
118 393 181 443 ad
212 392 450 458 capellam
483 396 533 441 et
562 392 673 440 inde
709 390 981 449 redeund0‚
1019 393 1066 437 et
1106 389 1249 447 bene,
1293 386 1403 451 quia
1440 386 1542 450 ipse
1583 387 1684 434 erat
1717 382 1901 447 primus

102 476 367 537 ‚assistens
390 475 496 523 Alia
516 476 680 524 omnia
701 475 918 523 ordinata
939 476 1050 521 sunt
1071 475 1214 536 prout
1236 471 1284 518 in
1312 469 1573 519 ordinario.

184 558 341 628 Finito
362 558 544 618 officio,
570 556 991 607 vicecancellarius
1019 554 1249 619 depositis
1269 554 1398 618 apud
1420 552 1740 601 faldistorium
1763 567 1903 616 para-

117 642 314 703 mentis,
339 648 540 708 accepta
559 658 728 707 cappa,
744 640 947 690 caudam
963 639 1088 686 illius
1103 643 1213 702 post
1235 653 1285 686 se
1299 637 1542 695 trahente,
1558 636 1640 685 ivit
1661 636 1720 685 ad
1741 636 1902 685 locum

118 741 263 775 suum
285 726 348 776 ad
367 726 487 776 alios
508 725 775 776 cardinales
797 738 907 771 cum
929 722 1243 785 replicaretur
1259 720 1525 783 antiphona
1546 737 1556 768 ε
1581 724 1689 784 post
1711 719 1906 783 Maym‘-

115 810 249 875 ficut,
275 804 404 875 Papa
421 810 551 859 venit
571 808 630 858 ad
650 806 968 857 faldistorium
990 804 1070 853 ubi
1096 803 1377 868 genuflexus
1404 803 1453 850 in
1471 803 1568 852 fine
1590 803 1707 851 dixit
1729 803 1908 852 oratio-

121 908 235 943 nem
254 893 470 958 Respice‚
492 900 600 953 etc„
623 895 669 940 et
690 890 831 939 rediit
852 889 914 938 ad
931 903 1195 938 cameram.
1220 889 1509 936 Sermonem
1531 886 1645 935 fecit
1667 888 1721 936 D.
1740 887 1907 935 Hiero-

121 978 300 1045 nymus
317 978 511 1026 Scottus
532 974 779 1034 SenensiS‚
806 975 891 1022 SS.
915 975 970 1022 D.
1002 974 1059 1021 N.
1081 986 1204 1036 pape
1228 970 1446 1020 scutifer.

187 1060 368 1111 Eadem
388 1059 484 1120 die,
509 1059 639 1108 circa
659 1058 809 1106 finem
826 1056 991 1118 officii,
1015 1059 1149 1105 tanta
1167 1055 1299 1105 venit
1315 1054 1473 1119 pluvia
1492 1055 1758 1104 vehemens
1778 1055 1905 1119 quod

118 1143 386 1195 cardinales
404 1142 636 1192 nolebant
657 1141 718 1191 ad
735 1142 906 1190 domos
927 1139 1110 1199 redire;
1130 1144 1179 1188 et
1200 1155 1312 1188 cum
1329 1141 1458 1204 Papa
1471 1138 1721 1188 invitasset
1738 1154 1908 1187 omnes

118 1233 168 1280 et
183 1228 275 1294 ipsi
298 1242 552 1277 remanere
576 1226 847 1276 noluissent
874 1226 924 1274 in
961 1223 1162 1289 prandio
1189 1239 1375 1283 secum,
1409 1222 1540 1272 dedit
1568 1223 1637 1272 eis
1656 1223 1906 1272 licentiam

117 1312 243 1363 utin
263 1327 372 1362 sero
394 1311 455 1360 ad
481 1310 741 1360 matutinas
768 1325 867 1358 non
894 1308 1123 1358 redirent.
1154 1310 1435 1358 Manserunt
1463 1313 1626 1359 autem
1655 1308 1704 1356 in
1729 1308 1906 1372 palatio

118 1397 168 1447 in
203 1411 401 1446 camera
430 1394 695 1460 apostolica
715 1393 881 1443 RRmi.
916 1395 1018 1441 DD.
1049 1392 1360 1453 camerariuS,
1391 1392 1450 1441 de
1482 1391 1717 1441 Columna
1755 1396 1804 1439 et
1848 1390 1906 1438 de

122 1478 309 1530 Ursinis
326 1478 598 1529 cardinales
619 1478 742 1528 etde
761 1477 963 1527 Sabellis
984 1476 1032 1525 in
1051 1476 1297 1525 Paradisio
1318 1476 1367 1524 in
1388 1491 1583 1525 camera
1604 1478 1662 1524 D.
1687 1477 1906 1539 Evange-

121 1565 232 1614 liste
264 1564 324 1614 de
357 1563 520 1614 Sutrio
550 1562 859 1622 cubicularii.
881 1561 961 1626 qui
998 1550 1205 1626 quatuor
1241 1560 1508 1610 cardinales
1550 1560 1599 1608 in
1634 1575 1744 1609 sero
1780 1559 1910 1608 circa

121 1650 294 1700 horam
331 1664 413 1699 111
450 1652 687 1697 venerunt
719 1662 831 1695 cum
866 1648 949 1695 SS.
987 1648 1043 1694 D.
1071 1644 1237 1695 N.'ad
1275 1642 1536 1692 matutinas
1575 1638 1637 1691 ad
1672 1641 1907 1706 capellam

123 1734 360 1798 majorem
398 1736 447 1781 et
479 1731 543 1780 ibi
575 1734 809 1780 steterunt
846 1730 895 1778 in
929 1745 1142 1779 scammo
1178 1745 1263 1777 suo
1301 1727 1522 1776 videlicet
1558 1726 1904 1785 diaconorum3

119 1816 296 1868 deinde
331 1831 444 1866 cum
475 1814 573 1864 fine
606 1814 748 1879 primi
781 1813 1005 1863 nocturni
1031 1812 1241 1862 venisset
1278 1814 1446 1860 Rmus.
1483 1813 1540 1858 D.
1575 1809 1832 1860 cardinalis
1866 1825 1905 1857 s.

122 1887 383 1952 Clementis
415 1899 688 1966 presbyter,
722 1897 925 1964 predicti
962 1900 1166 1962 quatuor
1196 1894 1387 1944 diaconi
1426 1897 1663 1943 venerunt
1696 1894 1755 1942 ad
1782 1892 1911 1942 aliud

121 1999 392 2035 scammum
412 1984 636 2034 videlicet
659 1983 1000 2048 episcoporum
1025 1986 1074 2030 et
1097 1980 1491 2046 presbyterorum
1525 1977 1840 2028 cardinalium
1862 1982 1910 2026 et

119 2067 187 2118 ihi
206 2072 492 2118 manserunt
517 2084 606 2133 per
637 2071 762 2117 totas
791 2067 1050 2115 matutinas
1079 2065 1130 2113 in
1158 2079 1327 2129 cappa,
1358 2067 1410 2111 ut
1438 2062 1545 2112 heri
1577 2062 1833 2128 presbyter
1862 2066 1910 2110 et

122 2153 338 2219 episcopi
359 2153 658 2203 assistentes,

188 2234 400 2286 Sabbato
420 2238 606 2295 sancte,-
627 2233 786 2299 vigilia
807 2234 1013 2293 pasche,
1029 2237 1056 2283 5
1072 2232 1253 2281 mensis
1272 2231 1453 2296 apriliS,
1467 2230 1591 2279 hora
1606 2247 1654 2279 xi
1670 2230 1743 2280 vel
1758 2230 1905 2286 circa,

122 2319 207 2368 SS.
239 2321 292 2367 D.
321 2320 385 2367 N.
418 2323 615 2382 paratus
642 2318 838 2378 amictu,
876 2318 1001 2377 alba,
1029 2316 1237 2381 cingulo,
1264 2315 1385 2364 stola
1408 2314 1620 2364 violacea
1647 2319 1695 2365 et
1718 2313 1908 2379 pluviali

119 2402 270 2452 rubeo
303 2418 360 2452 ac
394 2402 536 2450 mitra
577 2402 874 2467 simplicibus
906 2402 1034 2451 venit
1074 2401 1133 2451 ad
1167 2398 1404 2464 capellam
1446 2399 1700 2463 majorem,
1737 2398 1906 2457 oravit,

116 2485 336 2536 ascendit
363 2485 427 2535 ad
458 2486 649 2537 solium.
684 2489 830 2536 Facta
851 2490 922 2535 est
943 2486 1033 2534 sibi
1055 2485 1326 2535 reverentia
1346 2500 1373 2534 a
1395 2484 1588 2533 RRmis.
1622 2486 1721 2532 DD.
1758 2482 1910 2531 cardi-

116 2569 324 2630 nalibus,
358 2573 408 2619 et
438 2569 532 2618 alia
563 2585 699 2619 more
732 2570 873 2620 solito
912 2575 1022 2620 sunt
1062 2571 1329 2620 observata.
1356 2572 1524 2618 Rmus.
1563 2571 1618 2617 D.
1650 2567 1907 2617 cardinalis
1992 2638 1996 2642 Α

118 2652 394 2702 Parmensis
429 2653 687 2703 celebravit
730 2654 966 2703 officium.
1016 2655 1171 2704 Finita
1213 2654 1434 2719 epistola,
1478 2655 1536 2702 D.
1583 2652 1906 2718 Hieronymus

117 2736 410 2800 Calagranus
453 2736 580 2786 sedis
624 2738 890 2802 apostolice
922 2739 1262 2799 subdiaconuS‚
1297 2738 1494 2798 amictu,
1531 2737 1659 2796 alba,
1690 2736 1901 2801 cinguIO,

116 2819 366 2884 manipulo
388 2824 435 2870 et
463 2820 689 2870 tunicella
715 2821 835 2870 albis
856 2828 1070 2887 paratus,
1093 2828 1225 2872 stans
1247 2827 1359 2872 ante
1380 2821 1681 2887 pontificem,
1717 2837 1905 2870 annun-

116 2904 258 2953 ciavit
277 2903 320 2952 ei
344 2904 574 2968 gaudium
596 2900 826 2969 magnum
855 2907 983 2970 quod
1004 2911 1077 2956 est
1103 2906 1332 2965 Alleluia3
1358 2905 1535 2955 deinde
1566 2904 1809 2954 osculatus
1832 2908 1905 2954 est

115 2986 292 3052 pedem
330 2987 456 3036 etin
490 3003 684 3038 camera
720 2989 905 3039 abbatis
947 2990 1128 3039 dimisit
1170 2995 1454 3056 paramenta
1493 2994 1541 3041 et
1588 2989 1905 3054 reassumpsit

115 3085 338 3135 cappam.
372 3073 503 3135 Papa
535 3077 700 3121 autem
745 3073 898 3122 noluit
930 3073 1143 3138 incipere
1177 3073 1407 3135 Alleluia,
1442 3076 1527 3124 sed
1561 3075 1766 3125 surrexit
1794 3088 1903 3122 cum

116 3154 260 3203 mitra
281 3159 329 3204 et
360 3154 612 3204 celebrans
640 3156 755 3206 dixit
781 3157 994 3206 Alleluia
1025 3158 1294 3207 successive
1330 3159 1480 3207 tribus
1507 3159 1709 3218 vicibuS,
1735 3163 1783 3206 et
1812 3157 1904 3205 alia

113 3238 321 3303 proutin
339 3238 598 3288 ordinarie.
623 3242 855 3291 Cantores
878 3242 1102 3291 dixerunt
1129 3241 1355 3290 undecim
1382 3243 1663 3307 prophetias
1693 3246 1740 3290 et
1771 3242 1902 3291 cele-

115 3321 261 3372 brans
282 3322 342 3371 ad
361 3322 655 3388 Maqnificat
674 3325 939 3375 incensavit
974 3326 1140 3375 altare.
1181 3326 1353 3376 Omnia
1381 3326 1475 3376 alia
1501 3342 1636 3376 more
1667 3330 1902 3376 consueto

122 3411 233 3463 sunt
252 3406 520 3456 observata.
1661 3417 1670 3423 ·
