2262 3958
340 306 386 341 56
949 299 1181 338 JOHANNIS
1214 298 1508 347 BURCHARDI,
1900 297 2112 341 [Aom1484]

341 421 505 463 neum,
545 405 680 468 juxta
718 404 958 451 dictamen
998 401 1293 450 conscientie
1321 417 1403 449 sue
1433 400 1511 467 (1).
1544 404 1602 450 Et
1627 401 1735 465 quia
1762 417 1965 466 persepe
1991 416 2114 465 pon-

342 488 483 536 tificis
513 487 786 551 hujusmodi
817 485 989 534 electio
1022 502 1110 550 per
1141 501 1391 534 accessum
1417 485 1632 548 perfecta
1653 484 1838 544 fuisset,
1858 483 2115 548 proposuit

342 570 660 617 cardinalibus
688 585 746 616 an
774 569 867 616 hoc
898 584 1056 628 mane,
1086 568 1212 616 facto
1248 568 1495 627 scrutinio,
1525 567 1631 615 fieri
1663 563 1861 616 deberet
1889 583 2116 616 accessus

343 653 413 700 vel
445 668 560 711 non,
597 656 643 700 et
674 668 818 716 super
853 652 947 699 hoc
976 655 1084 699 vota
1123 651 1434 699 cardinalium
1474 650 1686 714 collegit,
1727 666 1930 713 quorum
1961 651 2117 716 major

341 751 450 798 pars
492 735 578 782 suit
610 735 738 797 quod
769 750 866 782 non
898 735 1037 782 fieret
1068 750 1292 782 accessus
1329 734 1492 781 hodie.
1536 736 1639 781 Hoc
1686 732 1830 796 igitur
1864 733 2109 792 concluso,

343 822 652 866 surrexerunt.
690 819 748 865 de
789 818 1009 866 scabellis
1050 818 1146 865 suis
1185 817 1349 865 RRmi.
1384 820 1484 865 DD.
1519 816 1785 864 cardinales
1816 815 2132 864 vicecancel-·

338 902 483 949 larius
512 905 558 949 et
592 901 819 949 Senensis
857 901 938 964 qui
971 902 1030 949 ad
1061 917 1210 948 cornu
1241 901 1442 965 epistole
1473 900 1634 948 altaris
1666 915 1716 947 se
1746 886 1945 958 locavit;
1985 897 2115 947 vice-

343 984 658 1032 cancellarius
697 989 857 1032 autem
896 989 1005 1033 ante
1039 985 1186 1032 altare
1220 985 1568 1048 genuflectens,
1605 983 1728 1031 facta
1757 981 1890 1030 brevi
1926 979 2114 1031 secreta

342 1067 556 1115 oratione
586 1068 790 1115 surrexit
826 1072 872 1115 et
903 1071 1068 1115 votum
1098 1084 1253 1127 suum,
1297 1068 1423 1130 quod
1460 1067 1510 1114 in
1539 1081 1683 1130 parva
1713 1065 1942 1113 schedula
1973 1081 2117 1113 manu

343 1167 427 1198 sua
458 1150 652 1214 propria
680 1151 909 1214 scriptum
940 1154 987 1198 et
1014 1165 1099 1196 suo
1128 1149 1281 1212 sigillo
1304 1149 1562 1212 sigillatum
1590 1164 1735 1195 manu
1761 1148 1974 1206 tenebat,
2006 1151 2116 1196 ante

342 1233 490 1280 altare
524 1232 779 1290 accedenS‚
811 1231 1038 1279 schedula
1073 1230 1205 1294 prius
1235 1230 1527 1289 deosculata,
1565 1229 1694 1277 illam
1727 1229 1898 1278 obtulit
1929 1230 2116 1278 duobus

342 1313 501 1377 digitis
539 1313 713 1376 pollice
754 1317 801 1361 et
831 1312 988 1361 indice
1022 1312 1217 1360 dextere
1259 1327 1428 1359 manus
1458 1313 1507 1360 in
1536 1312 1736 1360 calicem
1770 1329 1915 1377 super
1943 1313 2115 1361 eodem

342 1397 489 1444 altare
526 1395 754 1459 positum,
792 1411 883 1458 quo
922 1401 1084 1444 votum
1125 1396 1399 1460 hujusmodi
1439 1396 1687 1460 imponere
1718 1397 1926 1456 volente,
1966 1396 2118 1444 cardi-

343 1479 461 1526 nalis
502 1478 728 1526 Senensis
767 1482 991 1542 patenam
1030 1479 1088 1527 de
1123 1480 1270 1527 calice
1310 1480 1653 1542 aliquantulum
1680 1479 1893 1538 elevavit,
1930 1483 1978 1527 et
2007 1482 2116 1527 voto

343 1561 566 1625 imposito
596 1561 918 1624 recooperuit.
943 1562 1378 1611 Vicecancellarius
1405 1578 1537 1620 vero,
1568 1566 1678 1609 voto
1708 1562 1884 1622 oblato,
1915 1561 2119 1610 accessit

342 1647 401 1693 ad
434 1661 584 1692 cornu
614 1645 864 1692 dexterum
903 1645 1065 1692 altaris
1098 1645 1319 1693 videlicet
1347 1645 1598 1708 evangelii,
1636 1645 1717 1692 ubi
1755 1645 1932 1693 mansit
1969 1659 2121 1709 usque

342 1729 403 1775 ad
436 1726 650 1774 omnium
681 1730 899 1774 votorum
929 1726 1244 1785 oblationem;
1277 1728 1509 1776 successit
1539 1727 1936 1776 vicecancellario
1969 1727 2123 1776 cardi-

341 1811 460 1858 nalis
489 1809 846 1872 Neapolitanus,
878 1809 957 1871 qui
987 1810 1045 1856 de
1075 1810 1183 1856 loco
1212 1825 1297 1856 suo
1324 1809 1538 1870 veniens,
1570 1809 1720 1857 oravit
1751 1813 1861 1857 ante
1893 1810 2044 1858 altare
2073 1814 2121 1858 et

342 1892 530 1951 obtulit,
561 1896 612 1939 ut
639 1908 801 1955 supra,
824 1892 1217 1940 vicecancellario
1240 1896 1287 1940 et
1309 1892 1511 1940 Senensi
1537 1896 1761 1955 patenam
1789 1892 1905 1940 hinc
1934 1896 1982 1940 et
2010 1892 2120 1940 inde

341 1975 684 2037 aliquantulum
727 1975 1022 2022 elevantibus
1062 1979 1109 2022 et
1150 1975 1516 2039 reponentibus;
1563 1979 1610 2022 et
1649 1975 1822 2023 deinde
1866 1976 1926 2023 ad
1958 1975 2119 2024 locum

343 2074 480 2105 suum
532 2058 672 2105 rediit
714 2058 1079 2121 Neapolitanus,
1131 2058 1206 2106 cui
1254 2061 1592 2106 successerunt
1633 2057 1805 2121 singuli
1848 2058 2115 2106 cardinales

343 2158 430 2188 suo
459 2140 642 2188 ordine.
675 2142 791 2187 Cum
823 2141 940 2188 ordo
968 2140 1339 2188 Mediolanensis
1367 2143 1610 2203 tangeret,
1643 2139 1755 2202 quia
1787 2139 1864 2188 ille
1894 2139 2118 2188 infirmus

344 2240 394 2271 se
417 2239 610 2271 movere
630 2210 729 2270 non
749 2227 953 2286 poterat,
979 2223 1300 2282 Novariensis,
1332 2223 1412 2286 qui
1440 2223 1484 2271 ei
1512 2223 1818 2281 succedebat,
1844 2225 1987 2271 ambo
2013 2227 2123 2272 vota

345 2306 484 2352 simul
505 2305 674 2352 obtulit
696 2305 914 2367 sigillata,
941 2309 990 2352 ut
1012 2321 1172 2368 supra.
1200 2306 1431 2353 Omnibus
1451 2306 1571 2354 votis
1593 2307 1641 2353 in
1663 2307 1883 2365 calicem,
1907 2310 1960 2355 ut
1981 2322 2124 2370 supra

344 2387 532 2445 oblatis,
556 2386 976 2434 vicecancellarius
999 2391 1046 2434 et
1068 2388 1312 2446 SenensiS‚
1345 2388 1546 2450 quisque
1573 2389 1773 2436 calicem
1795 2389 1844 2435 in
1865 2404 1950 2436 suo
1970 2389 2120 2436 latere

343 2473 637 2532 acceperunt
675 2472 722 2516 et
758 2474 1036 2517 reverenter
1069 2486 1213 2532 super
1244 2471 1452 2517 tabulam
1483 2471 1749 2534 predictam
1783 2474 2117 2534 reposuerunt,

343 2554 422 2600 ubi
446 2553 679 2601 stantibus
707 2552 839 2615 ipsis,
873 2554 924 2598 ut
949 2542 1081 2614 prius
1107 2551 1527 2599 vicecancellarius
1557 2569 1700 2600 manu
1727 2553 1894 2600 dextra
1920 2552 2121 2600 calicem

343 2653 430 2699 per
458 2636 636 2683 nodum
658 2635 900 2698 accipiens
928 2638 976 2682 et
997 2634 1189 2700 sinistra
1207 2638 1432 2698 patenam
1453 2636 1662 2699 desuper
1688 2635 1902 2693 firmans,
1926 2635 2122 2683 revertit

344 2718 546 2766 calicem
574 2734 685 2766 cum
709 2721 883 2781 patena
919 2721 971 2764 ut
999 2717 1251 2764 schedulas
1282 2717 1409 2765 intus
1443 2718 1724 2777 revolveret,
1757 2722 1858 2766 tum
1887 2718 2038 2778 illum,
2071 2722 2122 2767 ut

345 2801 475 2864 prius
504 2805 622 2859 erat,
653 2804 763 2847 ante
790 2816 840 2847 se
867 2799 1056 2858 locavit,
1089 2803 1136 2846 et
1163 2799 1344 2846 elevata
1371 2799 1562 2847 sinistra
1585 2816 1728 2847 manu
1756 2800 2117 2863 aliquantulum,

345 2887 520 2946 patena
558 2883 724 2930 dextra
757 2899 925 2941 mann,
962 2898 1106 2930 unam
1144 2882 1423 2930 schedulam
1458 2899 1549 2946 que
1592 2883 1681 2931 sibi
1721 2883 1878 2947 primo
1901 2883 2122 2949 *occurrit

393 3041 428 3076 1.
457 3040 486 3076 Il
511 3040 604 3076 n'est
623 3051 688 3087 pas
708 3039 826 3075 moins
840 3039 915 3076 vrai
934 3051 1004 3088 que
1023 3040 1055 3077 le
1075 3039 1369 3077 vice-chancolier
1387 3041 1544 3078 Roderic
1562 3040 1711 3089 Borgia‚
1723 3041 1785 3089 qui
1810 3041 1897 3078 etait
1914 3040 1947 3078 le
1973 3041 2059 3079 chef
2073 3042 2118 3079 de

346 3099 441 3135 l'une
462 3100 525 3135 des
546 3099 640 3135 deux
660 3099 812 3135 factions
841 3099 902 3146 qui
921 3100 1172 3148 partageaient
1191 3100 1222 3137 le
1248 3100 1430 3146 conclave,
1456 3100 1627 3147 comptait
1651 3100 1774 3136 reunir
1792 3099 1846 3136 les
1872 3100 2053 3149 suffrages
2072 3101 2118 3138 de

348 3170 406 3194 ses
428 3159 609 3206 collegues
629 3160 650 3194 a
669 3157 730 3205 qui
746 3157 771 3194 il
791 3158 886 3194 avait
907 3158 1012 3194 offert
1035 3159 1100 3194 des
1120 3159 1287 3205 charges,
1306 3159 1350 3196 de
1377 3160 1543 3207 l'argent,
1566 3161 1630 3197 des
1650 3161 1831 3198 beneficos
1852 3165 1887 3197 et
1907 3173 1972 3198 son
1986 3173 2117 3211 propre

348 3217 461 3264 palais
481 3229 573 3265 pour
591 3229 732 3265 gagner
757 3217 855 3253 leurs
882 3217 980 3263 voix,
1014 3216 1106 3253 ainsi
1137 3228 1207 3264 que
1233 3217 1265 3253 le
1295 3218 1405 3255 relate
1435 3219 1721 3257 l'ambassadeur
1750 3220 1930 3268 Vespucci
1961 3221 2053 3258 dans
2075 3231 2118 3258 sa.

348 3276 507 3321 depeehe
527 3277 574 3312 du
589 3278 634 3313 21
652 3279 738 3313 aout
759 3277 851 3312 1484
879 3278 900 3312 a
925 3277 1082 3313 Laurent
1100 3276 1144 3312 de
1165 3275 1327 3313 Medicis.
1357 3277 1482 3325 (App.‚
1514 3285 1555 3314 n⁰
1589 3279 1662 3327 12.)
1682 3279 1827 3327 Voyant
1846 3279 1932 3327 qu’il
1959 3290 2005 3316 ne
2023 3291 2117 3328 pou—

349 3333 423 3369 vait
461 3335 608 3381 reussir,
646 3336 677 3371 le
705 3335 1004 3372 vice-chancelier
1034 3335 1158 3372 vendit
1189 3346 1230 3371 sa
1262 3335 1344 3372 voix
1376 3347 1422 3372 au
1454 3337 1615 3374 cardinal
1641 3339 1684 3375 de
1714 3339 1835 3375 Melfe.
1865 3340 1975 3387 (Voy.
2003 3339 2114 3386 App.‚

349 3397 391 3426 n⁰
411 3393 469 3436 26,
487 3393 568 3440 dep.
593 3394 641 3430 du
661 3396 706 3430 26
727 3398 813 3431 aout
834 3394 878 3430 de
897 3394 1076 3443 Vespucci
1092 3397 1113 3431 a
1131 3393 1293 3430 Laurent
1312 3393 1356 3431 de
1378 3395 1556 3444 Medicis.)
