2262 3958
375 320 443 357 408
980 295 1212 353 J‘OHANNIS
1245 315 1539 363 BURCHARDI,
1947 318 2028 360 [Mai
2050 318 2143 360 ιωοῑ

377 424 610 471 interesse
635 419 864 485 [deberet]
882 437 892 477 ;
911 417 1156 481 replicavit
1175 419 1294 466 mihi
1324 420 1558 468 Sanctitas
1573 436 1659 469 sua
1683 420 1964 485 pontificem
1986 420 2140 472 solum

378 510 425 554 et
446 506 674 552 duntaxat
703 502 1099 566 predecessorem
1131 518 1270 549 suum
1293 501 1468 551 debere
1505 503 1776 564 absolvere3
1810 503 1938 567 quod
1963 505 2141 568 placuit

377 593 514 637 Rmo.
540 592 597 636 D.
623 586 851 635 cardinali
871 583 1050 634 ibidem
1071 586 1282 648 presenti
1303 586 1383 649 qui
1406 589 1452 634 et
1472 586 1591 635 dixit
1610 602 1696 650 pro
1723 588 1871 638 missa
1891 591 2141 639 defuncto-

378 688 483 719 rum
505 674 682 734 Papam
710 670 758 717 in
774 684 925 733 cappa
945 673 992 717 et
1011 684 1109 716 non
1130 669 1179 715 in
1199 669 1391 733 pluviali
1417 669 1591 718 debere
1614 671 1660 718 in
1682 671 1927 734 publicum
1946 673 2109 723 venire
2126 691 2137 731 3

377 754 506 818 quod
527 758 573 802 et
594 755 652 803 de
673 758 874 815 utraque
904 756 1036 816 parte
1068 752 1214 800 hodie
1247 752 1336 801 fuit
1369 753 1673 802 observatum
1708 769 1795 818 pro
1831 755 1991 804 anima
2013 755 2154 823 bone·

322 835 326 839 ’
377 837 610 887 memorie
631 836 829 885 Matthie
851 833 1059 896 Ungarie
1087 835 1234 898 regis.

436 921 661 980 Sabbato,
695 924 713 967 1
747 920 878 978 maii,
903 919 1080 968 festum
1121 918 1448 982 apostolorum
1475 917 1681 981 Philippi
1703 922 1750 966 et
1773 917 1956 978 Jacobi,
1981 917 2063 968 ubi
2084 921 2148 967 R..

377 1008 429 1053 P.
449 1007 506 1052 D.
532 1004 784 1068 episcopus
807 1002 1180 1066 Senogalliensis
1205 1002 1462 1050 celebravit
1482 1002 1679 1048 missam
1701 1001 1970 1049 solemnem
1991 1001 2144 1058 in-ba-
2181 1051 2185 1055 ,

377 1088 511 1135 silica
538 1086 794 1134 duodecim
825 1085 1151 1150 apostolorum
1189 1085 1246 1134 de
1276 1085 1419 1144 Urbe,
1454 1084 1786 1133 novemdecim
1820 1084 2143 1134 cardinalibus

374 1170 697 1234 presentibus,
724 1172 859 1216 Rmo.
886 1172 943 1216 D.
969 1168 1210 1216 cardinale
1234 1184 1273 1215 s,
1298 1167 1427 1215 Petri
1455 1167 1515 1215 ad
1539 1167 1743 1216 Vincula
1773 1167 1992 1231 ejusdem
2012 1168 2142 1216 basi-

373 1253 464 1300 lice
487 1251 898 1300 commendatario
920 1251 967 1298 in
989 1251 1159 1298 ultimo
1180 1251 1288 1298 loco
1309 1254 1418 1313 post
1439 1265 1608 1299 omnes
1630 1251 1898 1300 cardinales
1920 1255 2074 1301 stante
2096 1256 2143 1301 et

375 1350 544 1384 omnes
566 1334 833 1382 cardinales
855 1333 1164 1382 advenientes
1187 1337 1321 1381 extra
1341 1337 1530 1396 portam
1549 1333 1745 1381 basilice
1767 1333 1842 1382 vel
1871 1334 2000 1383 circa
2018 1334 2143 1388 reci-

373 1419 552 1483 piente,
579 1417 785 1481 demptis
821 1416 1132 1465 Ulixbonensi
1156 1419 1203 1464 et
1224 1415 1427 1464 Senensi
1461 1416 1541 1478 qui
1568 1421 1794 1465 venerant
1816 1421 1926 1466 ante
1946 1416 2105 1481 ipsum
2129 1433 2140 1466 :

375 1502 503 1550 idem
525 1500 781 1548 cardinalis
804 1516 842 1547 S.
867 1499 996 1548 Petri
1027 1499 1087 1547 ad
1114 1498 1319 1549 Vincula
1353 1498 1521 1546 habuit
1556 1515 1726 1563 pacem
1747 1515 1775 1547 a
1796 1500 2044 1564 capellano
2064 1514 2144 1548 as-

377 1584 574 1632 sistente
595 1587 703 1648 post
725 1598 894 1631 omnes
925 1582 1209 1630 cardinales,
1235 1581 1391 1629 Finita
1422 1581 1586 1642 missa,
1612 1583 1900 1647 interrogavi
1921 1583 1980 1632 ab
2002 1598 2061 1632 eo
2081 1599 2144 1632 au

376 1667 702 1731 indulgentias
724 1682 752 1714 a
772 1666 1093 1714 cardinalibus
1119 1669 1284 1729 petere
1317 1664 1546 1714 deberem
1567 1682 1576 1713 z
1602 1666 1850 1730 respondit
1880 1666 2001 1715 mihi
2022 1681 2146 1732 opus

379 1766 474 1798 non
497 1766 622 1799 esse.
649 1750 907 1799 Celebrans
928 1749 1045 1797 dixit
1073 1763 1219 1796 unam
1240 1748 1510 1797 orationem
1540 1752 1724 1798 tantum
1750 1753 1799 1799 et
1826 1749 2145 1814 prefationem

382 1834 440 1882 de
459 1834 705 1897 apostoliS.
732 1833 903 1881 Omnia
920 1832 1012 1880 alia
1037 1832 1288 1880 observata
1307 1835 1418 1879 sunt
1437 1847 1571 1880 more
1594 1837 1844 1881 consueto.

441 1915 709 1974 Dominica,
735 1918 762 1962 9
790 1914 921 1973 maii,
944 1914 1107 1963 habite
1138 1919 1247 1962 sunt
1276 1915 1443 1978 nuptie
1466 1915 1571 1962 Ursi
1602 1914 1659 1963 de
1691 1915 1873 1963 Ursinis
1900 1919 1998 1964 RR.
2034 1918 2136 1964 ΠΙ).
2158 1942 2183 1967 ς

375 1998 771 2048 Vicecancellarii
790 1999 849 2045 ad
870 2014 988 2061 quas
1012 1998 1207 2046 nomine
1235 1998 1451 2062 ejusdem
1475 1998 1728 2046 cardinalis
1750 2014 1806 2046 ac
1833 1999 2143 2062 sponsiinvi-

376 2082 459 2130 tati
489 2086 598 2130 sunt
623 2081 810 2129 nobiles
837 2081 959 2128 infra
984 2081 1282 2141 nominandi,
1317 2097 1436 2145 quos
1472 2082 1729 2144 equitando
1759 2097 1959 2130 romano
1987 2097 2141 2143 more,

376 2164 423 2210 in
443 2164 679 2210 honorem
702 2162 866 2225 sponsi
888 2163 1120 2212 associavi
1141 2164 1200 2212 de
1223 2165 1345 2212 scitu
1367 2169 1414 2212 et
1436 2165 1680 2213 voluntate
1707 2164 1910 2228 predicti
1932 2165 2058 2213 Rmi.
2082 2168 2140 2214 D..

375 2246 563 2310 prefati,
594 2246 686 2292 hoc
707 2241 875 2293 ordine
902 2261 912 2293 ε
935 2246 1077 2309 primi
1098 2247 1290 2296 fuerunt
1319 2250 1375 2295 D.
1409 2248 1658 2296 Mauritius
1684 2247 1800 2296 Cibo
1820 2248 1967 2297 frater
1992 2250 2139 2313 Pape,

376 2329 562 2378 medius
579 2329 704 2377 inter
721 2328 1025 2392 capitaneum
1047 2331 1278 2389 Ecclesie,
1293 2330 1516 2378 videlicet
1537 2333 1593 2378 D.
1610 2330 1858 2378 Nicolaum
1878 2330 1937 2379 de
1959 2331 2142 2379 Ursinis

377 2413 604 2460 comitem
632 2427 660 2459 a
693 2412 900 2459 dexteris
929 2415 976 2460 et
999 2413 1307 2460 Franciscum
1342 2414 1457 2462 Cibo
1490 2414 1643 2461 filium
1679 2417 1806 2478 Pape
1840 2430 1869 2462 a
1901 2414 2138 2472 sinistris;

377 2511 494 2558 quos
528 2500 686 2542 tamen
719 2494 786 2541 sic
816 2494 1046 2554 ordinavi,
1081 2495 1166 2543 sed
1194 2495 1242 2542 in
1271 2495 1431 2543 medio
1456 2496 1775 2559 capitaneum,
1801 2511 1830 2544 a
1848 2496 2058 2545 dexteris
2079 2500 2137 2546 D.

375 2577 664 2635 Mauritium,
695 2593 723 2623 a
758 2576 962 2624 sinistris
995 2580 1052 2624 D.
1086 2578 1394 2626 Franciscum
1431 2579 1667 2627 collocare
1701 2579 1978 2641 debueram,
2013 2581 2140 2644 quod

376 2665 510 2708 extra
540 2661 587 2707 in
622 2663 676 2707 D.
707 2648 916 2708 Mauritii
950 2660 1187 2709 honorem
1218 2677 1314 2708 non
1346 2661 1434 2710 fuit
1470 2662 1804 2720 observatum;
1842 2667 1951 2726 post
1987 2663 2078 2712 hos
2112 2680 2142 2712 a

376 2743 586 2792 dexteris
607 2747 768 2791 orator
785 2742 912 2806 regis
934 2744 1151 2803 Francie,
1173 2760 1201 2791 a
1221 2745 1425 2794 sinistris
1443 2747 1575 2810 prior
1596 2747 1735 2795 Urbis
1753 2748 2139 2812 consanguineus

377 2827 538 2890 sponsi
566 2826 691 2874 inter
724 2826 934 2890 primum
964 2831 1206 2876 oratorem
1227 2829 1354 2892 regis
1371 2830 1598 2894 Hispanie
1625 2846 1653 2878 a
1672 2830 1880 2879 dexteris
1902 2835 1950 2880 et
1970 2846 2138 2895 quem-

376 2909 485 2957 dam
525 2910 727 2959 militem
764 2911 1176 2974 consanguineum
1216 2897 1377 2976 sponsi
1416 2929 1444 2960 a
1479 2912 1713 2971 sinistris;
1749 2914 1866 2962 item
1896 2914 2136 2963 secundus

375 2997 538 3041 orator
559 2993 686 3057 regis
699 2993 925 3057 Hispanie
944 3009 971 3041 a
992 2994 1218 3055 dexteris,
1239 2996 1607 3059 Christophorus
1627 2996 1839 3044 Buffalus
1857 3013 1885 3044 a
1905 2996 2132 3058 sinistris;

375 3076 491 3123 item
522 3080 683 3124 orator
712 3076 1027 3126 Venetiarum
1055 3093 1084 3125 a
1121 3078 1330 3127 dexteris
1366 3083 1413 3127 et
1445 3078 1818 3127 Mediolanensis
1848 3095 1876 3126 a
1902 3079 2133 3138 sinistris;

374 3158 489 3205 item
508 3163 669 3207 orator
688 3162 972 3208 Mantuanus
994 3177 1022 3208 a
1041 3161 1250 3209 dexteris
1271 3164 1596 3220 Montacroce,
1622 3178 1651 3209 a
1671 3162 1875 3210 sinistris
1894 3164 1950 3209 D.
1975 3161 2137 3210 Domi-

374 3242 507 3288 nicus
527 3244 686 3290 Aurea
705 3243 982 3307 capitaneus
999 3245 1187 3308 palatii3
1210 3244 1326 3292 item
1355 3246 1410 3291 D.
1437 3244 1674 3292 Gerardus
1702 3244 1972 3293 Ususmaris
1994 3244 2138 3308 depo-

375 3325 564 3374 sitarius
593 3330 720 3391 Pape
747 3344 775 3375 a
795 3327 1003 3376 dexteris
1025 3333 1072 3377 et
1097 3328 1348 3376 Gratianus
1379 3327 1536 3385 mileS‚
1569 3327 1862 3375 camerarius
1883 3326 2136 3375 cardinalis

374 3405 432 3454 de
454 3409 601 3469 Fuxo,
632 3425 660 3457 a
683 3410 911 3467 sinistris3
934 3414 1043 3474 post
1068 3411 1158 3459 hos
1179 3409 1379 3460 Romani
1401 3413 1449 3459 et
1475 3410 1652 3459 familie
1680 3410 1990 3466 cardinalium
2013 3425 2024 3456 :
2049 3409 2134 3459 sed
