2262 3958
339 310 409 346 534
1085 310 1365 349 APPENDICE.

341 409 573 463 prefectus,
597 410 812 463 Regulum
834 410 1179 453 otlumannidem
1195 412 1485 465 humanitate,
1503 415 1668 459 honore
1684 419 1988 473 obsequtoque
2010 433 2119 473 pro--

343 475 555 528 sequitur.

341 569 1269 583 ...............

343 632 2107 659 ···························

653 727 854 779 «Pompa
871 740 955 780 qua
974 734 1163 781 eoeceptus
1183 737 1245 771 est
1262 744 1287 772 α
1306 731 1483 775 Rhodiis
1503 746 1581 776 rex
1599 738 1802 789 Zyzymy.

394 845 415 868 α
438 832 606 871 Interea
629 828 760 882 Regis
778 828 974 871 aduentu
991 831 1213 882 nunciato,
1234 836 1445 884 parantur
1464 846 1550 887 que
1575 848 1738 890 pompe
1757 838 1951 899 deceant.
1977 839 2111 881 Strui·

338 900 411 936 tur
429 895 486 937 ad
500 907 622 936 mare
637 894 812 948 ligneus
832 906 945 947 pons
966 897 1050 949 qui
1058 897 1398 939 descendentem
1417 900 1602 952 excipiat
1621 892 1804 955 regem:
1826 902 1973 955 pontis
1992 902 2108 944 enim

338 961 595 1015 longitudo
584 972 629 1002 1n
650 971 772 1001 mare
800 964 1007 1012 protensa
1035 962 1186 1004 decem
1204 962 1295 1004 fere
1313 974 1528 1015 passuum
1553 965 1657 1015 fuit;
1690 966 1874 1009 latitudo
1902 970 2106 1020 quatuor,

338 1028 498 1081 quibus
537 1038 650 1080 equo
687 1028 829 1081 gradu
857 1029 1009 1080 plures
1046 1030 1246 1072 incedere
1281 1034 1478 1083 possent,
1513 1031 1779 1073 attrebatum
1813 1033 1972 1084 pannis
2000 1038 2108 1075 auro

336 1097 519 1147 argento
540 1093 677 1135 serico
702 1093 893 1145 lanaque
916 1096 1132 1136 contextis
1152 1109 1162 1136 :
1185 1107 1264 1147 pro
1283 1097 1503 1149 gallorum
1523 1096 1753 1149 belgarum
1777 1107 1900 1138 more
1919 1097 2010 1150 (qui
2026 1097 2107 1138 hu-

334 1159 454 1199 iusce
473 1158 579 1199 artis
599 1158 849 1198 inventores
872 1161 914 1199 et
935 1161 1169 1210 peritiores
1189 1164 1399 1212 putantur
1417 1172 1530 1212 pons
1562 1165 1763 1211 ornatum
1785 1162 1855 1203 via
1876 1163 1992 1203 enim
2021 1173 2124 1215 qua-

335 1224 497 1275 pedum
512 1224 696 1276 vestigia
717 1223 971 1264 incedentes
984 1229 1236 1276 premerent
1250 1238 1260 1275 ;
1280 1226 1532 1266 thurcorum
1549 1226 1674 1278 pictis
1689 1227 1847 1278 tapetis
1869 1228 2106 1269 stermitur.

335 1289 424 1329 Vici
443 1296 530 1341 qua
551 1291 674 1340 parte
697 1288 892 1328 eundum
912 1287 1007 1339 fuit,
1030 1291 1159 1332 mirto
1192 1290 1376 1332 floribus
1408 1301 1592 1332 suauem
1614 1291 1793 1343 quidem
1819 1291 1999 1332 odorem
2019 1292 2110 1344 spi-

334 1354 534 1396 rantibus
554 1354 745 1406 respersi
761 1365 811 1394 ac
828 1355 1039 1396 varietate
1057 1359 1162 1396 sunt
1183 1356 1391 1397 distincti.
1408 1356 1623 1397 Primores
1641 1368 1691 1398 ac
1706 1357 1878 1409 plebeia
1893 1368 2004 1411 gens
2022 1368 2108 1410 que

334 1416 390 1460 ad
411 1419 707 1471 spectaculum
727 1424 1010 1471 conuenerat,
1032 1420 1126 1462 vias
1146 1421 1365 1463 obsident.
1396 1423 1591 1463 Matrone
1617 1433 1666 1463 ac
1683 1426 1818 1474 nupte
1838 1421 2108 1496 innupteq‘ue

333 1486 476 1537 puelle
496 1486 554 1527 ad
567 1485 783 1527 fenestras
805 1486 984 1534 sedent;
1007 1486 1238 1538 Reliquum
1265 1487 1425 1540 vulgus
1447 1489 1561 1527 tecta
1580 1486 1833 1527 conscendit
1856 1489 1905 1527 ut
1930 1484 2108 1528 venien·

334 1555 422 1592 tem
443 1550 710 1603 conspiciant
731 1562 895 1604 regem.
919 1551 1076 1592 Nauim
1101 1555 1203 1592 ante
1235 1555 1388 1603 portus
1417 1552 1611 1592 hostium
1641 1550 1843 1592 anchoris
1875 1551 2108 1593 subnixam

334 1616 499 1658 Rhodia
521 1616 711 1656 triremis
729 1616 1047 1668 propinquam,
1067 1628 1218 1670 regem
1239 1617 1459 1678 excipiens
1477 1617 1533 1657 ad
1551 1621 1732 1669 pontem
1750 1616 1882 1658 vehit.
1901 1614 2109 1658 Premissi

334 1685 436 1723 sunt
456 1686 705 1734 prestantes
725 1683 932 1723 senatorii
953 1680 1119 1723 ordinis
1137 1673 1323 1734 equites,
1342 1679 1418 1734 qui
1438 1685 1630 1736 Zyzymy
1649 1682 1989 1724 descendentem
2009 1692 2109 1724 con-

335 1744 541 1788 salutent.
563 1748 651 1788 Nos
674 1748 875 1799 sequitur
893 1747 1055 1801 longus
1072 1746 1337 1788 famulorum
1358 1747 1465 1789 ordo
1489 1759 1499 1788 :
1521 1748 1707 1801 insignis
1723 1747 1924 1800 magistri
1937 1741 2109 1790 redimi-

332 1812 476 1853 torum
492 1813 673 1865 gallicos
691 1816 845 1853 cantus
866 1812 1136 1853 vibrancium
1160 1825 1169 1852 :
1192 1812 1348 1853 deinde
1370 1813 1556 1853 iuuenes
1585 1814 1724 1865 prime
1753 1811 1976 1866 lanuginis
1999 1812 2106 1854 mili-

335 1883 398 1919 tes
426 1879 801 1929 hierosolimitani,
824 1878 1073 1920 lucentibus
1110 1877 1234 1929 equis
1262 1877 1521 1927 insidentes,
1558 1880 1705 1930 totque
1727 1880 1850 1918 veste
1882 1877 2044 1918 sericea
2064 1881 2107 1919 et

332 1944 562 1997 splendido
584 1948 741 1984 ornatu
776 1944 982 1991 distincti,
1002 1941 1224 1982 incedunt.
1249 1942 1504 1994 Magistrum
1537 1946 1637 1994 post
1662 1942 1743 1983 hos
1778 1942 1967 1996 insignis
1991 1941 2107 1984 vehit

332 2010 528 2062 sonipes,
560 2009 815 2061 spumancia
836 2008 960 2049 frena
980 2008 1214 2058 mandens,
1239 2009 1385 2049 aureis
1412 2007 1561 2049 fibulis
1593 2009 1872 2061 phalerisque
1902 2012 2101 2059 ornatus,

331 2075 407 2128 qui
425 2075 660 2127 hynnitum
688 2074 836 2126 sepius
867 2073 1018 2121 edens,
1054 2073 1244 2124 superbe
1272 2073 1485 2126 graditur,
1516 2074 1565 2112 ut
1599 2082 1655 2112 ne
1683 2071 1861 2123 quidem
1889 2067 2107 2127 magistro

329 2140 581 2192 quempiam
597 2139 809 2180 adherere
829 2138 1025 2179 laciniori
1053 2137 1229 2178 incessu
1258 2139 1495 2190 permittat.
1529 2138 1715 2177 Senatus
1741 2135 1919 2188 quidem
1935 2132 2102 2190 grauis,

330 2204 454 2255 equis
471 2207 620 2245 vectus
643 2205 944 2256 subsequitur.
969 2203 1105 2244 Edem
1126 2204 1264 2243 sancti
1282 2203 1527 2244 Sebastiani
1546 2201 1639 2242 foro
1662 2202 1791 2243 sitam
1810 2201 1864 2242 de
1888 2195 2103 2242 industria

327 2269 538 2322 magister
557 2280 647 2310 non
667 2269 839 2319 transit,
860 2268 1048 2320 illucque
1066 2268 1245 2309 obuiam
1260 2269 1380 2310 venit
1394 2279 1470 2309 rex
1489 2270 1681 2320 Zyzymy
1698 2266 1888 2319 superbo
1904 2266 2103 2307 insidens

327 2344 456 2385 equo,
478 2331 579 2373 fidis
600 2333 832 2373 comitatus
855 2333 1069 2386 profugis.
1098 2334 1336 2385 Postquam
1363 2334 1625 2386 magistrum
1652 2343 1729 2372 rex
1752 2330 2004 2383 conspexit;
2035 2333 2105 2371 ter

330 2398 464 2450 digito
499 2397 709 2438 labellum
748 2399 1028 2448 compescuit,
1066 2399 1141 2450 qui
1175 2410 1271 2439 mos
1297 2401 1365 2439 est
1396 2398 1685 2439 barbarorum
1713 2397 1972 2448 principum,
2004 2405 2102 2435 cum

327 2466 480 2503 mutua
500 2462 751 2503 reuerencia
773 2472 871 2502 sese
892 2461 1102 2503 afficiunt.
1125 2463 1332 2514 Magister
1350 2466 1497 2503 autem
1525 2473 1605 2514 pro
1635 2472 1756 2501 more
1779 2460 2019 2512 principem
2033 2470 2100 2500 re-

328 2530 518 2568 ueretur.
548 2527 730 2567 Reddita
749 2527 1031 2577 salutatione,
1054 2527 1230 2567 dextras
1254 2527 1457 2580 iungunt,
1482 2530 1524 2567 et
1543 2537 1622 2578 per
1637 2526 1919 2576 interpretem
1952 2523 2100 2566 confa-

329 2592 548 2641 bulanteS‚
571 2591 626 2632 ad
643 2591 748 2632 edes
769 2592 966 2643 equitant
997 2595 1190 2644 paratas.
1227 2593 1309 2633 Ubi
1340 2592 1398 2633 ad
1427 2592 1594 2644 palacia
1621 2591 1870 2632 francorum
1903 2591 2099 2643 equitum

329 2655 573 2710 (magnifice
589 2656 646 2697 ad
666 2657 745 2697 hec
765 2656 936 2710 ornata)
955 2661 1135 2698 ventum
1157 2661 1238 2708 est,
1265 2670 1314 2698 eo
1333 2652 1529 2706 dimisso,
1550 2658 1761 2710 magister
1779 2667 1884 2705 suas
1901 2655 2005 2698 edes
2026 2668 2098 2710 pe-

326 2723 392 2763 tit.
414 2724 504 2763 Rex
523 2733 626 2763 vero
645 2733 698 2762 ex
724 2733 836 2774 equo
867 2723 911 2762 in
940 2723 1076 2774 pedes
1099 2734 1196 2764 sese
1223 2723 1396 2776 agiliter
1416 2723 1571 2775 excipit
1592 2734 1602 2762 ε
1624 2733 1674 2763 ac
1708 2721 1895 2762 duorum
1927 2714 2099 2763 medius

325 2788 577 2828 thurcorum
593 2787 771 2828 honoris
791 2798 922 2828 causa
940 2788 1068 2828 ulnas
1091 2789 1448 2838 sustentantium,
1470 2789 1609 2829 scalas
1628 2787 1943 2837 conscendenS,
1969 2797 2099 2839 pene—

325 2854 450 2894 tralia
469 2853 715 2906 ingreditur
737 2866 746 2893 :
768 2845 1083 2905 barbaricoque
1110 2864 1217 2906 sago
1248 2854 1431 2903 abiecto,
1465 2853 1729 2894 lectisternio
1750 2863 1828 2904 pro
1847 2852 2098 2892 thurcorum

325 2930 446 2960 more
466 2918 589 2960 flexis
607 2919 846 2970 poplitibus
865 2919 990 2959 sedit.
1010 2919 1068 2959 Ea
1091 2919 1160 2959 die
1179 2919 1347 2959 artibus
1364 2919 1456 2960 sale
1469 2918 1723 2964 tabentibus
1744 2917 1869 2970 quies
1892 2917 1991 2958 data
2011 2920 2095 2959 est·

850 3072 867 3092 ι
891 3059 1078 3109 Zyzymy
1099 3056 1154 3096 ad
1172 3058 1418 3108 Magistrum
1439 3056 1579 3095 verba.

380 3173 395 3191 ι
420 3157 631 3198 Postridie
652 3157 745 3197 eius
767 3157 868 3207 diei,
887 3157 1150 3209 magistrum
1170 3168 1316 3197 coram
1336 3156 1574 3207 alloquitur
1595 3167 1671 3197 rex
1687 3156 1754 3196 his
1774 3156 1920 3197 verbis
1944 3168 1953 3196 ε
1972 3156 2094 3196 Pres-

326 3222 569 3262 tantissime
585 3223 798 3274 magister
817 3222 1177 3274 inclitissimeque
1197 3222 1401 3274 princeps
1425 3233 1436 3260 ι
1455 3221 1654 3273 germani
1677 3221 1837 3262 seuicia
1857 3231 1927 3261 me
1946 3229 2093 3272 perse-

324 3289 500 3336 quente,
522 3298 706 3339 cumque
726 3299 822 3328 sors
850 3299 901 3328 eo
929 3298 998 3327 me
1019 3288 1263 3340 redegisset
1286 3291 1334 3328 ut
1351 3287 1552 3327 aduersis
1571 3286 1725 3326 cedere
1742 3297 1874 3338 quam
1893 3285 1938 3325 in
1962 3283 2094 3325 fortu-

322 3361 424 3390 nam
444 3352 592 3391 conari
610 3353 829 3393 salubrius
846 3353 989 3393 visum
1010 3355 1141 3401 esset,
1165 3353 1302 3393 multa
1323 3351 1459 3392 menti
1478 3358 1730 3404 occurrunt3
1746 3355 1830 3395 huc
1842 3357 1974 3405 atque
1990 3352 2092 3393 illuc

321 3415 514 3455 animum
533 3420 797 3458 conuertens
815 3417 871 3458 ad
891 3429 1003 3469 quos
1023 3417 1304 3469 confugerem
1327 3428 1414 3458 non
1437 3417 1544 3457 satis
1579 3420 1810 3470 prospicio.
1833 3420 2019 3459 Demum
2038 3420 2087 3456 tu
