2262 3958
242 294 451 339 [Decembre
474 293 565 334 1486]
684 290 853 327 RERUM
888 288 1191 327 URBANARUM
1225 287 1575 326 COMMENTARH.
1722 256 1730 263 ‘
1956 293 2027 327 229

246 399 400 445 tector
431 393 611 442 ordinis
643 393 885 441 minorum
922 392 1034 439 dixit
1065 390 1297 454 magistro
1332 391 1490 455 palatii
1523 397 1889 456 procuratorem
1918 411 2024 443 esse

244 479 493 529 hominem
516 478 851 542 approbatum,
879 480 1137 540 propterea
1157 491 1252 521 non
1278 475 1455 524 debere
1485 493 1668 525 curare.
1700 478 1913 526 Tandem
1937 481 2021 528 SS

245 565 303 611 D.
328 564 384 611 N.
410 577 488 610 me
511 560 853 623 interrogando
869 559 984 608 dixit
1003 559 1133 621 quod
1145 563 1506 622 procuratorem
1529 561 1588 608 ad
1607 562 1840 609 orandum
1857 562 2028 610 admit-

242 651 393 696 terem
413 663 423 706 ;
449 645 655 707 accessit
672 650 834 693 tamen
854 643 987 707 prius
1010 642 1154 690 etiam
1174 642 1234 690 ad
1255 643 1302 690 id
1314 643 1545 706 magister
1564 644 1829 707 predictus,
1854 645 2025 693 intuitu

245 730 369 780 Rmi.
397 733 454 778 D.
492 728 748 777 cardinalis
777 726 1000 792 predicti,
1035 725 1149 774 licet
1181 727 1286 788 ejus
1324 727 1576 775 consentio
1611 744 1707 776 non
1745 733 1890 777 esset.
1923 729 2028 777 Alia

241 814 403 863 omnia
418 809 671 863 observata
692 815 804 860 sunt
823 825 957 858 more
980 810 1139 858 solito.

307 897 539 947 Existimo
561 899 723 944 autem
741 898 1108 958 procuratorem
1132 907 1409 940 sermonem
1431 908 1528 942 non
1552 895 1821 943 ostendisse
1850 897 2030 960 magis-

239 987 313 1031 tro
330 997 418 1046 per
435 995 492 1028 ea
514 979 643 1043 quod
664 978 876 1027 dicturus
899 982 1025 1035 erat;
1047 981 1094 1025 et
1115 975 1228 1023 dixit
1251 975 1299 1022 in
1323 976 1404 1023 illo
1427 977 1555 1040 quod
1574 978 1716 1025 beata
1727 979 1877 1027 Maria
1896 979 2030 1042 virgo

241 1068 480 1128 concepta
505 1067 634 1111 esset
656 1062 758 1110 sine
771 1065 974 1126 peccato
989 1059 1229 1123 originali,
1241 1060 1379 1123 juxta
1395 1060 1673 1123 opinionem
1691 1061 2028 1121 Scotistarum‚

241 1148 374 1212 quod
395 1151 468 1195 est
497 1150 667 1195 contra
702 1145 980 1210 opinionem
1014 1143 1374 1192 Thomistarum
1412 1160 1470 1192 ex
1500 1144 1673 1208 quibus
1702 1149 1774 1194 est
1803 1145 2033 1210 magister

238 1231 418 1296 palatii.

311 1314 567 1364 Dominica
605 1313 748 1362 tertia
781 1312 1029 1372 adventus,
1072 1315 1126 1359 17
1159 1311 1450 1373 decembris,
1494 1312 1542 1359 in
1580 1314 1764 1378 capella
1794 1314 2028 1378 predicta,

244 1402 412 1448 RmuS.
458 1401 514 1447 D.
553 1397 808 1446 cardinalis
847 1395 1096 1460 Agriensis
1132 1395 1389 1444 celebravit
1435 1395 1633 1444 missam
1673 1397 1943 1445 solemnem
1983 1397 2031 1445 in

243 1482 539 1547 paramentis
572 1480 817 1538 violaceis,
857 1482 985 1543 Papa
1011 1483 1236 1543 presente
1272 1495 1282 1527 :
1315 1478 1431 1527 dixit
1457 1482 1662 1542 quatuor
1688 1479 1948 1538 orationeS,
1981 1483 2032 1527 ut

246 1583 406 1630 supra,
442 1566 491 1613 in
529 1565 742 1614 secunda
768 1563 1028 1612 dominica.
1068 1565 1355 1611 Sermonem
1389 1562 1505 1611 fecit
1532 1568 1819 1627 procurator
1851 1563 2032 1611 ordinis

243 1667 284 1699 s.
314 1649 566 1713 Augustini
596 1649 962 1697 heremitarum.
1003 1652 1114 1697 Post
1149 1647 1366 1706 missam,
1403 1646 1688 1710 interrogavi
1718 1647 2032 1695 Sanctitatem

251 1745 387 1782 suam
420 1748 481 1781 an
515 1732 758 1780 dominica
792 1732 953 1780 futura
987 1749 1078 1795 que
1122 1735 1251 1779 esset
1283 1730 1444 1794 vigilia
1476 1730 1648 1778 natalis
1683 1730 1858 1778 Christi
1892 1730 2032 1779 vellet

243 1817 371 1864 ha'nc
391 1816 589 1864 missam
607 1820 890 1863 consuetam
912 1820 1113 1880 propter
1133 1830 1359 1878 vesperas
1374 1813 1448 1861 vel
1462 1830 1577 1873 non,
1595 1818 1642 1861 et
1657 1830 1800 1876 quem
1815 1814 2032 1861 ordinem

239 1899 381 1949 vellet
408 1899 651 1948 observari
680 1899 728 1947 in
759 1900 1048 1948 lectionibus
1086 1898 1304 1946 dicendis
1344 1898 1392 1945 in
1422 1897 1667 1945 matutinis
1701 1898 1828 1946 illius
1856 1899 2029 1948 noctis

245 1983 485 2032 Sanctitas
518 1998 623 2042 sua,
661 1983 827 2031 habita
859 1999 969 2030 cum
1003 1981 1323 2030 cardinalibus
1362 1997 1509 2045 super
1532 1981 1626 2029 hoc
1663 1981 2030 2043 deliberatione,

246 2066 488 2116 mandavit
509 2066 754 2115 dominica
773 2067 930 2114 futura
948 2066 1146 2114 missam
1168 2066 1226 2113 de
1249 2065 1410 2128 vigilia
1426 2065 1793 2129 Domini,prout
1809 2065 2032 2114 ordinare

226 2150 497 2216 disposuit,
521 2150 615 2198 dici
636 2150 833 2210 debere,
865 2155 913 2197 et
939 2149 1172 2198 lectiones
1196 2149 1244 2196 in
1273 2149 1520 2196 matutinis
1542 2154 1684 2212 prout
1705 2149 2032 2212 superioribus

241 2236 380 2285 annis
411 2251 498 2284 suo
533 2240 747 2299 tempore
788 2235 875 2283 suit
907 2235 1229 2282 observatum.
1266 2232 1526 2281 Celebrans
1555 2231 1604 2278 in
1636 2232 1728 2279 hac
1759 2232 1907 2279 missa
1935 2248 2032 2280 non

249 2320 367 2369 dixit
387 2338 396 2367 :
420 2319 530 2369 Pax
550 2319 692 2379 vobiS,
719 2319 805 2367 sed
830 2336 840 2367 :
864 2319 1096 2367 Dominus
1119 2318 1373 2376 vobiscum,
1396 2320 1538 2379 prout
1559 2315 1606 2363 id
1627 2315 1732 2363 fieri
1754 2316 1915 2364 debet.

306 2403 561 2454 Dominica
595 2407 766 2466 quarta
795 2403 1047 2459 adventuS‚
1088 2401 1251 2465 vigilia
1289 2399 1544 2448 nativitatis
1568 2398 1826 2447 Salvatoris
1860 2400 2030 2459 nostri,

243 2491 305 2537 24
325 2487 618 2547 decembris,
640 2487 688 2534 in
714 2486 901 2551 capella
931 2485 1221 2550 supradicta,
1254 2487 1309 2532 R.
1329 2484 1378 2531 in
1404 2482 1593 2531 Christo
1626 2485 1679 2530 P.
1712 2485 1769 2530 D.
1797 2483 2032 2531 Antonius

242 2572 502 2637 episcopus
522 2570 773 2620 Auriensis
795 2569 1007 2618 datarius
1030 2567 1289 2618 celebravit
1312 2567 1511 2615 missam
1540 2566 1809 2614 solemnem
1830 2567 1875 2614 in
1894 2583 2034 2631 ⁴para-

242 2655 417 2704 mentis
452 2655 647 2720 prelatis
678 2653 922 2703 consuetis
952 2653 1011 2701 de
1044 2652 1205 2717 vigilia
1235 2651 1352 2699 dixit
1387 2655 1592 2715 quatuor
1625 2650 1869 2698 orationes
1897 2666 1908 2696 :
1935 2649 2033 2713 pri—

247 2753 396 2797 mam,
413 2738 474 2786 de
493 2738 678 2802 vigilia;
699 2737 979 2797 secundam,
998 2737 1056 2785 de
1085 2735 1353 2794 dominica3
1378 2735 1770 2795 tertiam,contra
1792 2749 2029 2798 paganos;

247 2827 294 2870 et
315 2824 554 2884 quartam,
579 2838 665 2885 pro
685 2824 833 2885 Papa,
858 2824 906 2868 et
925 2820 1246 2884 prefationem
1268 2820 1327 2868 de
1346 2819 1570 2868 adventu.

310 2907 440 2968 Papa
455 2904 584 2952 venit
613 2904 674 2952 ad
699 2904 935 2968 capellam
957 2919 1069 2951 cum
1090 2907 1296 2966 quatuor
1317 2907 1503 2951 tantum
1531 2900 1869 2960 cardinalibus,
1902 2900 2033 2949 vide-

252 2987 391 3037 licet:
410 2987 726 3052 Neapolitano
743 2991 790 3036 et
805 2987 957 3035 tribus
974 2986 1208 3034 diaconis.
1233 2986 1574 3050 Neapolitanus
1599 2983 1882 3032 ministravit
1903 2983 2035 3031 navi-

248 3071 407 3120 culam
440 3088 528 3136 pro
558 3072 757 3120 incenso
791 3086 901 3119 cum
927 3070 1086 3118 nullus
1119 3074 1248 3117 esset
1274 3069 1542 3134 presbyter.
1577 3070 1825 3119 Venerunt
1858 3066 2031 3115 deinde

252 3155 520 3220 presbyteri
547 3160 594 3204 et
619 3156 871 3204 observata
899 3158 1010 3202 sunt
1036 3170 1170 3202 more
1200 3152 1340 3200 solito
1369 3152 1550 3201 omnia.
1582 3154 1727 3199 Facta
1754 3154 1800 3198 et
1827 3166 1855 3198 a
1876 3150 2033 3199 cardi-

253 3239 441 3287 nalibus
462 3240 731 3288 reverentia
754 3243 802 3288 et
827 3239 971 3299 male,
1002 3254 1114 3286 cum
1147 3237 1242 3284 hoc
1274 3251 1471 3300 vespere
1507 3235 1636 3283 illam
1671 3234 1766 3281 sint
1789 3234 1957 3282 facturi
1986 3240 2033 3284 et

250 3339 346 3370 non
369 3322 543 3371 debeat
569 3323 642 3370 bis
670 3323 773 3372 fieri
799 3323 848 3370 in
881 3323 981 3382 die;
1015 3321 1368 3369 inadvertenter
1398 3323 1561 3368 tamen
1591 3317 1770 3366 sactum
1797 3322 1886 3367 est.
1926 3322 2032 3368 Non

250 3406 336 3455 suit
359 3423 538 3454 sermo.
564 3406 718 3455 Finita
734 3407 898 3466 missa,
925 3422 1001 3454 me
1025 3420 1270 3468 cumpace
1293 3402 1525 3467 impedito
1547 3417 1601 3450 ac
1624 3402 1768 3450 sociis
1790 3402 1911 3450 meis
1935 3417 2031 3449 non
