<?xml version="1.0" encoding="UTF-8"?>
<!DOCTYPE html PUBLIC "-//W3C//DTD XHTML 1.0 Transitional//EN"
    "http://www.w3.org/TR/xhtml1/DTD/xhtml1-transitional.dtd">
<html xmlns="http://www.w3.org/1999/xhtml" xml:lang="en" lang="en">
 <head>
  <title>
</title>
<meta http-equiv="Content-Type" content="text/html;charset=utf-8" />
  <meta name='ocr-system' content='tesseract 3.04.00' />
  <meta name='ocr-capabilities' content='ocr_page ocr_carea ocr_par ocr_line ocrx_word'/>
</head>
<body>
  <div class='ocr_page' id='page_1' title='image "./diariumsivererum01burcuoft_0032.png"; bbox 0 0 2262 3958; ppageno 0'>
   <div class='ocr_carea' id='block_1_1' title="bbox 333 333 2095 381">
    <p class='ocr_par' dir='ltr' id='par_1_1' title="bbox 333 333 2095 381">
     <span class='ocr_line' id='line_1_1' title="bbox 333 333 2095 381; baseline -0.002 -10"><span class='ocrx_word' id='word_1_1' title='bbox 333 336 381 372; x_wconf 78' lang='lat'>22</span> <span class='ocrx_word' id='word_1_2' title='bbox 938 334 1169 371; x_wconf 67' lang='grc' dir='ltr'>ιΙΟΗΑΝΝΙΞ</span> <span class='ocrx_word' id='word_1_3' title='bbox 1203 333 1495 381; x_wconf 77' lang='lat' dir='ltr'>ssuRcHARDI,</span> <span class='ocrx_word' id='word_1_4' title='bbox 1882 337 1986 379; x_wconf 63' lang='lat' dir='ltr'>[Aoni</span> <span class='ocrx_word' id='word_1_5' title='bbox 2006 336 2095 378; x_wconf 75' lang='lat'><strong>1484]</strong></span> 
     </span>
    </p>
   </div>
   <div class='ocr_carea' id='block_1_2' title="bbox 298 436 2135 3486">
    <p class='ocr_par' dir='ltr' id='par_1_2' title="bbox 330 436 2098 747">
     <span class='ocr_line' id='line_1_2' title="bbox 401 436 2095 502; baseline 0.002 -19"><span class='ocrx_word' id='word_1_6' title='bbox 401 436 603 499; x_wconf 91' lang='lat' dir='ltr'>qualiter</span> <span class='ocrx_word' id='word_1_7' title='bbox 629 436 704 483; x_wconf 87' lang='lat' dir='ltr'>die</span> <span class='ocrx_word' id='word_1_8' title='bbox 728 436 952 494; x_wconf 87' lang='lat' dir='ltr'>crastina,</span> <span class='ocrx_word' id='word_1_9' title='bbox 977 452 1067 498; x_wconf 90' lang='lat' dir='ltr'>que</span> <span class='ocrx_word' id='word_1_10' title='bbox 1091 436 1180 484; x_wconf 89' lang='lat' dir='ltr'>erit</span> <span class='ocrx_word' id='word_1_11' title='bbox 1195 436 1317 500; x_wconf 77' lang='lat' dir='ltr'>jovis</span> <span class='ocrx_word' id='word_1_12' title='bbox 1341 439 1400 484; x_wconf 76' lang='lat'>26</span> <span class='ocrx_word' id='word_1_13' title='bbox 1428 437 1664 499; x_wconf 86' lang='lat' dir='ltr'>presentis</span> <span class='ocrx_word' id='word_1_14' title='bbox 1686 439 1864 486; x_wconf 80' lang='lat' dir='ltr'>mensis</span> <span class='ocrx_word' id='word_1_15' title='bbox 1891 438 2095 502; x_wconf 79' lang='lat' dir='ltr'>augusti,</span> 
     </span>
     <span class='ocr_line' id='line_1_3' title="bbox 334 519 2098 586; baseline 0.001 -19"><span class='ocrx_word' id='word_1_16' title='bbox 334 535 498 567; x_wconf 87' lang='lat' dir='ltr'>coram</span> <span class='ocrx_word' id='word_1_17' title='bbox 543 519 732 567; x_wconf 89' lang='lat' dir='ltr'>RRmis.</span> <span class='ocrx_word' id='word_1_18' title='bbox 768 521 867 566; x_wconf 92' lang='lat' dir='ltr'>DD.</span> <span class='ocrx_word' id='word_1_19' title='bbox 907 519 1241 579; x_wconf 77' lang='lat' dir='ltr'>cardinalibus,</span> <span class='ocrx_word' id='word_1_20' title='bbox 1273 520 1624 586; x_wconf 78' lang='lat' dir='ltr'>quamprimum</span> <span class='ocrx_word' id='word_1_21' title='bbox 1661 523 1883 570; x_wconf 89' lang='lat' dir='ltr'>conclave</span> <span class='ocrx_word' id='word_1_22' title='bbox 1919 522 2098 569; x_wconf 88' lang='lat' dir='ltr'>intrave</span> 
     </span>
     <span class='ocr_line' id='line_1_4' title="bbox 334 602 2094 668; baseline 0.001 -18"><span class='ocrx_word' id='word_1_23' title='bbox 334 602 445 661; x_wconf 86' lang='lat' dir='ltr'>rint,</span> <span class='ocrx_word' id='word_1_24' title='bbox 479 619 529 649; x_wconf 87' lang='lat' dir='ltr'>se</span> <span class='ocrx_word' id='word_1_25' title='bbox 562 605 840 665; x_wconf 76' lang='lat' dir='ltr'>presentent</span> <span class='ocrx_word' id='word_1_26' title='bbox 872 602 931 649; x_wconf 86' lang='lat' dir='ltr'>ad</span> <span class='ocrx_word' id='word_1_27' title='bbox 965 603 1297 665; x_wconf 84' lang='lat' dir='ltr'>exequendum</span> <span class='ocrx_word' id='word_1_28' title='bbox 1336 620 1392 652; x_wconf 91' lang='lat' dir='ltr'>ea</span> <span class='ocrx_word' id='word_1_29' title='bbox 1422 621 1511 668; x_wconf 87' lang='lat' dir='ltr'>que</span> <span class='ocrx_word' id='word_1_30' title='bbox 1542 621 1630 668; x_wconf 88' lang='lat' dir='ltr'>per</span> <span class='ocrx_word' id='word_1_31' title='bbox 1665 605 1859 653; x_wconf 88' lang='lat' dir='ltr'>eosdem</span> <span class='ocrx_word' id='word_1_32' title='bbox 1890 607 2094 653; x_wconf 89' lang='lat' dir='ltr'>RRmos.</span> 
     </span>
     <span class='ocr_line' id='line_1_5' title="bbox 330 683 1303 747; baseline -0.006 -12"><span class='ocrx_word' id='word_1_33' title='bbox 330 688 430 735; x_wconf 92' lang='lat' dir='ltr'>DD.</span> <span class='ocrx_word' id='word_1_34' title='bbox 457 685 721 732; x_wconf 76' lang='lat' dir='ltr'>cardinales</span> <span class='ocrx_word' id='word_1_35' title='bbox 743 683 856 747; x_wconf 90' lang='lat' dir='ltr'>ipsis</span> <span class='ocrx_word' id='word_1_36' title='bbox 879 685 1252 733; x_wconf 88' lang='lat' dir='ltr'>committentur.</span> <span class='ocrx_word' id='word_1_37' title='bbox 1282 706 1303 730; x_wconf 86' lang='lat'>»</span> 
     </span>
    </p>

    <p class='ocr_par' dir='ltr' id='par_1_3' title="bbox 306 767 2135 2823">
     <span class='ocr_line' id='line_1_6' title="bbox 395 767 2097 828; baseline 0.002 -13"><span class='ocrx_word' id='word_1_38' title='bbox 395 769 574 815; x_wconf 89' lang='lat' dir='ltr'>Eadem</span> <span class='ocrx_word' id='word_1_39' title='bbox 595 767 670 815; x_wconf 91' lang='lat' dir='ltr'>die</span> <span class='ocrx_word' id='word_1_40' title='bbox 699 767 863 816; x_wconf 89' lang='lat' dir='ltr'>RRmi.</span> <span class='ocrx_word' id='word_1_41' title='bbox 895 769 994 815; x_wconf 89' lang='lat' dir='ltr'>DD.</span> <span class='ocrx_word' id='word_1_42' title='bbox 1026 769 1290 817; x_wconf 80' lang='lat' dir='ltr'>cardinales</span> <span class='ocrx_word' id='word_1_43' title='bbox 1319 769 1468 817; x_wconf 88' lang='lat' dir='ltr'>sancti</span> <span class='ocrx_word' id='word_1_44' title='bbox 1494 770 1659 828; x_wconf 87' lang='lat' dir='ltr'>Marci,</span> <span class='ocrx_word' id='word_1_45' title='bbox 1697 773 1742 818; x_wconf 92' lang='lat' dir='ltr'>et</span> <span class='ocrx_word' id='word_1_46' title='bbox 1773 769 1924 817; x_wconf 91' lang='lat' dir='ltr'>sancti</span> <span class='ocrx_word' id='word_1_47' title='bbox 1949 771 2097 818; x_wconf 82' lang='lat' dir='ltr'>Geor-</span> 
     </span>
     <span class='ocr_line' id='line_1_7' title="bbox 329 839 2094 916; baseline 0.002 -20"><span class='ocrx_word' id='word_1_48' title='bbox 329 850 411 914; x_wconf 83' lang='lat' dir='ltr'>gii,</span> <span class='ocrx_word' id='word_1_49' title='bbox 428 850 596 912; x_wconf 87' lang='lat' dir='ltr'>quibus</span> <span class='ocrx_word' id='word_1_50' title='bbox 613 839 847 899; x_wconf 88' lang='lat' dir='ltr'>ordinatio</span> <span class='ocrx_word' id='word_1_51' title='bbox 863 850 1101 898; x_wconf 86' lang='lat' dir='ltr'>conclavis</span> <span class='ocrx_word' id='word_1_52' title='bbox 1122 867 1209 915; x_wconf 89' lang='lat' dir='ltr'>per</span> <span class='ocrx_word' id='word_1_53' title='bbox 1229 867 1417 899; x_wconf 90' lang='lat' dir='ltr'>sacrum</span> <span class='ocrx_word' id='word_1_54' title='bbox 1438 852 1693 916; x_wconf 81' lang='lat' dir='ltr'>collegium</span> <span class='ocrx_word' id='word_1_55' title='bbox 1715 852 1971 900; x_wconf 91' lang='lat' dir='ltr'>commissa</span> <span class='ocrx_word' id='word_1_56' title='bbox 1990 852 2094 911; x_wconf 86' lang='lat' dir='ltr'>fuit,</span> 
     </span>
     <span class='ocr_line' id='line_1_8' title="bbox 328 933 2096 998; baseline 0.002 -19"><span class='ocrx_word' id='word_1_57' title='bbox 328 933 670 981; x_wconf 86' lang='lat' dir='ltr'>distribuerunt</span> <span class='ocrx_word' id='word_1_58' title='bbox 700 936 826 981; x_wconf 87' lang='lat' dir='ltr'>sorte</span> <span class='ocrx_word' id='word_1_59' title='bbox 864 949 1078 982; x_wconf 90' lang='lat' dir='ltr'>cameras</span> <span class='ocrx_word' id='word_1_60' title='bbox 1108 950 1194 998; x_wconf 89' lang='lat' dir='ltr'>pro</span> <span class='ocrx_word' id='word_1_61' title='bbox 1235 934 1551 982; x_wconf 79' lang='lat' dir='ltr'>cardinalibus</span> <span class='ocrx_word' id='word_1_62' title='bbox 1591 935 1863 998; x_wconf 86' lang='lat' dir='ltr'>designatas</span> <span class='ocrx_word' id='word_1_63' title='bbox 1893 935 1985 982; x_wconf 93' lang='lat' dir='ltr'>hoc</span> <span class='ocrx_word' id='word_1_64' title='bbox 2017 950 2096 982; x_wconf 94' lang='lat' dir='ltr'>or-</span> 
     </span>
     <span class='ocr_line' id='line_1_9' title="bbox 326 1016 2090 1082; baseline 0.002 -19"><span class='ocrx_word' id='word_1_65' title='bbox 326 1016 453 1064; x_wconf 90' lang='lat' dir='ltr'>dine.</span> <span class='ocrx_word' id='word_1_66' title='bbox 474 1016 665 1078; x_wconf 86' lang='lat' dir='ltr'>Signate</span> <span class='ocrx_word' id='word_1_67' title='bbox 687 1017 873 1065; x_wconf 88' lang='lat' dir='ltr'>fuerant</span> <span class='ocrx_word' id='word_1_68' title='bbox 894 1034 1061 1066; x_wconf 91' lang='lat' dir='ltr'>omnes</span> <span class='ocrx_word' id='word_1_69' title='bbox 1083 1034 1272 1067; x_wconf 89' lang='lat' dir='ltr'>camere</span> <span class='ocrx_word' id='word_1_70' title='bbox 1299 1019 1448 1066; x_wconf 90' lang='lat' dir='ltr'>literis</span> <span class='ocrx_word' id='word_1_71' title='bbox 1475 1019 1712 1082; x_wconf 87' lang='lat' dir='ltr'>alphabeti</span> <span class='ocrx_word' id='word_1_72' title='bbox 1739 1035 1827 1082; x_wconf 87' lang='lat' dir='ltr'>per</span> <span class='ocrx_word' id='word_1_73' title='bbox 1855 1018 2090 1078; x_wconf 89' lang='lat' dir='ltr'>ordinem,</span> 
     </span>
     <span class='ocr_line' id='line_1_10' title="bbox 325 1101 2093 1165; baseline 0.001 -17"><span class='ocrx_word' id='word_1_74' title='bbox 325 1101 486 1163; x_wconf 89' lang='lat' dir='ltr'>quevis</span> <span class='ocrx_word' id='word_1_75' title='bbox 527 1116 718 1148; x_wconf 91' lang='lat' dir='ltr'>camera</span> <span class='ocrx_word' id='word_1_76' title='bbox 759 1117 851 1149; x_wconf 89' lang='lat' dir='ltr'>una</span> <span class='ocrx_word' id='word_1_77' title='bbox 882 1102 1044 1160; x_wconf 87' lang='lat' dir='ltr'>litera;</span> <span class='ocrx_word' id='word_1_78' title='bbox 1090 1102 1244 1165; x_wconf 87' lang='lat' dir='ltr'>prima</span> <span class='ocrx_word' id='word_1_79' title='bbox 1283 1102 1342 1149; x_wconf 87' lang='lat' dir='ltr'>ad</span> <span class='ocrx_word' id='word_1_80' title='bbox 1384 1102 1642 1160; x_wconf 85' lang='lat' dir='ltr'>sinistram,</span> <span class='ocrx_word' id='word_1_81' title='bbox 1686 1102 1906 1150; x_wconf 90' lang='lat' dir='ltr'>videlicet</span> <span class='ocrx_word' id='word_1_82' title='bbox 1945 1117 2093 1150; x_wconf 89' lang='lat' dir='ltr'>cornu</span> 
     </span>
     <span class='ocr_line' id='line_1_11' title="bbox 324 1184 2093 1249; baseline 0.001 -18"><span class='ocrx_word' id='word_1_83' title='bbox 324 1185 523 1248; x_wconf 87' lang='lat' dir='ltr'>epistole</span> <span class='ocrx_word' id='word_1_84' title='bbox 551 1185 711 1232; x_wconf 89' lang='lat' dir='ltr'>altaris</span> <span class='ocrx_word' id='word_1_85' title='bbox 739 1186 919 1249; x_wconf 87' lang='lat' dir='ltr'>capelle</span> <span class='ocrx_word' id='word_1_86' title='bbox 947 1186 1161 1249; x_wconf 87' lang='lat' dir='ltr'>majoris,</span> <span class='ocrx_word' id='word_1_87' title='bbox 1191 1186 1238 1232; x_wconf 93' lang='lat' dir='ltr'>in</span> <span class='ocrx_word' id='word_1_88' title='bbox 1266 1201 1357 1248; x_wconf 84' lang='lat' dir='ltr'>qua</span> <span class='ocrx_word' id='word_1_89' title='bbox 1388 1185 1611 1232; x_wconf 89' lang='lat' dir='ltr'>conclave</span> <span class='ocrx_word' id='word_1_90' title='bbox 1644 1188 1762 1242; x_wconf 91' lang='lat' dir='ltr'>erat,</span> <span class='ocrx_word' id='word_1_91' title='bbox 1797 1185 1979 1247; x_wconf 89' lang='lat' dir='ltr'>signata</span> <span class='ocrx_word' id='word_1_92' title='bbox 2007 1184 2093 1232; x_wconf 88' lang='lat' dir='ltr'>fuit</span> 
     </span>
     <span class='ocr_line' id='line_1_12' title="bbox 320 1267 2091 1328; baseline -0.001 -11"><span class='ocrx_word' id='word_1_93' title='bbox 320 1268 383 1327; x_wconf 83' lang='lat' dir='ltr'>A,</span> <span class='ocrx_word' id='word_1_94' title='bbox 409 1268 619 1316; x_wconf 89' lang='lat' dir='ltr'>secunda</span> <span class='ocrx_word' id='word_1_95' title='bbox 637 1269 697 1328; x_wconf 89' lang='lat' dir='ltr'>B,</span> <span class='ocrx_word' id='word_1_96' title='bbox 722 1268 862 1316; x_wconf 89' lang='lat' dir='ltr'>tertia</span> <span class='ocrx_word' id='word_1_97' title='bbox 887 1268 941 1327; x_wconf 84' lang='lat' dir='ltr'>C,</span> <span class='ocrx_word' id='word_1_98' title='bbox 968 1272 1014 1316; x_wconf 91' lang='lat' dir='ltr'>et</span> <span class='ocrx_word' id='word_1_99' title='bbox 1036 1269 1103 1316; x_wconf 92' lang='lat' dir='ltr'>sic</span> <span class='ocrx_word' id='word_1_100' title='bbox 1134 1269 1192 1316; x_wconf 89' lang='lat' dir='ltr'>de</span> <span class='ocrx_word' id='word_1_101' title='bbox 1224 1268 1413 1316; x_wconf 89' lang='lat' dir='ltr'>ceteris.</span> <span class='ocrx_word' id='word_1_102' title='bbox 1448 1268 1605 1316; x_wconf 89' lang='lat' dir='ltr'>Tertia</span> <span class='ocrx_word' id='word_1_103' title='bbox 1626 1267 1812 1315; x_wconf 90' lang='lat' dir='ltr'>decima</span> <span class='ocrx_word' id='word_1_104' title='bbox 1834 1283 2024 1316; x_wconf 85' lang='lat' dir='ltr'>camera</span> <span class='ocrx_word' id='word_1_105' title='bbox 2045 1267 2091 1315; x_wconf 91' lang='lat' dir='ltr'>in</span> 
     </span>
     <span class='ocr_line' id='line_1_13' title="bbox 323 1350 2092 1415; baseline -0.001 -16"><span class='ocrx_word' id='word_1_106' title='bbox 323 1352 400 1399; x_wconf 94' lang='lat' dir='ltr'>illo</span> <span class='ocrx_word' id='word_1_107' title='bbox 422 1352 570 1399; x_wconf 85' lang='lat' dir='ltr'>latere</span> <span class='ocrx_word' id='word_1_108' title='bbox 598 1351 684 1399; x_wconf 86' lang='lat' dir='ltr'>fuit</span> <span class='ocrx_word' id='word_1_109' title='bbox 721 1351 904 1415; x_wconf 85' lang='lat' dir='ltr'>signata</span> <span class='ocrx_word' id='word_1_110' title='bbox 923 1352 990 1411; x_wconf 90' lang='lat' dir='ltr'>N,</span> <span class='ocrx_word' id='word_1_111' title='bbox 1022 1368 1163 1415; x_wconf 89' lang='lat' dir='ltr'>quam</span> <span class='ocrx_word' id='word_1_112' title='bbox 1189 1351 1354 1399; x_wconf 92' lang='lat' dir='ltr'>habuit</span> <span class='ocrx_word' id='word_1_113' title='bbox 1381 1355 1545 1399; x_wconf 90' lang='lat' dir='ltr'>Rmus.</span> <span class='ocrx_word' id='word_1_114' title='bbox 1572 1354 1628 1398; x_wconf 92' lang='lat' dir='ltr'>D.</span> <span class='ocrx_word' id='word_1_115' title='bbox 1661 1351 1912 1398; x_wconf 90' lang='lat' dir='ltr'>cardinalis</span> <span class='ocrx_word' id='word_1_116' title='bbox 1940 1350 2092 1398; x_wconf 87' lang='lat' dir='ltr'>sancti</span> 
     </span>
     <span class='ocr_line' id='line_1_14' title="bbox 319 1433 2093 1499; baseline -0.001 -17"><span class='ocrx_word' id='word_1_117' title='bbox 319 1435 494 1492; x_wconf 90' lang='lat' dir='ltr'>Marci;</span> <span class='ocrx_word' id='word_1_118' title='bbox 519 1435 604 1482; x_wconf 89' lang='lat' dir='ltr'>fuit</span> <span class='ocrx_word' id='word_1_119' title='bbox 633 1435 850 1499; x_wconf 87' lang='lat' dir='ltr'>proxima</span> <span class='ocrx_word' id='word_1_120' title='bbox 879 1436 938 1483; x_wconf 90' lang='lat' dir='ltr'>ad.</span> <span class='ocrx_word' id='word_1_121' title='bbox 968 1435 1141 1482; x_wconf 89' lang='lat' dir='ltr'>ostium</span> <span class='ocrx_word' id='word_1_122' title='bbox 1179 1434 1359 1498; x_wconf 88' lang='lat' dir='ltr'>capelle</span> <span class='ocrx_word' id='word_1_123' title='bbox 1399 1434 1614 1498; x_wconf 87' lang='lat' dir='ltr'>predicte</span> <span class='ocrx_word' id='word_1_124' title='bbox 1654 1434 1712 1481; x_wconf 90' lang='lat' dir='ltr'>ad</span> <span class='ocrx_word' id='word_1_125' title='bbox 1745 1434 1992 1482; x_wconf 87' lang='lat' dir='ltr'>dexteram</span> <span class='ocrx_word' id='word_1_126' title='bbox 2024 1433 2093 1480; x_wconf 89' lang='lat' dir='ltr'>in—</span> 
     </span>
     <span class='ocr_line' id='line_1_15' title="bbox 320 1515 2135 1584; baseline 0.001 -21"><span class='ocrx_word' id='word_1_127' title='bbox 320 1517 513 1575; x_wconf 82' lang='lat' dir='ltr'>trantis3</span> <span class='ocrx_word' id='word_1_128' title='bbox 538 1517 679 1564; x_wconf 89' lang='lat' dir='ltr'>aliam</span> <span class='ocrx_word' id='word_1_129' title='bbox 710 1517 758 1565; x_wconf 92' lang='lat' dir='ltr'>in</span> <span class='ocrx_word' id='word_1_130' title='bbox 789 1518 1007 1582; x_wconf 87' lang='lat' dir='ltr'>opposito</span> <span class='ocrx_word' id='word_1_131' title='bbox 1039 1518 1161 1565; x_wconf 90' lang='lat' dir='ltr'>illius</span> <span class='ocrx_word' id='word_1_132' title='bbox 1193 1517 1337 1566; x_wconf 92' lang='lat' dir='ltr'>etiam</span> <span class='ocrx_word' id='word_1_133' title='bbox 1368 1518 1488 1566; x_wconf 88' lang='lat' dir='ltr'>ostio</span> <span class='ocrx_word' id='word_1_134' title='bbox 1528 1516 1888 1580; x_wconf 84' lang='lat' dir='ltr'>proximiorem,</span> <span class='ocrx_word' id='word_1_135' title='bbox 1926 1515 2092 1565; x_wconf 88' lang='lat' dir='ltr'>habuit</span> <span class='ocrx_word' id='word_1_136' title='bbox 2132 1580 2135 1584; x_wconf 19' lang='lat'><em>4</em></span> 
     </span>
     <span class='ocr_line' id='line_1_16' title="bbox 319 1596 2125 1665; baseline -0.001 -17"><span class='ocrx_word' id='word_1_137' title='bbox 319 1601 572 1649; x_wconf 87' lang='lat' dir='ltr'>cardinalis</span> <span class='ocrx_word' id='word_1_138' title='bbox 602 1603 938 1665; x_wconf 89' lang='lat' dir='ltr'>Neapolitanus</span> <span class='ocrx_word' id='word_1_139' title='bbox 969 1601 1028 1647; x_wconf 88' lang='lat' dir='ltr'>ad</span> <span class='ocrx_word' id='word_1_140' title='bbox 1059 1600 1299 1648; x_wconf 89' lang='lat' dir='ltr'>sinistram</span> <span class='ocrx_word' id='word_1_141' title='bbox 1329 1600 1571 1657; x_wconf 88' lang='lat' dir='ltr'>intrantis,</span> <span class='ocrx_word' id='word_1_142' title='bbox 1606 1602 1652 1646; x_wconf 88' lang='lat' dir='ltr'>et</span> <span class='ocrx_word' id='word_1_143' title='bbox 1683 1599 1760 1646; x_wconf 92' lang='lat' dir='ltr'>illa</span> <span class='ocrx_word' id='word_1_144' title='bbox 1789 1598 1874 1646; x_wconf 86' lang='lat' dir='ltr'>fuit</span> <span class='ocrx_word' id='word_1_145' title='bbox 1905 1598 2090 1663; x_wconf 88' lang='lat' dir='ltr'>signata</span> <span class='ocrx_word' id='word_1_146' title='bbox 2113 1596 2125 1615; x_wconf 67' lang='lat'><strong><em>“</em></strong></span> 
     </span>
     <span class='ocr_line' id='line_1_17' title="bbox 322 1682 2089 1747; baseline 0 -17"><span class='ocrx_word' id='word_1_147' title='bbox 322 1682 378 1742; x_wconf 88' lang='lat'>0,</span> <span class='ocrx_word' id='word_1_148' title='bbox 413 1687 459 1732; x_wconf 90' lang='lat' dir='ltr'>et</span> <span class='ocrx_word' id='word_1_149' title='bbox 490 1700 694 1747; x_wconf 91' lang='lat' dir='ltr'>sequens</span> <span class='ocrx_word' id='word_1_150' title='bbox 721 1684 799 1742; x_wconf 85' lang='lat' dir='ltr'>P,·</span> <span class='ocrx_word' id='word_1_151' title='bbox 832 1684 900 1731; x_wconf 89' lang='lat' dir='ltr'>sic</span> <span class='ocrx_word' id='word_1_152' title='bbox 934 1684 991 1731; x_wconf 92' lang='lat' dir='ltr'>de</span> <span class='ocrx_word' id='word_1_153' title='bbox 1026 1684 1130 1732; x_wconf 88' lang='lat' dir='ltr'>aliis</span> <span class='ocrx_word' id='word_1_154' title='bbox 1165 1683 1362 1746; x_wconf 88' lang='lat' dir='ltr'>signatis</span> <span class='ocrx_word' id='word_1_155' title='bbox 1393 1682 1612 1729; x_wconf 91' lang='lat' dir='ltr'>omnibus</span> <span class='ocrx_word' id='word_1_156' title='bbox 1644 1682 1865 1740; x_wconf 88' lang='lat' dir='ltr'>cameris,</span> <span class='ocrx_word' id='word_1_157' title='bbox 1890 1698 2089 1744; x_wconf 86' lang='lat' dir='ltr'>quarum</span> 
     </span>
     <span class='ocr_line' id='line_1_18' title="bbox 315 1764 2088 1830; baseline -0.001 -16"><span class='ocrx_word' id='word_1_158' title='bbox 315 1782 541 1814; x_wconf 89' lang='lat' dir='ltr'>numerus</span> <span class='ocrx_word' id='word_1_159' title='bbox 582 1770 683 1814; x_wconf 89' lang='lat' dir='ltr'>erat</span> <span class='ocrx_word' id='word_1_160' title='bbox 720 1782 861 1825; x_wconf 83' lang='lat' dir='ltr'>xxvl,</span> <span class='ocrx_word' id='word_1_161' title='bbox 905 1783 998 1813; x_wconf 90' lang='lat' dir='ltr'>una</span> <span class='ocrx_word' id='word_1_162' title='bbox 1041 1770 1269 1830; x_wconf 87' lang='lat' dir='ltr'>excepta,</span> <span class='ocrx_word' id='word_1_163' title='bbox 1321 1765 1503 1813; x_wconf 91' lang='lat' dir='ltr'>scilicet</span> <span class='ocrx_word' id='word_1_164' title='bbox 1542 1764 1707 1821; x_wconf 88' lang='lat' dir='ltr'>ultima</span> <span class='ocrx_word' id='word_1_165' title='bbox 1751 1765 1810 1812; x_wconf 92' lang='lat' dir='ltr'>ad</span> <span class='ocrx_word' id='word_1_166' title='bbox 1848 1764 2088 1813; x_wconf 86' lang='lat' dir='ltr'>sinistram</span> 
     </span>
     <span class='ocr_line' id='line_1_19' title="bbox 315 1835 2088 1913; baseline -0.001 -17"><span class='ocrx_word' id='word_1_167' title='bbox 315 1848 534 1897; x_wconf 89' lang='lat' dir='ltr'>intrantis</span> <span class='ocrx_word' id='word_1_168' title='bbox 557 1849 755 1912; x_wconf 88' lang='lat' dir='ltr'>capelle,</span> <span class='ocrx_word' id='word_1_169' title='bbox 783 1865 872 1911; x_wconf 92' lang='lat' dir='ltr'>que</span> <span class='ocrx_word' id='word_1_170' title='bbox 903 1853 1003 1897; x_wconf 90' lang='lat' dir='ltr'>erat</span> <span class='ocrx_word' id='word_1_171' title='bbox 1024 1865 1173 1913; x_wconf 90' lang='lat' dir='ltr'>prope</span> <span class='ocrx_word' id='word_1_172' title='bbox 1203 1835 1394 1907; x_wconf 81' lang='lat' dir='ltr'>ostium,</span> <span class='ocrx_word' id='word_1_173' title='bbox 1420 1863 1512 1911; x_wconf 93' lang='lat' dir='ltr'>quo</span> <span class='ocrx_word' id='word_1_174' title='bbox 1541 1847 1742 1894; x_wconf 86' lang='lat' dir='ltr'>intratur</span> <span class='ocrx_word' id='word_1_175' title='bbox 1767 1846 1826 1894; x_wconf 89' lang='lat' dir='ltr'>ad</span> <span class='ocrx_word' id='word_1_176' title='bbox 1847 1861 2088 1894; x_wconf 86' lang='lat' dir='ltr'>cameram</span> 
     </span>
     <span class='ocr_line' id='line_1_20' title="bbox 314 1929 2088 1994; baseline -0.001 -15"><span class='ocrx_word' id='word_1_177' title='bbox 314 1931 512 1979; x_wconf 87' lang='lat' dir='ltr'>sacriste</span> <span class='ocrx_word' id='word_1_178' title='bbox 525 1931 573 1979; x_wconf 93' lang='lat' dir='ltr'>in</span> <span class='ocrx_word' id='word_1_179' title='bbox 589 1947 737 1978; x_wconf 91' lang='lat' dir='ltr'>cornu</span> <span class='ocrx_word' id='word_1_180' title='bbox 750 1930 980 1994; x_wconf 87' lang='lat' dir='ltr'>evangelii</span> <span class='ocrx_word' id='word_1_181' title='bbox 1002 1931 1163 1978; x_wconf 88' lang='lat' dir='ltr'>altaris</span> <span class='ocrx_word' id='word_1_182' title='bbox 1180 1947 1189 1989; x_wconf 76' lang='lat'><em>3</em></span> <span class='ocrx_word' id='word_1_183' title='bbox 1212 1930 1389 1979; x_wconf 85' lang='lat' dir='ltr'>ibidem</span> <span class='ocrx_word' id='word_1_184' title='bbox 1406 1934 1570 1978; x_wconf 89' lang='lat' dir='ltr'>Rmus.</span> <span class='ocrx_word' id='word_1_185' title='bbox 1589 1931 1646 1976; x_wconf 89' lang='lat' dir='ltr'>D.</span> <span class='ocrx_word' id='word_1_186' title='bbox 1664 1929 1917 1976; x_wconf 90' lang='lat' dir='ltr'>cardinalis</span> <span class='ocrx_word' id='word_1_187' title='bbox 1936 1929 2088 1977; x_wconf 88' lang='lat' dir='ltr'>sancti</span> 
     </span>
     <span class='ocr_line' id='line_1_21' title="bbox 315 2011 2086 2077; baseline -0.002 -15"><span class='ocrx_word' id='word_1_188' title='bbox 315 2014 505 2077; x_wconf 86' lang='lat' dir='ltr'>Georgii</span> <span class='ocrx_word' id='word_1_189' title='bbox 520 2014 623 2062; x_wconf 87' lang='lat' dir='ltr'>fieri</span> <span class='ocrx_word' id='word_1_190' title='bbox 639 2014 752 2063; x_wconf 89' lang='lat' dir='ltr'>fecit</span> <span class='ocrx_word' id='word_1_191' title='bbox 766 2031 865 2062; x_wconf 85' lang='lat' dir='ltr'>xxv</span> <span class='ocrx_word' id='word_1_192' title='bbox 877 2014 1127 2062; x_wconf 88' lang='lat' dir='ltr'>schedulas</span> <span class='ocrx_word' id='word_1_193' title='bbox 1139 2030 1297 2077; x_wconf 86' lang='lat' dir='ltr'>pares,</span> <span class='ocrx_word' id='word_1_194' title='bbox 1316 2014 1573 2076; x_wconf 88' lang='lat' dir='ltr'>quamlibet</span> <span class='ocrx_word' id='word_1_195' title='bbox 1589 2028 1682 2059; x_wconf 90' lang='lat' dir='ltr'>una</span> <span class='ocrx_word' id='word_1_196' title='bbox 1694 2012 1832 2059; x_wconf 89' lang='lat' dir='ltr'>litera</span> <span class='ocrx_word' id='word_1_197' title='bbox 1846 2011 2086 2075; x_wconf 86' lang='lat' dir='ltr'>alphabeti</span> 
     </span>
     <span class='ocr_line' id='line_1_22' title="bbox 313 2094 2084 2160; baseline 0 -17"><span class='ocrx_word' id='word_1_198' title='bbox 313 2098 563 2160; x_wconf 88' lang='lat' dir='ltr'>signatam,</span> <span class='ocrx_word' id='word_1_199' title='bbox 601 2101 647 2145; x_wconf 91' lang='lat' dir='ltr'>et</span> <span class='ocrx_word' id='word_1_200' title='bbox 680 2113 758 2145; x_wconf 89' lang='lat' dir='ltr'>eas</span> <span class='ocrx_word' id='word_1_201' title='bbox 791 2096 1094 2160; x_wconf 89' lang='lat' dir='ltr'>singulariter</span> <span class='ocrx_word' id='word_1_202' title='bbox 1121 2097 1318 2160; x_wconf 88' lang='lat' dir='ltr'>plicatas</span> <span class='ocrx_word' id='word_1_203' title='bbox 1347 2097 1460 2160; x_wconf 91' lang='lat' dir='ltr'>poni</span> <span class='ocrx_word' id='word_1_204' title='bbox 1490 2096 1537 2143; x_wconf 92' lang='lat' dir='ltr'>in</span> <span class='ocrx_word' id='word_1_205' title='bbox 1578 2111 1672 2142; x_wconf 92' lang='lat' dir='ltr'>uno</span> <span class='ocrx_word' id='word_1_206' title='bbox 1712 2094 1909 2153; x_wconf 89' lang='lat' dir='ltr'>birreto,</span> <span class='ocrx_word' id='word_1_207' title='bbox 1942 2110 2084 2157; x_wconf 89' lang='lat' dir='ltr'>quem</span> 
     </span>
     <span class='ocr_line' id='line_1_23' title="bbox 311 2178 2085 2242; baseline -0.001 -14"><span class='ocrx_word' id='word_1_208' title='bbox 311 2180 431 2229; x_wconf 86' lang='lat' dir='ltr'>alter</span> <span class='ocrx_word' id='word_1_209' title='bbox 450 2180 615 2227; x_wconf 91' lang='lat' dir='ltr'>tenuit.</span> <span class='ocrx_word' id='word_1_210' title='bbox 642 2183 806 2227; x_wconf 88' lang='lat' dir='ltr'>Rmus.</span> <span class='ocrx_word' id='word_1_211' title='bbox 827 2183 883 2228; x_wconf 88' lang='lat' dir='ltr'>D.</span> <span class='ocrx_word' id='word_1_212' title='bbox 902 2180 1023 2227; x_wconf 91' lang='lat' dir='ltr'>tituli</span> <span class='ocrx_word' id='word_1_213' title='bbox 1045 2180 1196 2228; x_wconf 88' lang='lat' dir='ltr'>sancti</span> <span class='ocrx_word' id='word_1_214' title='bbox 1211 2179 1403 2242; x_wconf 88' lang='lat' dir='ltr'>Georgii</span> <span class='ocrx_word' id='word_1_215' title='bbox 1423 2179 1681 2227; x_wconf 89' lang='lat' dir='ltr'>nominavit</span> <span class='ocrx_word' id='word_1_216' title='bbox 1703 2179 1970 2227; x_wconf 87' lang='lat' dir='ltr'>successive</span> <span class='ocrx_word' id='word_1_217' title='bbox 1993 2178 2085 2226; x_wconf 86' lang='lat' dir='ltr'>sin-</span> 
     </span>
     <span class='ocr_line' id='line_1_24' title="bbox 311 2262 2084 2326; baseline 0.001 -17"><span class='ocrx_word' id='word_1_218' title='bbox 311 2262 445 2325; x_wconf 82' lang='lat' dir='ltr'>gulos</span> <span class='ocrx_word' id='word_1_219' title='bbox 467 2262 750 2322; x_wconf 87' lang='lat' dir='ltr'>cardinales,</span> <span class='ocrx_word' id='word_1_220' title='bbox 775 2266 821 2311; x_wconf 92' lang='lat' dir='ltr'>et</span> <span class='ocrx_word' id='word_1_221' title='bbox 842 2263 919 2311; x_wconf 92' lang='lat' dir='ltr'>ille</span> <span class='ocrx_word' id='word_1_222' title='bbox 940 2278 1026 2326; x_wconf 89' lang='lat' dir='ltr'>pro</span> <span class='ocrx_word' id='word_1_223' title='bbox 1048 2263 1259 2325; x_wconf 91' lang='lat' dir='ltr'>quolibet</span> <span class='ocrx_word' id='word_1_224' title='bbox 1279 2263 1524 2311; x_wconf 91' lang='lat' dir='ltr'>nominato</span> <span class='ocrx_word' id='word_1_225' title='bbox 1554 2278 1694 2310; x_wconf 90' lang='lat' dir='ltr'>unam</span> <span class='ocrx_word' id='word_1_226' title='bbox 1717 2262 2011 2321; x_wconf 86' lang='lat' dir='ltr'>schedulam,</span> <span class='ocrx_word' id='word_1_227' title='bbox 2037 2265 2084 2310; x_wconf 88' lang='lat' dir='ltr'>et</span> 
     </span>
     <span class='ocr_line' id='line_1_25' title="bbox 310 2345 2077 2409; baseline 0.001 -18"><span class='ocrx_word' id='word_1_228' title='bbox 310 2346 506 2408; x_wconf 86' lang='lat' dir='ltr'>quilibet</span> <span class='ocrx_word' id='word_1_229' title='bbox 545 2347 729 2409; x_wconf 89' lang='lat' dir='ltr'>accepit</span> <span class='ocrx_word' id='word_1_230' title='bbox 767 2345 895 2393; x_wconf 87' lang='lat' dir='ltr'>illam</span> <span class='ocrx_word' id='word_1_231' title='bbox 936 2362 1195 2404; x_wconf 87' lang='lat' dir='ltr'>cameram,</span> <span class='ocrx_word' id='word_1_232' title='bbox 1238 2363 1347 2408; x_wconf 91' lang='lat' dir='ltr'>que,</span> <span class='ocrx_word' id='word_1_233' title='bbox 1388 2347 1525 2394; x_wconf 90' lang='lat' dir='ltr'>litera</span> <span class='ocrx_word' id='word_1_234' title='bbox 1563 2346 1611 2393; x_wconf 92' lang='lat' dir='ltr'>in</span> <span class='ocrx_word' id='word_1_235' title='bbox 1645 2346 1871 2393; x_wconf 91' lang='lat' dir='ltr'>schedula</span> <span class='ocrx_word' id='word_1_236' title='bbox 1907 2345 2077 2408; x_wconf 90' lang='lat' dir='ltr'>posita,</span> 
     </span>
     <span class='ocr_line' id='line_1_26' title="bbox 310 2427 2078 2492; baseline -0.001 -17"><span class='ocrx_word' id='word_1_237' title='bbox 310 2428 493 2491; x_wconf 86' lang='lat' dir='ltr'>signata</span> <span class='ocrx_word' id='word_1_238' title='bbox 514 2432 630 2476; x_wconf 84' lang='lat' dir='ltr'>erat.</span> <span class='ocrx_word' id='word_1_239' title='bbox 657 2431 800 2476; x_wconf 87' lang='lat' dir='ltr'>Facta</span> <span class='ocrx_word' id='word_1_240' title='bbox 818 2429 1091 2491; x_wconf 88' lang='lat' dir='ltr'>hujusmodi</span> <span class='ocrx_word' id='word_1_241' title='bbox 1120 2428 1470 2487; x_wconf 88' lang='lat' dir='ltr'>distributione,</span> <span class='ocrx_word' id='word_1_242' title='bbox 1503 2428 1771 2492; x_wconf 89' lang='lat' dir='ltr'>appositum</span> <span class='ocrx_word' id='word_1_243' title='bbox 1791 2427 1876 2475; x_wconf 88' lang='lat' dir='ltr'>fuit</span> <span class='ocrx_word' id='word_1_244' title='bbox 1896 2443 1923 2474; x_wconf 91' lang='lat' dir='ltr'>a</span> <span class='ocrx_word' id='word_1_245' title='bbox 1944 2430 2078 2490; x_wconf 89' lang='lat' dir='ltr'>tergo</span> 
     </span>
     <span class='ocr_line' id='line_1_27' title="bbox 309 2511 2077 2574; baseline 0 -17"><span class='ocrx_word' id='word_1_246' title='bbox 309 2511 502 2559; x_wconf 87' lang='lat' dir='ltr'>cuilibet</span> <span class='ocrx_word' id='word_1_247' title='bbox 542 2511 766 2559; x_wconf 89' lang='lat' dir='ltr'>schedule</span> <span class='ocrx_word' id='word_1_248' title='bbox 812 2527 989 2558; x_wconf 90' lang='lat' dir='ltr'>nomen</span> <span class='ocrx_word' id='word_1_249' title='bbox 1036 2511 1157 2558; x_wconf 93' lang='lat' dir='ltr'>illius</span> <span class='ocrx_word' id='word_1_250' title='bbox 1197 2511 1477 2570; x_wconf 90' lang='lat' dir='ltr'>cardinalis,</span> <span class='ocrx_word' id='word_1_251' title='bbox 1520 2515 1593 2569; x_wconf 90' lang='lat' dir='ltr'>et,</span> <span class='ocrx_word' id='word_1_252' title='bbox 1644 2527 1702 2558; x_wconf 89' lang='lat' dir='ltr'>ex</span> <span class='ocrx_word' id='word_1_253' title='bbox 1745 2513 1879 2574; x_wconf 86' lang='lat' dir='ltr'>parte</span> <span class='ocrx_word' id='word_1_254' title='bbox 1926 2511 2077 2559; x_wconf 89' lang='lat' dir='ltr'>sancti</span> 
     </span>
     <span class='ocr_line' id='line_1_28' title="bbox 308 2592 2075 2657; baseline 0 -16"><span class='ocrx_word' id='word_1_255' title='bbox 308 2594 500 2657; x_wconf 90' lang='lat' dir='ltr'>Georgii</span> <span class='ocrx_word' id='word_1_256' title='bbox 532 2599 577 2642; x_wconf 92' lang='lat' dir='ltr'>et</span> <span class='ocrx_word' id='word_1_257' title='bbox 608 2593 858 2642; x_wconf 88' lang='lat' dir='ltr'>camerarii</span> <span class='ocrx_word' id='word_1_258' title='bbox 886 2594 1074 2657; x_wconf 86' lang='lat' dir='ltr'>prefati,</span> <span class='ocrx_word' id='word_1_259' title='bbox 1117 2594 1342 2642; x_wconf 88' lang='lat' dir='ltr'>schedule</span> <span class='ocrx_word' id='word_1_260' title='bbox 1381 2594 1482 2657; x_wconf 88' lang='lat' dir='ltr'>ipse</span> <span class='ocrx_word' id='word_1_261' title='bbox 1520 2593 1716 2657; x_wconf 90' lang='lat' dir='ltr'>singulis</span> <span class='ocrx_word' id='word_1_262' title='bbox 1758 2592 2075 2641; x_wconf 89' lang='lat' dir='ltr'>cardinalibus</span> 
     </span>
     <span class='ocr_line' id='line_1_29' title="bbox 307 2676 2074 2740; baseline 0.001 -17"><span class='ocrx_word' id='word_1_263' title='bbox 307 2676 355 2723; x_wconf 91' lang='lat' dir='ltr'>in</span> <span class='ocrx_word' id='word_1_264' title='bbox 394 2677 612 2724; x_wconf 91' lang='lat' dir='ltr'>domibus</span> <span class='ocrx_word' id='word_1_265' title='bbox 651 2677 863 2740; x_wconf 90' lang='lat' dir='ltr'>ipsorum</span> <span class='ocrx_word' id='word_1_266' title='bbox 909 2680 1209 2739; x_wconf 88' lang='lat' dir='ltr'>presentate,</span> <span class='ocrx_word' id='word_1_267' title='bbox 1260 2680 1310 2723; x_wconf 94' lang='lat' dir='ltr'>ut</span> <span class='ocrx_word' id='word_1_268' title='bbox 1350 2676 1602 2724; x_wconf 88' lang='lat' dir='ltr'>servitores</span> <span class='ocrx_word' id='word_1_269' title='bbox 1653 2692 1819 2723; x_wconf 91' lang='lat' dir='ltr'>eorum</span> <span class='ocrx_word' id='word_1_270' title='bbox 1859 2692 2074 2724; x_wconf 87' lang='lat' dir='ltr'>cameras</span> 
     </span>
     <span class='ocr_line' id='line_1_30' title="bbox 306 2759 1985 2823; baseline 0.001 -17"><span class='ocrx_word' id='word_1_271' title='bbox 306 2759 432 2823; x_wconf 89' lang='lat' dir='ltr'>ipsas</span> <span class='ocrx_word' id='word_1_272' title='bbox 447 2760 581 2822; x_wconf 86' lang='lat' dir='ltr'>juxta</span> <span class='ocrx_word' id='word_1_273' title='bbox 602 2775 838 2807; x_wconf 90' lang='lat' dir='ltr'>canonum</span> <span class='ocrx_word' id='word_1_274' title='bbox 861 2759 1132 2806; x_wconf 90' lang='lat' dir='ltr'>sanctiones</span> <span class='ocrx_word' id='word_1_275' title='bbox 1153 2771 1320 2822; x_wconf 88' lang='lat' dir='ltr'>parare</span> <span class='ocrx_word' id='word_1_276' title='bbox 1342 2763 1554 2823; x_wconf 90' lang='lat' dir='ltr'>possent,</span> <span class='ocrx_word' id='word_1_277' title='bbox 1580 2763 1627 2807; x_wconf 87' lang='lat' dir='ltr'>et</span> <span class='ocrx_word' id='word_1_278' title='bbox 1647 2760 1761 2807; x_wconf 91' lang='lat' dir='ltr'>alias</span> <span class='ocrx_word' id='word_1_279' title='bbox 1783 2760 1985 2808; x_wconf 89' lang='lat' dir='ltr'>munire.</span> 
     </span>
    </p>

    <p class='ocr_par' dir='ltr' id='par_1_4' title="bbox 298 2841 2070 3486">
     <span class='ocr_line' id='line_1_31' title="bbox 371 2841 2070 2906; baseline 0.001 -17"><span class='ocrx_word' id='word_1_280' title='bbox 371 2842 476 2889; x_wconf 92' lang='lat' dir='ltr'>Fuit</span> <span class='ocrx_word' id='word_1_281' title='bbox 505 2846 663 2890; x_wconf 89' lang='lat' dir='ltr'>autem</span> <span class='ocrx_word' id='word_1_282' title='bbox 694 2842 931 2889; x_wconf 89' lang='lat' dir='ltr'>conclavis</span> <span class='ocrx_word' id='word_1_283' title='bbox 960 2843 1051 2889; x_wconf 88' lang='lat' dir='ltr'>hec</span> <span class='ocrx_word' id='word_1_284' title='bbox 1081 2841 1326 2905; x_wconf 90' lang='lat' dir='ltr'>dispositio</span> <span class='ocrx_word' id='word_1_285' title='bbox 1354 2860 1362 2889; x_wconf 78' lang='lat' dir='ltr'><em>z</em></span> <span class='ocrx_word' id='word_1_286' title='bbox 1387 2843 1540 2906; x_wconf 90' lang='lat' dir='ltr'>prime</span> <span class='ocrx_word' id='word_1_287' title='bbox 1570 2843 1674 2890; x_wconf 87' lang='lat' dir='ltr'>aule</span> <span class='ocrx_word' id='word_1_288' title='bbox 1697 2843 1909 2906; x_wconf 82' lang='lat' dir='ltr'>majoriS‚</span> <span class='ocrx_word' id='word_1_289' title='bbox 1940 2844 2070 2892; x_wconf 89' lang='lat' dir='ltr'>vide—</span> 
     </span>
     <span class='ocr_line' id='line_1_32' title="bbox 302 2925 2068 2988; baseline 0.001 -16"><span class='ocrx_word' id='word_1_290' title='bbox 302 2925 415 2973; x_wconf 90' lang='lat' dir='ltr'>licet</span> <span class='ocrx_word' id='word_1_291' title='bbox 435 2925 612 2988; x_wconf 88' lang='lat' dir='ltr'>palatii,</span> <span class='ocrx_word' id='word_1_292' title='bbox 646 2940 813 2972; x_wconf 91' lang='lat' dir='ltr'>omnes</span> <span class='ocrx_word' id='word_1_293' title='bbox 843 2928 996 2988; x_wconf 88' lang='lat' dir='ltr'>porte,</span> <span class='ocrx_word' id='word_1_294' title='bbox 1028 2928 1228 2987; x_wconf 87' lang='lat' dir='ltr'>excepta</span> <span class='ocrx_word' id='word_1_295' title='bbox 1256 2925 1352 2983; x_wconf 88' lang='lat' dir='ltr'>illa,</span> <span class='ocrx_word' id='word_1_296' title='bbox 1385 2941 1476 2988; x_wconf 93' lang='lat' dir='ltr'>qua</span> <span class='ocrx_word' id='word_1_297' title='bbox 1502 2926 1560 2973; x_wconf 89' lang='lat' dir='ltr'>de</span> <span class='ocrx_word' id='word_1_298' title='bbox 1592 2942 1782 2974; x_wconf 88' lang='lat' dir='ltr'>camera</span> <span class='ocrx_word' id='word_1_299' title='bbox 1809 2926 2068 2988; x_wconf 88' lang='lat' dir='ltr'>apostolica</span> 
     </span>
     <span class='ocr_line' id='line_1_33' title="bbox 303 3007 2065 3071; baseline 0.001 -16"><span class='ocrx_word' id='word_1_300' title='bbox 303 3008 361 3054; x_wconf 87' lang='lat' dir='ltr'>ad</span> <span class='ocrx_word' id='word_1_301' title='bbox 394 3008 544 3071; x_wconf 89' lang='lat' dir='ltr'>ipsam</span> <span class='ocrx_word' id='word_1_302' title='bbox 577 3008 731 3055; x_wconf 90' lang='lat' dir='ltr'>aulam</span> <span class='ocrx_word' id='word_1_303' title='bbox 765 3007 965 3054; x_wconf 84' lang='lat' dir='ltr'>intratur</span> <span class='ocrx_word' id='word_1_304' title='bbox 996 3023 1053 3054; x_wconf 83' lang='lat' dir='ltr'>ex</span> <span class='ocrx_word' id='word_1_305' title='bbox 1085 3007 1233 3054; x_wconf 89' lang='lat' dir='ltr'>tribus</span> <span class='ocrx_word' id='word_1_306' title='bbox 1265 3007 1385 3066; x_wconf 88' lang='lat' dir='ltr'>aliis,</span> <span class='ocrx_word' id='word_1_307' title='bbox 1422 3009 1590 3071; x_wconf 90' lang='lat' dir='ltr'>quibus</span> <span class='ocrx_word' id='word_1_308' title='bbox 1628 3009 1687 3055; x_wconf 91' lang='lat' dir='ltr'>ad</span> <span class='ocrx_word' id='word_1_309' title='bbox 1725 3009 1976 3070; x_wconf 87' lang='lat' dir='ltr'>maj0rem,</span> <span class='ocrx_word' id='word_1_310' title='bbox 2019 3013 2065 3057; x_wconf 85' lang='lat' dir='ltr'>et</span> 
     </span>
     <span class='ocr_line' id='line_1_34' title="bbox 304 3090 2064 3155; baseline 0.002 -20"><span class='ocrx_word' id='word_1_311' title='bbox 304 3091 538 3138; x_wconf 88' lang='lat' dir='ltr'>minorem</span> <span class='ocrx_word' id='word_1_312' title='bbox 579 3090 802 3154; x_wconf 87' lang='lat' dir='ltr'>capellas,</span> <span class='ocrx_word' id='word_1_313' title='bbox 838 3106 891 3137; x_wconf 91' lang='lat' dir='ltr'>ac</span> <span class='ocrx_word' id='word_1_314' title='bbox 926 3091 1182 3139; x_wconf 91' lang='lat' dir='ltr'>secundam</span> <span class='ocrx_word' id='word_1_315' title='bbox 1217 3093 1370 3138; x_wconf 90' lang='lat' dir='ltr'>aulam</span> <span class='ocrx_word' id='word_1_316' title='bbox 1409 3091 1704 3154; x_wconf 82' lang='lat' dir='ltr'>ingreditur;</span> <span class='ocrx_word' id='word_1_317' title='bbox 1749 3095 1885 3154; x_wconf 85' lang='lat' dir='ltr'>porta</span> <span class='ocrx_word' id='word_1_318' title='bbox 1922 3107 2064 3155; x_wconf 88' lang='lat' dir='ltr'>parva</span> 
     </span>
     <span class='ocr_line' id='line_1_35' title="bbox 304 3173 2061 3237; baseline 0.002 -20"><span class='ocrx_word' id='word_1_319' title='bbox 304 3174 509 3220; x_wconf 91' lang='lat' dir='ltr'>secunde</span> <span class='ocrx_word' id='word_1_320' title='bbox 551 3174 655 3221; x_wconf 88' lang='lat' dir='ltr'>aule</span> <span class='ocrx_word' id='word_1_321' title='bbox 698 3174 992 3236; x_wconf 89' lang='lat' dir='ltr'>respondens</span> <span class='ocrx_word' id='word_1_322' title='bbox 1040 3190 1182 3237; x_wconf 89' lang='lat' dir='ltr'>super</span> <span class='ocrx_word' id='word_1_323' title='bbox 1223 3174 1403 3221; x_wconf 90' lang='lat' dir='ltr'>curiam</span> <span class='ocrx_word' id='word_1_324' title='bbox 1443 3173 1758 3231; x_wconf 88' lang='lat' dir='ltr'>bibliothece;</span> <span class='ocrx_word' id='word_1_325' title='bbox 1802 3178 1848 3221; x_wconf 92' lang='lat' dir='ltr'>et</span> <span class='ocrx_word' id='word_1_326' title='bbox 1890 3190 2061 3237; x_wconf 88' lang='lat' dir='ltr'>magna</span> 
     </span>
     <span class='ocr_line' id='line_1_36' title="bbox 300 3256 2058 3320; baseline 0.003 -20"><span class='ocrx_word' id='word_1_327' title='bbox 300 3258 435 3316; x_wconf 85' lang='lat' dir='ltr'>porta</span> <span class='ocrx_word' id='word_1_328' title='bbox 474 3256 611 3304; x_wconf 88' lang='lat' dir='ltr'>tertie</span> <span class='ocrx_word' id='word_1_329' title='bbox 648 3257 772 3316; x_wconf 88' lang='lat' dir='ltr'>aule,</span> <span class='ocrx_word' id='word_1_330' title='bbox 811 3272 901 3319; x_wconf 92' lang='lat' dir='ltr'>qua</span> <span class='ocrx_word' id='word_1_331' title='bbox 939 3256 1032 3304; x_wconf 89' lang='lat' dir='ltr'>itur</span> <span class='ocrx_word' id='word_1_332' title='bbox 1066 3258 1125 3304; x_wconf 89' lang='lat' dir='ltr'>ad</span> <span class='ocrx_word' id='word_1_333' title='bbox 1164 3272 1403 3304; x_wconf 89' lang='lat' dir='ltr'>cameram</span> <span class='ocrx_word' id='word_1_334' title='bbox 1434 3256 1729 3320; x_wconf 82' lang='lat' dir='ltr'>paramenti3</span> <span class='ocrx_word' id='word_1_335' title='bbox 1767 3261 1813 3304; x_wconf 90' lang='lat' dir='ltr'>et</span> <span class='ocrx_word' id='word_1_336' title='bbox 1850 3257 2058 3306; x_wconf 86' lang='lat' dir='ltr'>fenestre</span> 
     </span>
     <span class='ocr_line' id='line_1_37' title="bbox 299 3338 2056 3398; baseline 0.003 -17"><span class='ocrx_word' id='word_1_337' title='bbox 299 3351 466 3383; x_wconf 88' lang='lat' dir='ltr'>omnes</span> <span class='ocrx_word' id='word_1_338' title='bbox 507 3340 782 3386; x_wconf 89' lang='lat' dir='ltr'>earumdem</span> <span class='ocrx_word' id='word_1_339' title='bbox 818 3340 1048 3398; x_wconf 88' lang='lat' dir='ltr'>aularum,</span> <span class='ocrx_word' id='word_1_340' title='bbox 1096 3343 1276 3387; x_wconf 88' lang='lat' dir='ltr'>murate</span> <span class='ocrx_word' id='word_1_341' title='bbox 1310 3339 1521 3397; x_wconf 87' lang='lat' dir='ltr'>fuerunt,</span> <span class='ocrx_word' id='word_1_342' title='bbox 1557 3338 1762 3385; x_wconf 89' lang='lat' dir='ltr'>dimissis</span> <span class='ocrx_word' id='word_1_343' title='bbox 1796 3343 1977 3387; x_wconf 88' lang='lat' dir='ltr'>tantum</span> <span class='ocrx_word' id='word_1_344' title='bbox 2009 3341 2056 3387; x_wconf 92' lang='lat' dir='ltr'>in</span> 
     </span>
     <span class='ocr_line' id='line_1_38' title="bbox 298 3415 1865 3486; baseline 0.003 -23"><span class='ocrx_word' id='word_1_345' title='bbox 298 3418 529 3481; x_wconf 86' lang='lat' dir='ltr'>superiori</span> <span class='ocrx_word' id='word_1_346' title='bbox 550 3424 683 3482; x_wconf 89' lang='lat' dir='ltr'>parte</span> <span class='ocrx_word' id='word_1_347' title='bbox 705 3415 1020 3469; x_wconf 78' lang='lat' dir='ltr'>fenestrarum</span> <span class='ocrx_word' id='word_1_348' title='bbox 1043 3421 1304 3486; x_wconf 87' lang='lat' dir='ltr'>spiraculis,</span> <span class='ocrx_word' id='word_1_349' title='bbox 1329 3438 1416 3485; x_wconf 87' lang='lat' dir='ltr'>per</span> <span class='ocrx_word' id='word_1_350' title='bbox 1435 3437 1524 3484; x_wconf 89' lang='lat' dir='ltr'>que</span> <span class='ocrx_word' id='word_1_351' title='bbox 1545 3421 1727 3469; x_wconf 90' lang='lat' dir='ltr'>luceret</span> <span class='ocrx_word' id='word_1_352' title='bbox 1747 3422 1865 3469; x_wconf 88' lang='lat' dir='ltr'>dies.</span> 
     </span>
    </p>
   </div>
  </div>
 </body>
</html>
