2262 3958
311 303 382 339 208
911 299 1143 336 JOHANNIS
1175 298 1469 345 BURCHARDI,
1748 301 1967 343 [Septembre
1988 302 2079 342 1486]

313 406 372 454 de
396 405 602 453 Mellinis
635 405 770 468 juxta
795 402 1032 465 hospitale
1071 402 1467 460 Alemannorum‚
1498 417 1641 465 quam
1678 419 1764 467 pro
1785 403 2079 453 habitatione

313 503 398 534 sua
431 487 743 535 conduxerat.

372 571 405 616 F
410 570 508 617 eria
530 572 676 628 sexta,
702 573 729 616 8
755 569 934 617 mensis
956 569 1259 632 septembris,
1281 569 1455 616 festum
1485 569 1739 618 nativitatis
1765 571 1903 619 beate
1923 570 2073 619 Marie

305 651 514 714 virginis,
552 654 607 698 D.
650 651 893 700 Johannes
933 651 1188 715 episcopus
1226 651 1542 699 Tornacensis
1585 651 1840 701 celebravit
1878 654 2074 702 missam

305 734 643 798 pontificaliter
663 734 911 798 inmajore
933 735 1117 798 capella
1137 734 1315 798 palatii,
1340 736 1465 797 Papa
1494 738 1717 797 presente
1740 735 1841 783 sine
1863 737 2077 786 cardina-

303 817 445 865 libus.
466 820 594 881 Papa
614 817 740 866 venit
754 819 812 866 ad
834 819 1067 882 capellam
1083 819 1131 866 in
1151 822 1313 866 manto
1333 822 1380 866 et
1401 817 1600 881 capucio
1616 833 1759 881 parvo
1782 817 1883 866 sine
1902 834 2071 878 cruce;

302 901 555 965 episcopus
575 901 836 950 Aleriensis
857 902 1060 965 portavit
1086 901 1299 949 fimbrias
1325 900 1440 949 etin
1471 900 1618 948 missa
1638 900 1922 950 ministravit
1945 904 2073 966 Pape

303 984 567 1033 naviculam
593 1000 680 1048 pro
707 984 1000 1048 imponendo
1029 985 1246 1033 incenso.
1284 984 1358 1032 Ad
1387 983 1677 1032 oblationem
1702 984 1915 1047 porrexit
1947 987 2074 1050 Pape

303 1066 479 1115 librum
497 1067 851 1130 evangeliorum
873 1067 1186 1115 osculandum
1203 1070 1310 1130 post
1332 1066 1629 1130 evangelium
1651 1070 1698 1114 et
1710 1082 1898 1129 pacem,
1915 1075 1961 1115 et
1978 1084 2075 1117 una

302 1166 412 1198 cum
427 1148 597 1197 abbate
620 1149 818 1197 sacrista
839 1150 1026 1197 servivit
1047 1153 1174 1214 Pape
1195 1149 1254 1197 de
1276 1148 1456 1196 missali
1477 1164 1640 1198 coram
1662 1166 1720 1199 eo
1743 1167 1888 1215 super
1908 1151 2072 1199 faldis-

304 1232 443 1291 torio,
469 1248 611 1295 super
637 1233 755 1281 solio
777 1233 950 1297 posite,
975 1233 1086 1296 quia
1112 1236 1241 1296 Papa
1268 1233 1389 1281 sedit
1413 1232 1461 1279 in
1491 1233 1603 1281 sede
1629 1234 1773 1282 bassa
1798 1249 1858 1282 ex
1880 1249 2072 1283 camera

303 1315 390 1362 sibi
438 1320 618 1380 parata.
651 1319 755 1365 Non
791 1317 883 1364 feci
916 1316 1154 1365 incensari
1193 1316 1341 1364 altare
1380 1320 1489 1363 ante
1532 1315 1780 1363 introitum
1819 1331 1978 1379 neque
2011 1317 2070 1364 ad

302 1399 600 1462 evangelium
617 1398 796 1462 portari
811 1398 1067 1446 luminaria
1084 1402 1131 1447 et
1151 1398 1421 1458 incensum,
1448 1398 1531 1446 sed
1556 1397 1806 1446 honestius
1826 1398 1980 1447 visum
1999 1402 2071 1448 est

301 1482 417 1530 alias
440 1482 488 1529 in
511 1482 743 1530 similibus
771 1481 930 1529 missis
953 1481 1097 1529 etiam
1118 1481 1209 1528 illis
1231 1481 1316 1528 uti.

366 1564 504 1612 Feria
534 1564 691 1623 tertia,
728 1568 784 1611 12
806 1564 986 1612 mensis
1015 1563 1318 1627 septembris,
1343 1563 1718 1611 anniversarium
1744 1565 2069 1615 coronationis

302 1650 385 1696 SS.
428 1650 485 1695 D.
522 1651 577 1696 N.
619 1647 884 1695 Innocentii
923 1663 1044 1711 pape
1083 1649 1189 1697 Vlll
1237 1647 1356 1706 dies,
1394 1646 1696 1710 pontificatus
1738 1647 1810 1695 sui
1846 1648 1958 1696 anni
1994 1665 2065 1709 111,

301 1734 465 1782 Rmus.
499 1734 555 1778 D.
595 1730 839 1778 Johannes
874 1729 1128 1777 cardinalis
1161 1728 1532 1778 Mediolanensis
1561 1728 1610 1776 in
1639 1729 1838 1778 basilica
1869 1746 1908 1777 s.
1942 1731 2069 1779 Petri

300 1814 556 1863 celebravit
575 1813 773 1860 missam
789 1813 1055 1860 solemnem
1071 1812 1129 1860 de
1149 1811 1317 1875 spiritu
1334 1818 1515 1872 sancto,
1533 1816 1661 1876 Papa
1682 1817 1728 1861 et
1749 1814 2068 1863 cardinalibus

299 1897 604 1962 presentibus
625 1896 673 1943 in
693 1895 986 1960 paramentis
1009 1895 1162 1943 rubris
1182 1910 1318 1943 more
1340 1902 1587 1944 consueto.

365 1980 519 2029 Finita
533 1979 696 2036 missa,
723 1980 981 2040 antequam
1003 1979 1130 2040 Papa
1151 1975 1286 2024 daret
1299 1974 1703 2036 benedictionem,
1730 1980 1785 2024 R.
1810 1978 1856 2025 in
1880 1979 2067 2028 Christo

300 2069 353 2114 P.
394 2067 454 2113 D.
490 2063 742 2127 episcopus
771 2060 1111 2124 Aragonensis,
1145 2058 1336 2122 pluviali
1373 2059 1521 2107 rubeo
1553 2059 1748 2108 indutus
1789 2077 1898 2109 cum
1928 2062 2069 2110 mitra

300 2148 537 2213 simplice,
561 2145 804 2195 osculatus
826 2147 899 2192 est
919 2160 1063 2207 genu,
1089 2147 1152 2202 et,
1177 2157 1275 2190 non
1295 2140 1442 2205 petita
1462 2141 1818 2205 benedictione,
1849 2145 2068 2209 ascendit

298 2233 358 2280 ad
384 2231 619 2295 pulpitum
647 2232 694 2278 et
718 2227 884 2292 paucis
918 2243 1007 2275 seu
1031 2225 1252 2274 brevibus
1278 2223 1433 2272 verbis
1460 2224 1715 2287 publicavit
1739 2242 1910 2290 pacem
1943 2227 2068 2277 inter

299 2316 382 2362 SS.
403 2316 460 2360 D.
487 2315 544 2360 N.
566 2327 739 2375 papam
756 2314 803 2358 et
824 2308 1179 2358 Ferdinandum
1200 2322 1365 2370 regem
1388 2310 1503 2366 etc.‚
1525 2323 1579 2355 ac
1602 2309 1739 2368 alim,
1764 2314 1856 2359 etc.
1881 2309 1962 2376 (1).

363 2399 475 2444 Erat
513 2398 671 2442 autem
724 2392 997 2441 ordinatum
1037 2391 1165 2454 quod
1202 2389 1410 2452 capitula
1450 2390 1581 2452 pacis
1620 2391 1826 2440 debebat
1868 2394 2063 2458 legisse,

300 2485 462 2529 tamen
495 2477 607 2540 quia
639 2476 734 2523 dux
765 2474 1017 2525 Januensis
1050 2473 1129 2520 illa
1150 2471 1365 2520 nondum
1394 2472 1730 2534 ratificaverat,
1769 2476 1855 2523 fuit
1881 2481 2066 2525 mutata

300 2561 538 2611 sententia
593 2563 640 2607 et
685 2557 1004 2621 capitulorum
1058 2555 1202 2603 lectio
1243 2553 1458 2602 omissa.
1521 2555 1674 2604 Finita
1718 2556 2060 2620 publicatione,

300 2649 520 2695 cantores
547 2642 831 2705 inceperunt
858 2643 903 2687 et
933 2637 1177 2702 prosecuti
1199 2641 1317 2686 ⁴sunt
1346 2652 1495 2699 usque
1527 2637 1587 2685 ad
1612 2638 1759 2687 finem
1783 2658 1792 2687 :
1825 2637 1884 2686 Te
1914 2638 2064 2689 Deum

300 2729 576 2784 laudamus;
598 2724 743 2772 iidem
766 2727 988 2770 cantores
1004 2722 1223 2770 dixerunt
1251 2736 1260 2767 :
1284 2719 1440 2784 Kyrie
1458 2720 1644 2780 eleison,
1675 2722 1856 2771 Christe
1875 2723 2060 2784 eleison,

301 2818 347 2862 et
365 2815 493 2877 Papa
523 2810 671 2858 Pater
702 2814 873 2865 noster,
916 2806 1011 2853 alta
1040 2819 1176 2863 voce,
1216 2802 1345 2867 quod
1375 2803 1610 2852 submissa
1637 2821 1754 2855 voce
1778 2807 2060 2871 complevit3

300 2896 470 2946 deinde
490 2909 607 2942 voce
624 2890 916 2954 competenti
935 2887 1321 2937 dixitversiculos
1347 2891 1603 2950 sequentes
1625 2894 1672 2938 et
1701 2891 1986 2950 orationem,
2017 2896 2064 2940 et

300 2984 521 3030 cantores
542 2975 920 3039 responderunt:

361 3063 433 3112 Et
448 3079 507 3111 ne
527 3079 610 3111 nos
632 3061 825 3110 inducas
847 3061 895 3107 in
918 3056 1232 3113 tentationem,
1257 3054 1307 3114 a).
1331 3052 1431 3101 Sed
1444 3052 1589 3101 libera
1610 3070 1692 3102 nos
1714 3056 1895 3106 amalo.

364 3149 415 3208 Ῡ.
438 3147 661 3210 Fiatpaoe
681 3145 730 3192 in
751 3145 917 3191 virtute
938 3150 1035 3190 tua.

350 3298 383 3332 1.
409 3295 503 3343 Voy.
532 3305 596 3330 sur
615 3297 707 3329 cette
726 3291 809 3340 paix
835 3291 869 3327 la
889 3290 1011 3326 Lettre
1030 3290 1076 3325 de
1096 3287 1383 3333 l'Archevesque
1411 3287 1459 3322 de
1485 3287 1625 3324 Vienne
1641 3291 1664 3324 ὰ
1686 3288 1735 3326 Μ.
1754 3290 1802 3324 de
1817 3283 1995 3335 Ldnyeac
2012 3299 2064 3324 αα

301 3357 397 3401 sujet
417 3356 482 3389 des
509 3354 673 3399 affaires
699 3353 746 3387 de
763 3351 909 3397 Naples
929 3355 963 3385 et
979 3350 1027 3384 de
1047 3349 1085 3383 la
1115 3347 1220 3382 Paiae
1238 3352 1339 3381 entre
1354 3346 1387 3381 Ie
1408 3347 1517 3393 Pape
1535 3351 1571 3384 et
1595 3347 1630 3383 le
1655 3359 1726 3394 roy
1747 3348 1938 3393 Ferrand,
1971 3348 2064 3384 dans

307 3413 507 3459 Godefroy‚
529 3413 634 3447 Hist.
656 3412 703 3446 de
717 3410 875 3448 Charles
901 3409 1012 3454 VIII,
1034 3406 1146 3444 in-sol.
1165 3404 1282 3450 Paris,
1305 3405 1409 3451 1684,
1428 3416 1463 3453 p.
1484 3406 1567 3445 535.
