2262 3958
326 311 396 346 342
685 289 691 295 ’
928 306 1160 343 „IOHANNIS
1194 305 1489 352 BURCHARm,
1873 307 1978 350 [Mars
1998 306 2089 350 1489]

332 410 553 459 omnibus
590 407 924 466 cardinalibus,
965 406 1170 470 demptis
1204 406 1294 454 illis
1331 406 1517 454 duobus
1550 407 1629 470 qui
1663 411 1788 472 apud
1812 410 2093 474 pontificem

333 493 380 540 in
397 491 666 540 assistentia
686 494 1071 554 permanserunt,
1102 490 1282 553 absque
1312 505 1369 538 eo
1398 490 1526 552 quod
1553 490 1690 539 aliter
1710 508 1761 541 se
1782 493 1996 542 firmaret
2014 497 2096 543 aut

331 576 467 623 aliter
485 574 697 638 pontifici
724 573 1036 622 reverentiam
1058 573 1255 633 faceret,
1281 573 1418 621 rediit
1441 573 1501 621 ad
1518 589 1733 623 cameras
1755 591 1863 624 suas
1889 577 1947 625 ab
1968 577 2093 636 illlis,

331 663 381 706 ut
399 658 546 722 priUS,
573 658 850 705 associatus,

395 743 512 788 Tum
533 741 747 804 pontifex
780 756 999 804 surgenS,
1034 741 1093 788 ad
1115 755 1357 788 cameram
1375 755 1510 788 more
1541 741 1680 788 solito
1701 741 1862 800 rediit3
1894 742 1952 790 de
1983 757 2096 805 quo,

331 825 621 889 paramentis
640 825 885 888 depositis,
909 824 1174 871 cardinales
1191 824 1431 887 petierunt
1444 824 1706 881 licentiam,
1729 829 1777 873 et
1792 825 2103 874 obtinuerunt

332 907 439 955 novi
473 907 739 956 cardinales
774 908 833 956 de
876 907 1108 972 visitando
1148 911 1254 970 post
1292 908 1547 971 prandium
1581 908 1800 971 antiquos
1834 907 2103 957 cardinales

335 991 654 1055 supplicantes
678 991 923 1038 Sanctitati
945 1007 1030 1038 sue
1058 991 1185 1053 quod
1206 991 1484 1054 dignaretur
1509 1007 1559 1040 se
1580 991 1760 1040 habere
1782 1007 1868 1055 pro
1896 992 2102 1052 visitata,

335 1089 428 1136 que
466 1073 512 1120 in
545 1073 709 1137 primis
750 1073 982 1121 visitanda
1017 1077 1145 1121 esset
1179 1090 1188 1121 :
1217 1074 1283 1121 sic
1319 1075 1496 1122 factum
1532 1079 1619 1123 est.
1659 1075 1851 1123 Intravit
1886 1075 2107 1140 pontifex

335 1172 575 1204 cameram
610 1161 845 1204 secretam
882 1160 928 1204 et
960 1160 1067 1220 post
1090 1172 1198 1204 eum
1230 1173 1397 1205 omnes
1425 1158 1689 1207 cardinales
1713 1158 1894 1221 antiqui
1910 1162 1958 1207 et
1977 1158 2103 1217 novi,

337 1243 400 1298 et,
437 1238 561 1286 facta
589 1239 768 1287 ibidem
799 1239 955 1302 aliqua
993 1255 1146 1298 mora,
1172 1240 1391 1288 exierunt
1426 1257 1612 1300 omnes,
1655 1245 1702 1288 et
1742 1241 1923 1304 antiqui
1957 1255 2107 1289 novos

337 1337 486 1384 usque
518 1321 578 1368 ad
603 1326 812 1369 castrum
841 1338 879 1369 s.
911 1323 1080 1386 Angeli
1115 1324 1414 1373 associarunt
1447 1324 1495 1371 in
1522 1340 1616 1387 quo
1643 1323 1783 1371 simul
1812 1327 1909 1372 tres
1939 1339 2107 1372 omnes
2151 1309 2156 1313 ”

337 1404 444 1452 novi
477 1404 728 1467 prandium
764 1404 998 1453 fecerunt.
1032 1407 1312 1470 Equitarunt
1349 1412 1509 1455 autem
1548 1408 1641 1455 hoc
1677 1407 1844 1455 ordine
1881 1422 1891 1454 ε
1930 1405 2106 1470 primo,

339 1487 551 1551 episcopi
603 1488 775 1536 deinde
819 1490 1086 1554 presbyteri
1139 1490 1421 1550 cardinales,
1471 1490 1744 1538 Parmensis
1792 1489 2112 1554 presbytera

340 1570 518 1617 dextris
555 1576 599 1618 et
635 1571 869 1618 Ascanius
904 1571 1130 1619 diaconus
1161 1588 1188 1619 a
1218 1571 1446 1630 sinistris;
1479 1571 1744 1631 Auriensis,
1771 1571 1829 1619 de
1853 1570 2036 1619 Ursinis
2064 1575 2112 1620 et

341 1653 591 1713 Columna,
615 1654 875 1701 Aleriensis
898 1659 943 1702 et
975 1671 1014 1701 S.
1041 1654 1232 1718 Georgii
1262 1671 1316 1703 ac
1343 1655 1400 1702 de
1429 1657 1558 1702 Fuxo
1587 1655 1635 1701 in
1665 1654 1833 1702 ultimo
1854 1654 1962 1702 loco
1983 1653 2112 1717 equi-

341 1740 524 1796 tantes3
556 1739 948 1785 Beneventanum
981 1737 1105 1786 inter
1138 1753 1188 1786 se
1223 1738 1510 1786 habuerunt.
1545 1739 1667 1786 Ante
1705 1752 1902 1801 parvum
1934 1736 2110 1785 ostium

342 1819 487 1866 castri
509 1819 727 1883 predicti,
766 1821 945 1882 antiqui
974 1821 1240 1868 cardinales
1270 1837 1319 1868 se
1349 1821 1600 1868 firmarunt
1633 1837 1642 1868 :
1669 1820 1881 1883 episcopi
1910 1824 1956 1868 et
1977 1835 2109 1883 pres-

342 1902 495 1966 byteri
514 1903 574 1949 ad
594 1903 816 1950 dextram
841 1904 1061 1951 intrantis
1094 1908 1140 1951 et
1167 1904 1355 1951 diaconi
1383 1920 1411 1951 a
1438 1903 1640 1950 sinistris
1662 1903 1834 1966 quibus
1856 1902 2029 1966 singuli
2050 1917 2110 1951 ex

343 1985 494 2044 noviS,
517 1985 830 2048 discoopertis
851 1986 1101 2050 capitibus,
1123 1987 1395 2035 immediate
1416 2003 1537 2033 unus
1549 1990 1657 2050 post
1675 1985 1819 2034 alium
1841 1985 2111 2048 equitantes

345 2068 520 2131 gratias
547 2072 748 2130 egerunt
780 2084 915 2117 more
953 2070 1109 2117 solit0.
1158 2073 1478 2118 Recesserunt
1510 2069 1681 2117 deinde
1716 2068 1895 2131 antiqui
1928 2071 1974 2114 et
2002 2067 2112 2116 novi

345 2155 453 2213 post
472 2166 718 2198 recessum
741 2152 955 2199 omnium
982 2153 1275 2216 prelatorum
1304 2158 1351 2201 et
1379 2152 1647 2212 curialium,
1675 2151 2025 2199 descendentes
2053 2166 2114 2199 ex

346 2234 506 2292 mulis,
533 2234 824 2282 intraverunt
855 2236 914 2283 ad
948 2241 1157 2283 castrum
1191 2235 1477 2298 predictum,
1502 2235 1550 2282 in
1581 2250 1674 2298 quo
1701 2234 1919 2297 superius
1938 2233 1985 2281 in
2007 2233 2114 2294 aula

347 2315 531 2378 maj0re
561 2316 814 2378 prandium
849 2317 1081 2366 fecerunt.
1122 2321 1171 2365 In
1208 2319 1362 2382 capite
1390 2334 1558 2366 mense
1589 2318 1711 2366 sedit
1735 2317 2015 2376 AleriensiS,
2056 2316 2115 2364 ad

349 2399 454 2461 ejus
477 2398 694 2446 dextram
727 2400 974 2448 Auriensis
1009 2408 1056 2448 et
1088 2406 1196 2464 post
1223 2418 1333 2449 eum
1365 2404 1747 2460 Beneventanus,
1779 2401 1839 2448 ad
1872 2401 2112 2448 sinistram

347 2496 461 2528 vero
482 2481 640 2528 nullus
662 2485 780 2542 erat,
803 2483 888 2530 sed
909 2483 1096 2531 stabant
1123 2485 1392 2532 servitores.
1425 2488 1536 2532 Post
1558 2486 1950 2532 Beneventanum
1981 2486 2115 2531 erant

351 2563 602 2627 episcopus
625 2565 891 2625 Imolensis,
924 2567 1278 2629 protonotarius
1307 2568 1365 2614 de
1389 2566 1600 2625 Pinellis,
1627 2568 1683 2612 D.
1702 2565 1956 2630 ‘Gerardus
1987 2564 2115 2613 Usis-

351 2646 494 2694 maris
512 2647 804 2710 guberuator
826 2648 984 2707 Urbis,
1009 2631 1287 2697 Dominicus
1308 2649 1452 2696 Auria
1474 2653 1520 2696 et
1542 2664 1649 2712 ego.

419 2729 622 2777 Prandio
653 2735 866 2793 peracto,
900 2731 1026 2778 circa
1054 2732 1222 2779 horam
1258 2749 1336 2791 xx,
1372 2732 1540 2795 prefati
1576 2737 1671 2780 tres
1704 2731 1973 2779 cardinales
2002 2730 2111 2778 novi

354 2812 575 2861 associati
596 2828 623 2859 a
644 2812 836 2875 prelatis
857 2813 1034 2876 palatii,
1054 2814 1229 2861 familia
1249 2817 1375 2877 Pape
1397 2818 1444 2863 et
1466 2830 1567 2874 sua,
1593 2814 1864 2877 equitarunt
1884 2813 2112 2861 visitaturi

354 2897 560 2942 RRmos.
598 2897 697 2941 DD.
735 2895 999 2944 cardinales
1027 2898 1265 2960 antiquos,
1293 2902 1340 2946 et
1366 2898 1519 2961 primo
1550 2898 1799 2945 visitarunt
1828 2900 2017 2945 Rmum.
2051 2898 2108 2944 D.

353 2977 794 3025 vicecancellarium
828 2979 923 3041 qui,
956 2985 1066 3043 post
1094 2981 1381 3028 descensum
1422 2996 1481 3028 ex
1516 2981 1655 3027 mulis
1684 2980 1830 3028 voluit
1859 2983 2112 3042 antequam

357 3061 529 3122 gradus
550 3061 865 3109 ascenderent
887 3066 937 3110 ut
958 3078 1131 3126 cappas
1153 3063 1450 3126 deponerent
1472 3079 1481 3110 :
1508 3063 1574 3110 sic
1597 3063 1774 3110 factum
1796 3067 1884 3122 est,
1901 3065 1947 3110 et
1967 3060 2108 3108 male.

356 3143 619 3191 Visitaruut
648 3144 819 3193 deinde
854 3146 1236 3209 Neapolitanum,
1278 3162 1315 3193 s.
1349 3146 1513 3205 Marci,
1562 3162 1601 3192 s.
1643 3146 1770 3193 Petri
1803 3145 1863 3193 ad
1889 3137 2109 3201 Vincula,

358 3227 666 3286 Januensem,
693 3243 731 3277 S.
753 3228 920 3292 Angeli
945 3229 1069 3275 etde
1093 3229 1339 3277 Columna.

425 3310 673 3357 Dominica
702 3310 1329 3374 secundaquadragesime,
1366 3314 1421 3357 15
1455 3310 1634 3358 mensis
1673 3309 1847 3368 martii,
1883 3311 1938 3355 R.
1971 3310 2022 3354 P.
2053 3309 2109 3354 D.

361 3391 582 3450 Thomas,
632 3393 884 3458 episcopus
925 3393 1143 3441 Dolensis
1176 3393 1403 3441 assistens
1437 3396 1581 3456 Pape,
1631 3391 1884 3440 celebravit
1920 3389 2114 3436 missam
