2262 3958
236 292 388 334 [Fevrier
409 291 499 333 1484]
678 287 847 325 RERUM
874 286 1179 324 URBANARUM
1207 285 1558 325 COMMENTARH.
2005 296 2028 331 5

301 393 472 444 Clerici
504 391 891 442 ceremoniarum
919 394 1056 439 erant
1079 409 1087 438 ι

296 479 354 526 D.
387 462 626 525 Antonius
654 474 857 533 Rebioli,
889 473 1077 537 collega
1103 489 1242 523 meus
1268 478 1572 526 numerarius
1602 482 1650 527 et
1678 479 1971 543 participans
1997 496 2025 529 a

233 581 329 631 quo
349 568 572 630 receptus
590 563 657 612 fui
676 563 725 611 in
741 562 926 612 socium
946 566 994 611 et
1014 560 1269 625 collegam,
1290 567 1337 611 et
1351 565 1374 610 J
1381 562 1599 612 ohannes
1618 563 1771 612 Maria
1791 563 1850 612 de
1871 564 2019 613 Podio

232 647 704 716 s‘upernumerariuS,
735 645 816 710 qui
840 661 868 693 a
895 659 1097 693 romana
1126 644 1259 692 curia
1286 645 1461 693 absens
1492 651 1594 695 erat
1626 652 1673 696 et
1697 647 1745 694 in
1776 646 2017 711 legatione

228 750 340 784 cum
360 737 500 783 Rmo.
527 735 583 782 D.
609 729 850 781 cardinale
873 745 912 777 S.
939 729 1216 778 Clementis,

289 822 343 868 In
378 818 544 885 primis
577 815 827 866 mensibus
867 814 1014 878 hujus
1052 813 1181 874 anni,
1225 813 1481 878 presertim
1516 830 1669 879 usque
1704 816 1765 864 ad
1797 831 2018 865 mensem

223 903 438 969 augusti,
478 909 578 951 non
605 899 764 949 notavi
794 897 1148 963 particulariter
1177 913 1271 962 que
1311 898 1360 946 in
1393 898 1581 963 capella
1613 900 1854 948 ordinarie
1893 900 2020 948 facta

223 991 357 1046 sunt3
380 985 555 1035 deinde
580 987 761 1044 autem,
792 977 910 1032 cum'
930 982 1153 1031 vidissem
1177 981 1226 1030 id
1246 982 1508 1047 plurimum
1537 984 1808 1042 convenire,
1837 984 2016 1042 notavi,

223 1075 275 1120 ut
297 1070 422 1119 infra
440 1068 695 1118 videbitur.

288 1156 342 1202 ln
377 1153 537 1218 vigilia
564 1148 822 1201 nativitatis
855 1151 1073 1211 Domini,
1102 1152 1299 1201 fuerunt
1324 1167 1523 1216 vespere
1552 1152 1748 1217 papales
1775 1153 2018 1201 solemnes

222 1239 271 1287 in
300 1237 499 1288 basilica
531 1254 571 1286 s,
608 1236 754 1296 Petri,
788 1239 920 1301 Papa
944 1240 1191 1300 presente,
1222 1239 1269 1284 et
1296 1235 1512 1283 officium
1544 1234 1769 1284 faciente.
1801 1238 1852 1283 In
1873 1239 2017 1283 nocte

224 1327 388 1372 autem
415 1322 612 1372 fuerunt
643 1320 879 1370 matutine
911 1320 960 1368 in
996 1320 1180 1385 capella
1206 1319 1390 1383 majore
1422 1319 1604 1383 palatii,
1637 1322 1766 1383 Papa
1792 1320 2009 1369 absente.

172 1452 176 1456 .
222 1409 277 1456 ln
297 1407 374 1456 die
393 1421 523 1466 vere,
553 1409 684 1470 Papa
701 1405 830 1454 venit
858 1403 1282 1469 processionaliter
1306 1404 1367 1451 ad
1393 1403 1640 1452 basilicam
1668 1403 1935 1468 predictam
1964 1408 2012 1453 et

221 1490 479 1540 celebravit
513 1490 688 1539 sedens
722 1489 770 1537 in
804 1489 918 1538 sede
949 1489 1010 1538 ad
1034 1489 1130 1537 hoc
1159 1488 1248 1536 sibi
1276 1489 1514 1549 ordinata,
1548 1491 1593 1537 et
1622 1488 1873 1537 observata
1902 1491 2012 1536 sunt

221 1574 385 1624 omnia
400 1578 542 1639 prout
561 1574 611 1622 in
632 1572 943 1622 ceremoniali
965 1572 1232 1620 ordinatur.

286 1660 337 1706 In
361 1658 437 1706 die
457 1675 495 1708 s,
517 1657 766 1722 Stephani,
790 1659 956 1705 RmuS.
983 1659 1039 1704 D.
1066 1656 1321 1705 cardinalis
1341 1656 1645 1705 Novariensis
1663 1656 1777 1705 fecit
1798 1656 2011 1705 officium

219 1741 269 1790 in
290 1741 477 1806 capella
497 1742 704 1806 majore,
730 1746 778 1790 et
804 1741 997 1790 habitus
1020 1745 1094 1790 est
1113 1756 1289 1790 sermO.

285 1827 338 1873 ln
366 1825 443 1876 die
465 1843 504 1875 S.
535 1825 770 1875 Johannis
800 1825 1111 1890 evangeliste,
1143 1825 1234 1873 fuit
1266 1825 1416 1874 missa
1437 1825 1667 1875 solemnis
1696 1831 1744 1875 et
1774 1840 1937 1875 sermo
1966 1825 2013 1872 in

192 1918 195 1922 '
214 1910 399 1976 capella
417 1911 648 1976 predicta.

278 1995 331 2042 In
366 1994 526 2059 vigilia
562 1995 943 2045 circumcisionis
993 1994 1211 2055 Domini,
1255 1994 1452 2043 fuerunt
1490 2009 1690 2059 vespere
1729 1994 1927 2058 papales
1963 1994 2010 2042 in

214 2078 402 2143 capella
420 2079 637 2144 predicta
658 2085 705 2129 et
722 2080 902 2129 ibidem
923 2079 1072 2128 missa
1092 2078 1139 2126 in
1159 2079 1235 2128 die
1258 2083 1305 2127 et
1327 2094 1505 2127 sermO.

278 2163 331 2210 In
348 2162 508 2226 vigilia
525 2162 791 2227 Epiphanie
817 2163 1015 2212 fuerunt
1039 2178 1236 2227 vespere
1261 2162 1457 2226 papales
1482 2162 1530 2209 in
1555 2162 1742 2227 capella
1766 2163 2000 2227 predicta,

213 2248 259 2294 et
279 2245 329 2294 in
350 2245 428 2296 die
448 2246 597 2296 missa
617 2247 666 2295 in
687 2247 884 2296 basilica
906 2264 945 2295 s,
970 2247 1096 2296 Petri
1119 2251 1166 2295 et
1188 2261 1367 2295 sermo.

275 2329 529 2380 Dominica
565 2331 801 2392 secunda,
835 2334 944 2395 post
974 2330 1154 2379 festum
1182 2330 1448 2395 Epiphanie
1480 2324 1691 2390 Domini,
1713 2346 1809 2394 qua
1830 2330 2004 2379 dicitur

208 2415 511 2479 evangelium
550 2433 560 2465 :
596 2415 777 2480 Nuptie
806 2417 935 2483 facte
963 2423 1079 2463 sunt
1116 2416 1166 2463 in
1210 2415 1346 2464 Cana
1387 2414 1582 2475 Galilee,
1621 2418 1676 2462 R.
1721 2414 1770 2461 in
1813 2414 2001 2463 Christo

204 2501 255 2550 P.
281 2502 338 2549 D.
364 2500 887 2564 Silvestergepiscopus
914 2499 1183 2563 Clugiensis
1216 2499 1474 2547 celebravit
1502 2499 1700 2546 missam
1729 2497 2000 2546 solemnem

209 2581 268 2630 in'
286 2583 470 2648 capella
503 2584 687 2648 maj0re
721 2583 884 2648 palatii
919 2583 969 2631 in
998 2582 1294 2647 paramentis
1330 2582 1575 2642 viridibuS,
1611 2584 1741 2645 Papa
1775 2581 1993 2642 absente,

208 2667 530 2717 cardinalibus
566 2668 890 2733 presentibUS,
933 2672 980 2716 et
1007 2682 1106 2716 non
1135 2667 1223 2715 fuit
1257 2682 1436 2716 sermo.
1470 2666 1575 2715 Alia
1607 2666 1859 2714 observata
1886 2670 1997 2714 sunt

207 2754 260 2799 ut
280 2750 429 2800 moris
451 2755 541 2800 est.
1096 2811 1099 2814 ,

275 2836 325 2883 In
362 2835 439 2884 die
477 2834 826 2899 purificationis
863 2836 1001 2884 beate
1035 2835 1183 2884 Marie
1213 2835 1406 2899 virginis
1435 2835 1522 2884 fuit
1547 2836 1695 2884 missa
1722 2836 1952 2885 solemnis
1977 2854 1988 2885 ε

203 2918 456 2968 distribute
497 2922 607 2967 sunt
641 2919 773 2983 prius
807 2919 1006 2967 candele
1047 2924 1093 2968 et
1133 2919 1258 2969 facta
1295 2919 1567 2984 processio,
1601 2919 1790 2983 aliaque
1821 2919 1984 2968 omnia

201 3018 337 3052 more
359 3003 500 3052 solito
522 3008 634 3052 sunt
652 3004 902 3053 observata
915 3039 925 3050 .

267 3089 321 3135 ln
343 3086 419 3136 die
448 3088 684 3149 cinerum,
711 3091 842 3152 Papa
860 3088 1105 3137 benedixit
1123 3088 1310 3137 cineres
1338 3088 1386 3135 in
1408 3088 1592 3152 capella
1612 3088 1796 3150 maj0re
1822 3086 1983 3150 palatii

203 3169 295 3229 sui,
321 3175 369 3219 et
387 3187 468 3220 eas
491 3172 750 3232 distribuit,
773 3172 946 3221 deinde
966 3172 1092 3221 dicta
1112 3172 1200 3220 fuit
1221 3172 1369 3220 missa
1385 3172 1593 3236 publica,
1620 3170 1696 3219 cui
1717 3170 1819 3234 ipse
1841 3170 1986 3218 inter-

204 3253 307 3314 fuit,
340 3271 615 3304 sermonem
638 3255 752 3305 fecit
771 3257 936 3305 nescio
955 3257 1079 3320 quis.

275 3337 434 3387 Prima
472 3339 715 3388 dominica
751 3340 1144 3405 quadragesime,
1189 3340 1278 3388 fuit
1319 3339 1469 3387 missa
1507 3338 1689 3403 papalis
1722 3337 1771 3385 in
1803 3337 1987 3401 capella

207 3422 393 3485 majore
414 3421 576 3485 palatii
597 3427 643 3471 et
663 3439 843 3483 Serme,
864 3439 999 3472 more
1021 3424 1178 3472 solitO.
