2262 3958
0 582 10 715 ,η-Ἷ-ψ-,ν-ν-
0 461 11 559 =1-=.·-1-2
0 362 7 429 vv-„w
0 297 11 345 ,γον
3 258 6 259 ¹
0 186 10 216 um
0 159 2 161 v

911 279 1196 317 APPENDICE.
1212 293 1214 295 ·
1878 282 1948 318 529

164 372 322 413 norum
333 372 424 403 non
436 360 607 403 modice
622 361 888 403 conducunt.
913 363 1112 404 Fratrum
1135 363 1315 415 quidem
1337 363 1586 413 dissidium,
1610 364 1773 405 ciuium
1786 363 1948 406 discor-

161 428 233 473 dia
244 427 610 480 ‚Populorumque
629 427 744 468 bella
766 428 987 480 preclaras
1010 429 1162 481 sepius
1179 429 1313 470 urbes
1333 440 1470 482 regna
1492 432 1535 470 et
1555 430 1738 482 imperia
1754 430 1946 471 maxima

161 492 442 537 subuertunt.
455 493 764 546 Exemplorum
775 494 905 547 plena
917 498 985 536 est
994 498 1193 535 vetustas
1211 508 1220 534 :
1233 505 1313 536 nec
1325 495 1442 535 enim
1455 506 1640 547 presens
1649 498 1744 536 etas
1755 496 1836 536 hac
1846 496 1947 536 labe

161 557 315 605 caruit.
349 559 496 616 Sensit
519 559 623 600 olim
639 559 722 601 hoc
736 560 998 612 pestiferum
1012 560 1172 601 vulnus
1187 560 1460 600 Athenarum
1476 561 1581 601 urbs
1604 560 1945 613 sapientissima.

457 764 478 791 α
502 749 709 804 Baqyazit
729 752 766 790 et
789 751 977 803 Zyzymy
997 751 1158 802 Requm
1179 747 1212 789 C
1214 750 1404 790 ontrarie
1423 751 1648 802 sactiones.

219 869 236 890 ι
270 852 543 894 Mahumetes
562 852 818 892 thurcorum
843 850 1048 902 princeps
1070 853 1166 892 octo
1189 854 1232 891 et
1249 852 1571 905 quinquaginta
1597 863 1739 892 annos
1770 855 1943 901 nactus,

162 916 595 972 Postquam'triginta
621 917 886 968 imperasset
907 926 1066 965 annos,
1093 926 1181 968 quo
1198 918 1397 967 tempore
1410 917 1560 964 urbes,
1581 929 1735 970 regna,
1757 917 1948 958 ditiones

159 983 494 1037 potentissimas
514 982 723 1035 subegit:
745 983 971 1023 Postremo
999 981 1258 1023 rhodiorum
1289 983 1424 1023 armis
1451 983 1628 1033 cedens,
1660 983 1806 1024 animo
1827 983 1949 1035 igno-

158 1049 294 1091 minia
313 1047 484 1098 affecto,
503 1049 814 1088 consternatus
834 1047 924 1088 vita
953 1050 1136 1099 repente
1154 1049 1357 1090 excessit.
1382 1050 1456 1090 Hic
1470 1050 1587 1091 enim
1608 1050 1774 1091 liberos
1792 1060 1949 1101 super-

159 1115 285 1157 stites
321 1113 500 1166 reliquit
531 1113 644 1154 duos
685 1126 696 1155 :
733 1113 944 1167 Bagyazit
979 1116 1023 1154 et
1059 1116 1252 1167 Zyzymy
1283 1126 1427 1169 reges.
1466 1116 1562 1167 Qui,
1598 1119 1649 1157 ut
1680 1127 1735 1157 ex
1767 1113 1950 1167 ephebis

157 1190 401 1231 excessere,
422 1179 526 1220 viuo
545 1182 670 1231 patre
692 1179 934 1231 prouinciis
968 1178 1164 1231 prefecti,
1187 1180 1282 1222 loco
1310 1182 1531 1231 disiuncti,
1561 1182 1753 1235 quietam
1784 1181 1951 1222 ducunt

157 1247 294 1289 vitam
313 1258 324 1287 :
346 1257 429 1287 nec
444 1245 631 1298 imperio
652 1244 866 1298 impliciti,
885 1255 967 1286 nec
981 1245 1166 1296 publicis
1188 1247 1305 1288 curis
1325 1247 1502 1298 intenti3
1517 1248 1690 1300 priuata
1705 1247 1947 1299 prouincia.

156 1314 273 1355 Dum
290 1311 463 1354 viueret
476 1314 618 1364 pater,
636 1314 823 1363 uterque
837 1313 1072 1352 contentus
1094 1311 1188 1352 fuit.
1213 1314 1348 1353 ‚Iussu
1362 1314 1499 1365 patris
1514 1313 1750 1366 (fraternas
1764 1311 1950 1354 insidias

157 1376 456 1431 formidantis)
475 1388 565 1418 non
585 1377 688 1429 plus
705 1388 840 1430 quam
862 1376 1001 1417 semel
1030 1388 1131 1418 sese
1162 1389 1457 1431 conspexere;
1476 1380 1732 1432 mutuisque
1752 1379 1824 1420 usi
1845 1381 1951 1419 sunt

160 1444 320 1486 fratres
340 1443 636 1497 amplexibus.
660 1444 736 1484 Vir
755 1443 920 1496 quippe
951 1442 1172 1483 barbarus
1191 1446 1318 1485 vasto
1338 1444 1552 1485 coniectat
1569 1444 1748 1498 ingenio
1767 1445 1949 1484 Germa-

159 1520 321 1552 norum
340 1508 575 1551 dissidium
587 1508 742 1561 ;·quod
763 1509 979 1550 Barbaras
999 1511 1158 1561 gentes
1180 1512 1246 1562 (ut
1266 1510 1484 1562 peculiare
1503 1509 1741 1563 venenum)
1763 1510 1809 1550 in
1830 1508 1950 1562 prin-

163 1577 334 1630 cipatus
356 1575 595 1630 adeptione
617 1577 880 1630 plerumque
894 1576 1042 1618 afficit.
1060 1576 1116 1618 Ba
1121 1576 1284 1630 gyazit,
1304 1587 1437 1628 quem
1450 1576 1643 1629 yldrimy
1653 1577 1812 1617 vocant
1830 1574 1952 1627 quod

164 1643 318 1698 fulgur
329 1642 466 1686 latine
486 1647 630 1693 sonat,
652 1643 794 1684 maior
815 1643 994 1696 quidem
1024 1647 1133 1684 natu
1163 1644 1207 1684 in
1229 1643 1541 1696 paphlagonia,
1571 1641 1627 1683 ad
1647 1641 1795 1683 euxini
1817 1640 1949 1682 maris

160 1709 309 1752 littora
325 1712 526 1762 torpens,
544 1708 831 1762 Sardanapali
847 1709 1221 1759 moresimitatus,
1245 1708 1425 1750 mollem
1446 1708 1564 1749 ducit
1584 1707 1733 1748 vitam.
1758 1709 1952 1760 Zyzymy

160 1775 238 1829 qui
275 1785 403 1816 amor
431 1775 762 1827 interpretatur,
791 1775 947 1827 yconie
981 1774 1162 1826 antique
1205 1773 1384 1826 quidem
1421 1773 1545 1814 urbis
1576 1771 1761 1813 licaonie
1798 1771 1950 1812 sedem

159 1841 315 1884 habuit
338 1853 349 1882 :
371 1840 504 1882 modo
520 1840 758 1889 venationi,
781 1840 915 1881 modo
934 1840 1130 1881 thermis.
1162 1839 1294 1881 modo
1315 1839 1506 1880 fluuialis
1527 1849 1642 1891 aque
1661 1837 1954 1879 immersioni-

158 1907 246 1949 bus
265 1906 538 1956 exercendis,
569 1905 703 1947 modo
726 1906 1174 1948 commessationibus
1207 1906 1460 1955 intendens,
1487 1905 1836 1957 iuueniliterque
1854 1903 1951 1944 *las-

160 1973 345 2023 ciuiens,
379 1983 512 2014 cuum
548 1973 641 2026 agit
668 1972 903 2013 lubricum.
940 1973 1080 2013 Patris
1117 1975 1266 2014 autem
1292 1971 1524 2024 repentino
1563 1981 1748 2011 excessu
1784 1970 1951 2022 passim

160 2038 357 2092 vulgato,
378 2038 475 2080 loco
497 2049 597 2080 sese
617 2038 780 2090 raptim
793 2041 982 2090 uterque
998 2038 1139 2078 mouit
1151 2050 1160 2086 ;
1174 2037 1415 2079 arbitratus
1433 2037 1510 2089 qui
1527 2035 1951 2087 Constantinopolim

163 2103 284 2156 prior
296 2102 513 2152 vendicet,
537 2103 755 2155 imperiali
773 2103 885 2144 solio
906 2114 956 2143 ac
975 2103 1099 2156 regia
1126 2114 1235 2156 gaza
1267 2103 1527 2155 potiturum.
1551 2101 1681 2154 Apud
1701 2101 1949 2143 Constanti-

163 2168 378 2222 nopolim,
401 2167 484 2209 sub
514 2168 560 2209 id
590 2171 783 2220 tempus,
819 2165 1169 2210 commilitonum
1199 2167 1329 2210 factio
1361 2169 1466 2209 bina
1498 2167 1710 2208 nascitur.
1742 2166 1952 2219 Bagyazit

163 2229 361 2288 quidam,
390 2236 586 2288 Zyzymy
603 2234 679 2275 alii
699 2235 745 2275 in
765 2245 918 2288 regem
937 2236 1184 2284 accersunt,
1214 2237 1375 2275 vocant
1397 2237 1658 2286 petuntque.
1676 2234 1790 2273 Dum
1811 2232 1954 2273 basia-

162 2312 263 2342 rum
301 2299 630 2353 primatumque
668 2301 813 2342 studia
847 2311 899 2341 ac
939 2298 1180 2339 satellitum
1220 2302 1391 2340 mentes
1422 2299 1469 2339 in
1500 2298 1645 2339 varias
1690 2297 1955 2339 scinduntur

161 2364 392 2416 factiones,
425 2366 599 2418 paterni
625 2366 754 2407 erarii
776 2365 920 2418 portio
950 2364 1086 2417 prede
1116 2365 1272 2417 patuit.
1311 2365 1570 2406 Fluctuante
1600 2364 1779 2417 quidem
1811 2375 1952 2416 regno

161 2432 354 2474 cruentis
375 2442 476 2473 sese
496 2434 827 2484 persequuntur
858 2430 1036 2484 gladiis,
1066 2434 1108 2472 et
1133 2443 1188 2472 ex
1214 2431 1351 2472 basiis
1380 2442 1500 2472 unus
1531 2431 1755 2472 occiditur.
1780 2431 1949 2472 Interea

160 2497 344 2539 Achmat
354 2495 494 2547 basia,
511 2496 688 2549 ydronti
706 2498 1002 2549 expugnator,
1020 2500 1161 2538 artem
1179 2498 1414 2538 militarem
1428 2497 1609 2546 callens,
1623 2508 1787 2550 magno
1804 2497 1951 2538 animo

160 2563 228 2604 vir
246 2573 473 2615 manuque
489 2565 738 2614 promptuS,
770 2564 968 2603 mentem
997 2562 1055 2603 ad
1082 2563 1265 2605 clariora
1289 2563 1494 2613 voluens,
1525 2565 1777 2615 contempta
1798 2562 1952 2614 preda,

162 2628 486 2682 Bagyaziticam
515 2627 750 2669 factionem
792 2629 1006 2680 sequitur.
1049 2631 1089 2671 Is
1122 2631 1287 2682 quippe
1320 2629 1478 2671 callido
1508 2629 1645 2671 fretus
1678 2631 1858 2683 ingenio
1895 2631 1952 2671 ad

163 2692 403 2734 seditiones
423 2695 543 2733 ortas
559 2692 780 2733 sedandas
796 2696 839 2733 et
853 2694 1160 2736 turbulentum
1181 2706 1326 2736 rerum
1343 2699 1509 2736 statum
1524 2695 1774 2747 pacandum
1789 2695 1950 2744 audax,

164 2758 330 2799 irarum
362 2757 675 2809 minarumque
707 2757 883 2809 plenus,
916 2758 962 2799 in
998 2761 1228 2811 propatulo
1258 2762 1538 2811 constitutus,
1571 2761 1714 2802 valida
1748 2761 1954 2812 Bagyazi-

166 2825 312 2863 tarum
331 2833 470 2862 manu
491 2822 753 2871 succinctuS‚
787 2834 927 2863 unum
947 2835 1001 2864 ex
1031 2827 1240 2879 Bagyazit
1270 2827 1423 2868 liberis
1457 2827 1576 2881 (nam
1605 2826 1645 2867 ei
1678 2826 1827 2878 plures
1851 2829 1953 2866 sunt

168 2887 277 2941 nati)
297 2890 505 2929 octauum
535 2890 579 2928 et
604 2887 823 2928 decimum
848 2893 1057 2942 agentem
1085 2902 1268 2942 annum,
1288 2892 1472 2946 ignobili
1493 2892 1627 2945 vulgo
1658 2894 1888 2932 ostentans
1910 2894 1953 2931 ct

169 2953 413 3008 proferens,
442 2956 613 3006 patrem
638 2965 792 3008 regem
821 2955 1028 3007 appellat.
1063 2957 1199 3010 Regio
1226 2958 1437 2999 tribunali
1460 2959 1790 2999 adolescentem
1816 2957 1952 3006 locat3

171 3018 311 3062 donec
342 3019 513 3062 venerit
540 3020 718 3072 genitor
756 3021 833 3072 qui
863 3020 1142 3073 dyadematis
1173 3023 1474 3075 gubernacula
1517 3026 1678 3064 teneat.
1721 3024 1836 3063 Dum
1873 3022 1954 3063 hec

170 3088 378 3139 aguntur,
412 3085 802 3138 bisanciorumque
824 3090 996 3127 mentes
1024 3087 1093 3139 (ut
1119 3100 1267 3129 rerum
1293 3089 1550 3130 turbulento
1579 3091 1698 3129 statu
1724 3086 1954 3139 contingit)

156 3150 335 3195 ,solicite
352 3151 570 3204 anxieque
590 3151 786 3203 pendent
808 3152 1018 3205 Bagyazit
1038 3164 1118 3204 per
1136 3154 1358 3194 euximum
1380 3165 1503 3194 mare
1524 3153 1677 3205 paucis
1697 3152 1955 3193 triremibus

169 3214 226 3256 ad
241 3215 322 3256 hoc
341 3216 506 3267 paratis
526 3219 695 3266 vectus,
715 3217 1144 3269 Constantinopolim
1162 3218 1358 3269 appulit;
1382 3218 1458 3258 ubi
1479 3229 1578 3258 cum
1600 3218 1768 3270 ingenti
1784 3219 1958 3271 Bagya-

170 3281 352 3321 zitarum
374 3281 534 3333 plausu
554 3285 778 3334 exceptus,
801 3284 891 3323 Rex
918 3286 961 3324 et
983 3283 1222 3335 imperator
1248 3284 1581 3332 constalutatur‚
1606 3284 1829 3336 Regieque
1848 3294 1958 3336 gaze

169 3347 614 3400 potituroZyzymite
645 3359 748 3389 vero
779 3348 968 3399 attoniti,
1013 3349 1178 3401 stupidi
1217 3352 1260 3391 et
1298 3348 1448 3401 pauidi
1488 3348 1640 3398 silent,
1676 3360 1728 3390 ac
1759 3348 1957 3390 dolorem

170 3411 465 3462 dissimulant,
487 3416 749 3466 conceptum
763 3414 939 3456 victoris
961 3426 1119 3456 seuum
1132 3415 1311 3468 quidem
1328 3415 1527 3468 gladium
1543 3413 1846 3457 formidantes.
1868 3416 1958 3456 Rex

361 3508 394 3532 τ.
426 3507 452 3532 1.
1721 3501 1768 3537 34
