2262 3958
387 345 456 381 410
988 343 1217 379 JOHANNIS
1251 344 1544 390 BURCHARDI,
1956 353 2036 395 [Mai
2057 352 2148 395 149⁰]

387 446 520 494 ducis
541 445 911 493 Mediolanensis
934 445 993 492 ad
1014 445 1315 493 tractandum
1331 446 1456 495 inter
1479 463 1562 496 eos
1576 466 1662 512 pro
1678 467 1814 514 pace,
1830 452 2019 500 misisse
2035 452 2151 515 ipsis

387 528 654 577 oratoribus
680 527 867 575 obviam
898 543 1033 575 suam
1062 533 1108 576 et
1137 532 1426 576 RRmorum.
1468 533 1567 578 DD.
1603 532 1918 581 cardinalium
1947 534 2151 582 familias

389 617 522 662 extra
545 613 721 660 Urbem
740 627 874 660 more
890 616 1147 671 consuet03
1169 613 1388 660 similiter
1404 629 1512 660 cum
1530 615 1774 677 predictus
1786 617 2003 680 pontifex
2015 618 2153 666 Nico-

384 697 486 744 laus
517 696 711 758 quintus
738 694 923 743 iniisset
956 695 1093 743 fedus
1133 711 1242 742 cum
1273 696 1521 759 Alphonso
1560 698 1720 745 Sicilie
1751 714 1865 762 rege
1896 699 1956 747 ad
1982 699 2151 748 decem

385 795 553 836 annos,
568 779 752 826 vocavit
773 778 1006 826 Sanctitas
1020 794 1104 825 sua
1123 783 1338 826 oratores
1350 783 1684 842 potentatuum
1698 781 1831 829 Italie
1859 797 1944 844 pro
1962 782 2153 845 quibus-

383 862 493 909 dam
519 843 702 917 causis;
734 861 904 924 quibus
932 861 1289 909 advenientibus
1311 862 1441 910 misit
1466 863 1654 911 obviam
1680 863 1911 911 familiam
1941 879 2076 913 suam
2102 869 2152 913 et

385 944 723 1002 cardinalium3
754 945 812 992 de
833 945 936 992 aliis
959 945 1254 1008 temporibus
1277 946 1395 994 dixit
1416 963 1466 995 se
1488 964 1585 994 non
1608 948 1877 1006 recordari3
1902 948 2051 997 videri
2063 948 2151 1012 igi-

384 1031 460 1074 tur
481 1026 587 1086 sibi,
613 1026 758 1089 quod,
785 1042 894 1074 cum
918 1026 1134 1090 pontifex
1157 1028 1224 1074 sic
1245 1029 1438 1077 fecisset
1460 1045 1545 1092 pro
1569 1030 1839 1078 oratoribus
1862 1029 2150 1094 supradictis

384 1113 431 1157 et
452 1109 574 1168 aliis,
600 1125 709 1156 cum
731 1109 778 1156 id
796 1110 1102 1173 equiparetur
1126 1111 1416 1170 obedientie,
1444 1111 1608 1160 deberi
1635 1112 1751 1175 ipsis
1775 1112 1965 1160 obviam
1992 1112 2117 1162 mitti
2139 1131 2148 1170 3

383 1194 430 1240 in
458 1194 562 1240 aliis
590 1197 751 1240 autem
774 1192 980 1251 casibus,
1005 1193 1096 1239 nisi
1123 1209 1209 1256 pro
1239 1194 1528 1253 obedientia,
1559 1195 1861 1243 venientibus
1897 1195 2019 1243 mitti
2055 1211 2152 1243 non

382 1276 573 1334 deberi,
599 1290 658 1322 ex
679 1291 772 1337 quo
790 1275 1059 1323 ordinatum
1078 1280 1150 1324 est
1172 1276 1301 1339 quod
1317 1277 1648 1340 reciperentur
1666 1278 1834 1326 ordine
1854 1277 2147 1341 supradicto.

447 1358 586 1406 Feria
619 1362 803 1421 quarta,
842 1361 898 1405 19
937 1359 1068 1417 maii,
1110 1359 1268 1422 vigilia
1302 1360 1597 1408 ascensionis
1638 1363 1691 1408 D.
1724 1363 1779 1407 N.
1822 1365 1936 1409 Jesu
1957 1361 2148 1420 Christi,

390 1442 580 1489 suerunt
607 1455 807 1503 vespere
843 1441 1038 1503 papales
1066 1442 1114 1487 in
1141 1443 1326 1505 capella
1351 1443 1535 1505 majore
1563 1443 1726 1506 palatii
1755 1444 2005 1507 apostolici
2027 1444 2153 1509 apud

388 1528 608 1572 sanctum
650 1526 862 1582 Petrum,
904 1527 1032 1587 Papa
1070 1530 1296 1587 presente
1337 1529 1383 1572 et
1425 1525 1640 1572 officium
1681 1531 1880 1589 agente;
1924 1526 2000 1574 cui
2042 1543 2153 1575 cum

387 1607 653 1655 cardinales
676 1622 733 1654 ex
760 1623 893 1654 more
923 1608 1238 1655 reverentiam
1263 1608 1495 1668 facerent,
1522 1608 1648 1656 facta
1670 1614 1743 1656 est
1764 1609 2008 1658 contentio
2030 1609 2156 1659 inter

386 1695 601 1739 oratores
617 1706 783 1753 regum
805 1691 1105 1754 Neapolitani
1122 1695 1168 1739 et
1187 1692 1472 1751 Scotiarum,
1494 1695 1808 1752 Venetorum,
1827 1693 2083 1741 Mediolani
2105 1698 2152 1742 et

389 1773 589 1822 dominii
637 1773 901 1821 Florentini
935 1773 1012 1835 qui
1057 1774 1280 1822 dicebant
1315 1791 1365 1823 se
1402 1776 1460 1822 ab
1495 1780 1683 1824 oratore
1723 1776 1856 1824 ducis
1896 1775 2152 1824 Mediolani

388 1857 529 1904 dividi
574 1857 648 1904 vel
698 1857 911 1920 separari
956 1871 1053 1904 non
1098 1857 1292 1917 debere,
1336 1862 1382 1905 et
1429 1863 1645 1907 oratores
1698 1859 1918 1918 Othonis,
1965 1858 2152 1907 Alberti

386 1945 433 1988 et
464 1940 655 2002 Georgii
686 1940 881 1987 Bavarie
922 1940 1114 1999 ducum,
1150 1941 1229 2002 qui
1262 1957 1311 1988 se
1341 1957 1492 2004 suprav
1520 1947 1735 1991 oratores
1771 1946 1982 1992 Venetos
2021 1942 2154 1991 loca-

385 2028 581 2081 verunt;
619 2039 677 2071 ex
714 2041 814 2088 quov
844 2024 1076 2087 indignati
1104 2024 1277 2075 Veneti
1304 2025 1526 2073 adstatim
1556 2030 1602 2073 et
1637 2024 1899 2073 Florentini
1931 2030 2152 2074 oratores

388 2111 710 2155 recesserunt.
742 2107 1028 2155 Ferdinandi
1060 2108 1282 2171 Neapolis
1316 2112 1362 2156 et
1391 2109 1549 2156 Scotie
1590 2123 1758 2171 regum
1780 2107 2070 2166 oratoribus,
2099 2108 2149 2156 in

384 2190 694 2238 contentione
737 2190 1119 2253 persistentibus,
1161 2206 1219 2238 ex
1258 2191 1453 2253 speciali
1496 2191 1724 2239 mandato
1771 2194 1898 2255 Pape
1927 2191 2148 2240 mandavi

386 2272 515 2333 quod
550 2273 691 2320 ambo
731 2273 965 2336 capellam
1004 2274 1206 2332 exirent,
1251 2273 1377 2336 quod
1416 2274 1560 2321 etiam
1598 2275 1701 2322 sine
1734 2289 1871 2322 mora
1909 2273 2146 2323 fecerunt.

386 2353 551 2402 Finitis
590 2355 820 2417 vesperiS,
870 2356 1106 2403 Sanctitas
1144 2372 1229 2403 sua
1265 2356 1433 2404 habuit
1474 2357 1674 2405 verbum
1714 2358 1763 2404 in
1801 2358 1929 2406 dicta
1969 2357 2154 2422 capella

387 2452 497 2483 cum
518 2436 838 2483 cardinalibus
859 2437 1160 2485 in‘circulum
1186 2438 1245 2484 ad
1272 2454 1323 2485 se
1345 2439 1523 2486 vocatis
1549 2455 1694 2502 super
1712 2441 2023 2502 precedentia
2042 2456 2154 2504 pre-

386 2516 625 2564 dictorum
659 2533 668 2564 :
702 2521 803 2565 tum
845 2517 1086 2565 mandavit
1127 2518 1245 2565 mihi
1281 2520 1408 2580 quod
1440 2520 1707 2568 oratoribus
1745 2523 1871 2585 regis
1911 2522 2070 2571 Scotie
2105 2527 2153 2571 et

387 2598 583 2646 Bavarie
614 2598 887 2646 intimarem
924 2599 1053 2661 quod
1082 2599 1157 2647 die
1186 2601 1392 2649 crastina
1423 2616 1520 2649 non
1554 2603 1770 2652 venirent
1803 2605 1864 2654 ad
1897 2606 2148 2669 capellam,

387 2686 432 2729 et
453 2681 580 2743 quod
601 2681 676 2729 die
697 2682 884 2730 veneris
911 2682 1128 2744 proxima
1156 2684 1392 2731 Sanctitas
1421 2700 1507 2732 sua
1526 2685 1709 2734 factura
1735 2693 1862 2737 esset
1887 2680 2084 2739 verbum
2103 2690 2152 2738 in

387 2764 669 2812 consistorio
704 2780 847 2829 super
881 2753 1160 2828 hujusmodi
1200 2767 1528 2829 precedentia,
1574 2769 1701 2832 quod
1740 2775 1787 2819 et
1824 2772 1995 2822 eodem
2044 2789 2152 2823 sero

387 2847 528 2906 fecit3
562 2853 610 2896 et
640 2848 768 2910 quod
802 2848 850 2895 in
888 2850 1171 2896 Pentecoste
1199 2850 1362 2897 venire
1394 2850 1592 2899 deberet
1629 2857 1792 2901 orator
1822 2854 1947 2917 regis
1970 2855 2146 2912 Scotie,

386 2930 529 2979 etiam
551 2931 640 2978 sibi
661 2931 720 2979 de
739 2931 933 2994 speciali
956 2932 1296 2980 commissione
1319 2935 1444 2996 Pape
1460 2934 1688 2983 intimavi.

450 3013 587 3061 Feria
608 3014 786 3076 quinta,
813 3017 873 3061 20
894 3015 1024 3073 maii,
1048 3015 1223 3063 festum
1245 3018 1540 3065 ascensionis
1559 3021 1616 3066 D.
1638 3022 1693 3067 N.
1711 3022 1748 3067 J.
1769 3019 1960 3078 Christi,
1979 3022 2143 3069 RmuS.

386 3099 443 3143 D.
471 3096 725 3144 cardinalis
753 3100 1118 3147 Beneventanus
1156 3100 1411 3148 celebravit
1440 3101 1636 3148 missam
1670 3102 1937 3152 solemnem
1958 3104 2006 3151 in
2026 3105 2150 3152 basi-

385 3179 479 3226 lica
510 3196 550 3227 s.
576 3180 722 3236 Petri,
748 3182 876 3241 Papa
908 3185 1148 3242 presente.
1179 3183 1284 3229 Non
1312 3181 1400 3228 fuit
1427 3197 1589 3228 sermo
1615 3200 1623 3228 :
1651 3183 1808 3231 vultus
1841 3184 2030 3232 Domini
2060 3184 2150 3234 fuit

392 3267 614 3310 ostensus
653 3266 762 3326 post
800 3262 1114 3311 elevationem
1155 3264 1440 3312 sacramenti
1480 3279 1538 3312 ex
1575 3267 1770 3329 speciali
1809 3267 2147 3315 commissione

392 3347 519 3408 Pape
552 3350 598 3394 et
634 3351 742 3408 post
781 3345 1005 3403 missam3
1038 3346 1211 3395 deinde
1250 3350 1378 3409 Papa
1415 3348 1632 3396 ascendit
1667 3350 1725 3396 ad
1761 3350 1919 3398 locum
1957 3348 2146 3413 publice

386 3425 737 3476 benedictionis
762 3428 860 3488 ubi,
885 3429 996 3477 data
1021 3429 1356 3480 benedictione
1384 3432 1604 3492 solemni,
1639 3449 1677 3481 s.
1705 3432 1896 3498 Georgii
1922 3432 1970 3479 in
2000 3430 2145 3480 latino
