2262 3958
334 308 403 343 348
935 304 1167 340 JOHANNIS
1203 303 1495 352 BURCHARDI,
1878 310 1983 351 [Avril
2004 310 2095 352 1489]

343 412 442 454 tum
476 407 738 455 reverentia
759 422 786 453 a
807 405 1138 454 cardinalibus.
1166 405 1359 454 Missam
1378 406 1617 470 publicam
1639 411 1895 460 celebravit
1928 416 2092 462 Rmus.

339 492 395 537 D.
419 488 827 537 vicecancellarius
855 487 1126 546 cardinalis,
1163 493 1302 551 prout
1332 488 1379 535 in
1405 490 1661 540 ordinario.
1697 494 1841 542 Facta
1859 511 1947 558 per
1984 511 2092 544 eum

334 571 694 630 communione,
728 570 897 634 prelati
928 577 1219 634 acceperunt
1244 579 1526 635 paramenta
1557 591 1643 622 sua
1668 580 1800 625 extra
1839 579 2088 642 capellam.

335 655 488 703 Finita
509 654 653 702 missa
676 659 722 702 et
739 654 1073 702 benedictione
1095 670 1181 718 per
1191 655 1469 718 pontificem
1491 658 1601 706 data
1621 674 1676 706 ac
1698 659 1924 723 depositis
1942 662 2094 710 omni-

330 737 416 785 bus
436 738 729 800 paramentis
745 753 831 801 per
852 738 1311 815 vicecancellarium,
1347 740 1612 790 cardinales
1640 747 1925 805 acceperunt
1951 759 2092 808 para-

328 824 493 868 menta
515 821 681 869 ordine
716 835 802 868 suo
830 821 1183 880 convenientia;
1218 822 1434 872 similiter
1461 830 1507 873 et
1532 825 1947 874 vicecancellarius
1968 827 2094 891 apud

329 903 643 951 faldistorium
664 919 750 951 sua
767 908 1047 967 paramenta
1065 904 1265 968 accepit.
1285 906 1479 954 Interim
1502 907 1615 955 socii
1638 908 1733 956 mei
1748 908 2091 958 distribuerunt

340 987 563 1036 candelas
592 990 717 1051 Pape
754 988 1076 1036 cardinalibus
1096 992 1143 1035 et
1161 987 1374 1051 prelatis,
1413 994 1463 1036 ut
1489 989 1635 1037 moris
1663 994 1752 1049 est,
1793 993 1840 1037 et
1867 994 2089 1039 cantores
2125 1006 2127 1008 ·

327 1069 546 1118 dixerunt
568 1086 789 1134 vesperas
816 1075 977 1134 preter
1005 1070 1432 1130 consuetudinem„
1450 1076 1498 1119 et
1518 1072 1658 1120 male.
1695 1075 1954 1136 Propterea
1972 1074 2088 1138 ipsis

323 1152 507 1201 inhibui
529 1168 588 1201 ne
609 1154 834 1217 deinceps
851 1154 942 1202 hac
958 1153 1033 1202 die
1048 1154 1140 1203 hac
1155 1154 1276 1203 hora
1288 1169 1511 1218 vesperas
1527 1155 1699 1204 dicant.
1716 1157 1832 1203 Cum
1848 1156 2088 1206 diceretur

321 1237 611 1301 Maym'fieat
629 1239 757 1300 Papa
783 1237 987 1285 surrexit
1003 1237 1104 1286 sine
1119 1237 1261 1285 mitra
1286 1253 1395 1285 cum
1417 1237 1655 1286 diceretur
1673 1238 1885 1286 Christus
1904 1240 2081 1305 faetus,

319 1329 403 1369 ete.
431 1325 558 1384 Papa
577 1320 703 1369 venit
730 1321 789 1368 ad
815 1320 1149 1380 faldistorium,
1181 1326 1228 1369 et
1256 1321 1382 1369 dicto
1410 1322 1558 1369 Pater
1582 1329 1737 1370 noster
1767 1326 1812 1370 et
1833 1322 2077 1383 Miserere,

322 1409 449 1469 Papa
463 1404 577 1452 dixit
598 1404 775 1452 ibidem
791 1403 1059 1452 orationem
1079 1404 1276 1468 Respice
1296 1421 1548 1468 quesumus
1571 1413 1676 1464 ete„
1701 1409 1841 1469 prout
1863 1405 1912 1452 in
1933 1410 2086 1455 matu·

318 1491 443 1538 tinis.
470 1489 625 1537 Finita
639 1489 873 1549 oratione,
898 1491 1024 1552 Papa
1045 1492 1174 1535 stans
1196 1487 1375 1536 ibidem
1398 1488 1499 1536 sine
1518 1488 1659 1536 mitra
1681 1488 1906 1552 imposuit
1921 1489 2084 1538 incen-

320 1573 490 1620 sumin
511 1573 604 1620 duo
625 1572 882 1631 thuribula,
909 1575 1008 1620 tum
1035 1571 1251 1619 ascendit
1278 1571 1337 1618 ad
1366 1587 1646 1634 supremum
1665 1571 1866 1635 gradum
1899 1573 2081 1633 altaris,

320 1655 398 1702 ubi
422 1655 702 1718 genuflexus
730 1654 989 1702 incensavit
1013 1670 1123 1702 cum
1149 1669 1244 1700 uno
1268 1669 1326 1701 ex
1357 1654 1612 1702 thuribulis
1635 1660 1991 1704 sacramentum
2013 1660 2087 1704 ter

319 1737 438 1785 illud
458 1737 655 1797 ducenS,
690 1737 861 1785 deinde
889 1737 976 1785 sibi
1002 1737 1257 1800 genuflexo
1288 1751 1374 1799 per
1403 1737 1522 1783 duos
1550 1735 1776 1784 diaconos
1805 1737 2084 1786 assistentes

319 1820 597 1884 impositum
620 1825 691 1868 est
708 1820 865 1868 velum
888 1820 1093 1868 sericum
1115 1819 1242 1866 circa
1269 1819 1444 1866 collum
1467 1823 1514 1865 et
1533 1834 1620 1880 per
1639 1816 2083 1867 vicecancellarium

318 1907 595 1967 porrectum
618 1906 970 1950 sacramentum
986 1902 1112 1964 quod
1126 1906 1398 1965 propterea,
1415 1901 1604 1948 detecto
1627 1901 1799 1964 capite,
1822 1902 2084 1965 preceden—

320 1985 443 2033 tibus
465 1985 686 2033 omnibus
714 1985 908 2048 prelatis
930 1985 1107 2048 paratis
1127 1988 1172 2032 et
1192 1983 1514 2031 cardinalibus
1543 1983 1646 2030 sine
1675 1983 1828 2031 mitris
1849 1988 1896 2032 et
1916 1985 2081 2033 biretis

314 2068 399 2116 sed
427 2068 659 2132 capitibus
697 2068 898 2116 detectis
931 2073 976 2114 et
1004 2067 1258 2115 duodecim
1297 2067 1549 2115 intorticiis
1579 2082 1667 2130 per
1696 2083 1780 2115 sex
1808 2067 2081 2130 capellanos

316 2152 600 2201 celebrantis
622 2151 820 2215 portatis
837 2151 924 2197 sub
939 2150 1223 2198 baldachino
1246 2150 1375 2212 quod
1389 2150 1558 2213 prelati
1575 2150 1853 2197 assistentes
1868 2150 2080 2214 quinque

314 2241 473 2284 ettres
495 2235 706 2299 episcopi
738 2239 950 2282 oratores
981 2237 1230 2296 portarunt
1257 2232 1484 2295 quoniam
1512 2232 1837 2280 assistentium
1869 2233 2078 2296 quinque

314 2324 497 2366 tantum
519 2321 671 2376 erant,
693 2317 898 2379 demptis
914 2316 1253 2379 protonotariis
1270 2316 1441 2378 quibus
1457 2315 1573 2362 illud
1586 2320 1776 2378 portare
1798 2330 1897 2363 non
1912 2316 2044 2364 licuit
2064 2332 2074 2374 ;

314 2405 360 2448 et
392 2403 446 2447 D.
487 2399 767 2447 Franciscus
805 2399 919 2446 Cibo
958 2400 1040 2446 SS.
1080 2401 1136 2445 D.
1184 2401 1240 2446 N.
1283 2398 1409 2445 filius
1453 2398 1656 2445 caudam
1693 2398 1909 2460 pluvialis
1950 2401 2076 2462 Pape

312 2482 731 2546 processionaliter
759 2481 962 2543 portavit
989 2482 1048 2528 ad
1069 2496 1262 2544 parvam
1284 2479 1515 2543 capellam
1537 2495 1688 2542 usque
1718 2480 1778 2526 ad
1805 2479 1952 2528 altare
1974 2481 2072 2540 ubi,

313 2580 475 2613 coram
491 2564 625 2611 altari
637 2564 685 2610 in
702 2579 925 2626 supremo
939 2563 1088 2626 gradu
1104 2563 1402 2629 genuflexus,
1420 2562 1548 2610 dedit
1560 2561 1675 2608 illud
1684 2561 2074 2611 vicecancellario

313 2647 393 2710 qui
414 2647 528 2694 illud
549 2646 706 2710 posuit
726 2646 773 2692 in
795 2661 988 2709 capsam
1017 2650 1228 2709 paratam
1259 2648 1306 2692 et
1337 2648 1594 2707 propterea
1614 2643 1771 2692 adhuc
1792 2645 2075 2708 genuflexus

312 2730 492 2793 absque
516 2744 573 2777 eo
595 2729 721 2791 quod
741 2729 988 2776 incensum
1016 2728 1074 2776 de
1096 2743 1217 2775 novo
1238 2728 1523 2790 imponeret,
1548 2727 1827 2787 incensavit,
1851 2733 1902 2775 ut
1922 2728 2070 2791 prius.

314 2800 416 2869 Quo
448 2813 714 2871 incensato,
743 2811 941 2858 sacrista
974 2811 1143 2858 clausit
1164 2826 1356 2873 capsam
1391 2814 1437 2858 et
1470 2810 1600 2858 dedit
1626 2810 1807 2858 clavem
1837 2814 1974 2859 Rmo.
2012 2814 2068 2859 D.

313 2896 540 2944 cardinali
563 2912 601 2943 S.
628 2895 753 2943 Petri
775 2895 835 2942 ad
851 2894 1052 2944 Vincula
1072 2894 1119 2940 in
1140 2893 1399 2941 crastinum
1419 2893 1736 2952 celebraturo,
1762 2898 1807 2942 et
1829 2896 1957 2957 Papa
1977 2910 2075 2941 sur-

313 2980 432 3027 rexit
479 2983 526 3028 et
565 2977 929 3042 precedentibus
972 2976 1242 3040 prelatiset
1275 2975 1610 3035 cardinalibus,
1639 2992 1808 3024 omnes
1838 2976 2072 3040 capitibus

311 3063 511 3111 detectis
525 3068 570 3111 et
585 3063 686 3126 ipse
703 3061 857 3125 capite
870 3061 1079 3118 detecto,
1099 3060 1238 3108 exivit
1255 3059 1487 3122 capellam
1502 3059 1766 3122 predictam
1785 3064 1918 3107 extra
1929 3076 2071 3123 quam

313 3150 505 3207 paratus
527 3146 629 3208 ipse
650 3150 696 3192 et
718 3159 886 3192 omnes
908 3147 1199 3206 acceperunt
1230 3142 1411 3202 mitraS,
1437 3146 1483 3190 et
1504 3142 1629 3190 venit
1656 3143 2074 3206 processionaliter

311 3229 370 3274 ad
387 3229 547 3275 locum
568 3227 917 3276 benedictionis
936 3227 1015 3274 ubi
1033 3231 1143 3273 ante
1160 3225 1323 3279 sedem
1342 3224 1430 3271 sibi
1447 3227 1663 3287 paratam
1679 3224 1856 3272 dimisit
1869 3225 2069 3288 pluviale

312 3313 358 3356 et
383 3310 552 3356 stolam
571 3310 703 3358 albas
725 3314 772 3357 et
790 3310 974 3373 accepit
990 3309 1161 3356 rubeas
1183 3307 1434 3371 pretiosaS‚
1459 3312 1507 3354 et
1528 3306 1654 3354 facta
1672 3310 1742 3355 est
1762 3307 1848 3354 sibi
1873 3323 1900 3354 a
1916 3307 2069 3354 cardi—

313 3391 499 3438 nalibus
523 3393 789 3440 reverentia
805 3397 1053 3440 consueta.
1077 3394 1179 3448 Qua
1199 3390 1342 3450 facta,
1363 3392 1500 3437 Rmo.
1533 3391 1587 3436 D.
1610 3388 1836 3436 cardinali
1858 3405 1896 3436 s.
1920 3389 2066 3436 Marci
