<?xml version="1.0" encoding="UTF-8"?>
<!DOCTYPE html PUBLIC "-//W3C//DTD XHTML 1.0 Transitional//EN"
    "http://www.w3.org/TR/xhtml1/DTD/xhtml1-transitional.dtd">
<html xmlns="http://www.w3.org/1999/xhtml" xml:lang="en" lang="en">
 <head>
  <title>
</title>
<meta http-equiv="Content-Type" content="text/html;charset=utf-8" />
  <meta name='ocr-system' content='tesseract 3.04.00' />
  <meta name='ocr-capabilities' content='ocr_page ocr_carea ocr_par ocr_line ocrx_word'/>
</head>
<body>
  <div class='ocr_page' id='page_1' title='image "./diariumsivererum01burcuoft_0422.png"; bbox 0 0 2262 3958; ppageno 0'>
   <div class='ocr_carea' id='block_1_1' title="bbox 418 354 2181 404">
    <p class='ocr_par' dir='ltr' id='par_1_1' title="bbox 418 354 2181 404">
     <span class='ocr_line' id='line_1_1' title="bbox 418 354 2181 404; baseline 0.002 -13"><span class='ocrx_word' id='word_1_1' title='bbox 418 355 489 392; x_wconf 82' lang='lat'>412</span> <span class='ocrx_word' id='word_1_2' title='bbox 1025 354 1255 391; x_wconf 83' lang='lat' dir='ltr'><strong>JOHANNIS</strong></span> <span class='ocrx_word' id='word_1_3' title='bbox 1290 354 1584 398; x_wconf 84' lang='lat' dir='ltr'>BURCHARDI,</span> <span class='ocrx_word' id='word_1_4' title='bbox 1990 354 2070 402; x_wconf 77' lang='lat' dir='ltr'>[Mai</span> <span class='ocrx_word' id='word_1_5' title='bbox 2089 357 2181 404; x_wconf 72' lang='lat'><strong>149⁰]</strong></span> 
     </span>
    </p>
   </div>
   <div class='ocr_carea' id='block_1_2' title="bbox 412 454 2237 3508">
    <p class='ocr_par' dir='ltr' id='par_1_2' title="bbox 412 454 2185 1338">
     <span class='ocr_line' id='line_1_2' title="bbox 417 454 2183 520; baseline -0.001 -14"><span class='ocrx_word' id='word_1_6' title='bbox 417 458 558 517; x_wconf 85' lang='lat' dir='ltr'>cisse,</span> <span class='ocrx_word' id='word_1_7' title='bbox 587 473 730 520; x_wconf 92' lang='lat' dir='ltr'>super</span> <span class='ocrx_word' id='word_1_8' title='bbox 753 472 847 518; x_wconf 89' lang='lat' dir='ltr'>quo</span> <span class='ocrx_word' id='word_1_9' title='bbox 870 455 1106 504; x_wconf 80' lang='lat' dir='ltr'>Sanctitas</span> <span class='ocrx_word' id='word_1_10' title='bbox 1128 472 1215 503; x_wconf 89' lang='lat' dir='ltr'>sua</span> <span class='ocrx_word' id='word_1_11' title='bbox 1235 471 1400 503; x_wconf 90' lang='lat' dir='ltr'>secum</span> <span class='ocrx_word' id='word_1_12' title='bbox 1427 454 1750 518; x_wconf 75' lang='lat' dir='ltr'>dispensabat,</span> <span class='ocrx_word' id='word_1_13' title='bbox 1784 455 1823 502; x_wconf 93' lang='lat' dir='ltr'>si</span> <span class='ocrx_word' id='word_1_14' title='bbox 1851 455 2068 504; x_wconf 84' lang='lat' dir='ltr'>scivisset</span> <span class='ocrx_word' id='word_1_15' title='bbox 2093 459 2183 504; x_wconf 86' lang='lat' dir='ltr'>Pa-</span> 
     </span>
     <span class='ocr_line' id='line_1_3' title="bbox 414 539 2184 606; baseline -0.001 -17"><span class='ocrx_word' id='word_1_16' title='bbox 414 557 525 606; x_wconf 90' lang='lat' dir='ltr'>pam</span> <span class='ocrx_word' id='word_1_17' title='bbox 546 555 710 588; x_wconf 90' lang='lat' dir='ltr'>secum</span> <span class='ocrx_word' id='word_1_18' title='bbox 741 539 1152 602; x_wconf 89' lang='lat' dir='ltr'>dispensaturum;</span> <span class='ocrx_word' id='word_1_19' title='bbox 1180 539 1264 587; x_wconf 90' lang='lat' dir='ltr'>sed</span> <span class='ocrx_word' id='word_1_20' title='bbox 1292 554 1401 586; x_wconf 89' lang='lat' dir='ltr'>cum</span> <span class='ocrx_word' id='word_1_21' title='bbox 1421 539 1523 603; x_wconf 90' lang='lat' dir='ltr'>jam</span> <span class='ocrx_word' id='word_1_22' title='bbox 1551 539 1713 586; x_wconf 90' lang='lat' dir='ltr'>omnia</span> <span class='ocrx_word' id='word_1_23' title='bbox 1731 544 2012 602; x_wconf 87' lang='lat' dir='ltr'>paramenta</span> <span class='ocrx_word' id='word_1_24' title='bbox 2032 539 2184 588; x_wconf 86' lang='lat' dir='ltr'>habc-</span> 
     </span>
     <span class='ocr_line' id='line_1_4' title="bbox 414 620 2182 685; baseline -0.001 -13"><span class='ocrx_word' id='word_1_25' title='bbox 414 628 505 682; x_wconf 87' lang='lat' dir='ltr'>ret,</span> <span class='ocrx_word' id='word_1_26' title='bbox 535 626 582 671; x_wconf 90' lang='lat' dir='ltr'>et</span> <span class='ocrx_word' id='word_1_27' title='bbox 605 622 783 670; x_wconf 80' lang='lat' dir='ltr'>ibidem</span> <span class='ocrx_word' id='word_1_28' title='bbox 804 622 852 669; x_wconf 92' lang='lat' dir='ltr'>in</span> <span class='ocrx_word' id='word_1_29' title='bbox 872 621 1062 685; x_wconf 88' lang='lat' dir='ltr'>publico</span> <span class='ocrx_word' id='word_1_30' title='bbox 1090 625 1233 680; x_wconf 85' lang='lat' dir='ltr'>esset,</span> <span class='ocrx_word' id='word_1_31' title='bbox 1264 621 1352 669; x_wconf 88' lang='lat' dir='ltr'>sibi</span> <span class='ocrx_word' id='word_1_32' title='bbox 1374 621 1524 668; x_wconf 89' lang='lat' dir='ltr'>videri</span> <span class='ocrx_word' id='word_1_33' title='bbox 1558 620 1864 670; x_wconf 86' lang='lat' dir='ltr'>collationem</span> <span class='ocrx_word' id='word_1_34' title='bbox 1893 623 2053 671; x_wconf 85' lang='lat' dir='ltr'>facere</span> <span class='ocrx_word' id='word_1_35' title='bbox 2085 638 2182 671; x_wconf 90' lang='lat' dir='ltr'>non</span> 
     </span>
     <span class='ocr_line' id='line_1_5' title="bbox 415 704 2182 768; baseline 0 -14"><span class='ocrx_word' id='word_1_36' title='bbox 415 706 687 762; x_wconf 89' lang='lat' dir='ltr'>convenire,</span> <span class='ocrx_word' id='word_1_37' title='bbox 712 720 987 753; x_wconf 90' lang='lat' dir='ltr'>sermonem</span> <span class='ocrx_word' id='word_1_38' title='bbox 1014 709 1174 752; x_wconf 89' lang='lat' dir='ltr'>autem</span> <span class='ocrx_word' id='word_1_39' title='bbox 1200 709 1453 768; x_wconf 86' lang='lat' dir='ltr'>expectare</span> <span class='ocrx_word' id='word_1_40' title='bbox 1477 718 1574 751; x_wconf 92' lang='lat' dir='ltr'>non</span> <span class='ocrx_word' id='word_1_41' title='bbox 1600 719 1760 767; x_wconf 91' lang='lat' dir='ltr'>posse,</span> <span class='ocrx_word' id='word_1_42' title='bbox 1789 704 1904 752; x_wconf 91' lang='lat' dir='ltr'>alias</span> <span class='ocrx_word' id='word_1_43' title='bbox 1938 705 2182 754; x_wconf 87' lang='lat' dir='ltr'>celebrare</span> 
     </span>
     <span class='ocr_line' id='line_1_6' title="bbox 414 788 2183 851; baseline 0 -14"><span class='ocrx_word' id='word_1_44' title='bbox 414 806 510 838; x_wconf 91' lang='lat' dir='ltr'>non</span> <span class='ocrx_word' id='word_1_45' title='bbox 530 788 671 837; x_wconf 89' lang='lat' dir='ltr'>vellet</span> <span class='ocrx_word' id='word_1_46' title='bbox 698 788 783 837; x_wconf 90' lang='lat' dir='ltr'>sed</span> <span class='ocrx_word' id='word_1_47' title='bbox 811 788 970 851; x_wconf 94' lang='lat' dir='ltr'>potius</span> <span class='ocrx_word' id='word_1_48' title='bbox 1003 792 1282 851; x_wconf 87' lang='lat' dir='ltr'>paramenta</span> <span class='ocrx_word' id='word_1_49' title='bbox 1309 788 1573 846; x_wconf 88' lang='lat' dir='ltr'>dimittere;</span> <span class='ocrx_word' id='word_1_50' title='bbox 1599 791 1856 850; x_wconf 88' lang='lat' dir='ltr'>propterea</span> <span class='ocrx_word' id='word_1_51' title='bbox 1889 803 1967 836; x_wconf 89' lang='lat' dir='ltr'>me</span> <span class='ocrx_word' id='word_1_52' title='bbox 2007 789 2183 841; x_wconf 88' lang='lat' dir='ltr'>iterum</span> 
     </span>
     <span class='ocr_line' id='line_1_7' title="bbox 412 870 2183 936; baseline -0.001 -15"><span class='ocrx_word' id='word_1_53' title='bbox 412 888 500 936; x_wconf 93' lang='lat' dir='ltr'>pro</span> <span class='ocrx_word' id='word_1_54' title='bbox 536 872 876 921; x_wconf 81' lang='lat' dir='ltr'>commissione</span> <span class='ocrx_word' id='word_1_55' title='bbox 907 871 1123 934; x_wconf 89' lang='lat' dir='ltr'>predicta</span> <span class='ocrx_word' id='word_1_56' title='bbox 1145 872 1205 920; x_wconf 88' lang='lat' dir='ltr'>ad</span> <span class='ocrx_word' id='word_1_57' title='bbox 1233 872 1512 935; x_wconf 88' lang='lat' dir='ltr'>pontificem</span> <span class='ocrx_word' id='word_1_58' title='bbox 1546 870 1731 918; x_wconf 90' lang='lat' dir='ltr'>remisit</span> <span class='ocrx_word' id='word_1_59' title='bbox 1757 871 1838 933; x_wconf 91' lang='lat' dir='ltr'>qui</span> <span class='ocrx_word' id='word_1_60' title='bbox 1866 870 2079 930; x_wconf 89' lang='lat' dir='ltr'>tandem,</span> <span class='ocrx_word' id='word_1_61' title='bbox 2107 871 2183 919; x_wconf 89' lang='lat' dir='ltr'>his</span> 
     </span>
     <span class='ocr_line' id='line_1_8' title="bbox 415 953 2184 1019; baseline 0 -14"><span class='ocrx_word' id='word_1_62' title='bbox 415 956 686 1014; x_wconf 78' lang='lat' dir='ltr'>intellectis,</span> <span class='ocrx_word' id='word_1_63' title='bbox 723 971 783 1004; x_wconf 89' lang='lat' dir='ltr'>an</span> <span class='ocrx_word' id='word_1_64' title='bbox 813 971 972 1004; x_wconf 91' lang='lat' dir='ltr'>sermo</span> <span class='ocrx_word' id='word_1_65' title='bbox 1011 955 1178 1004; x_wconf 92' lang='lat' dir='ltr'>haberi</span> <span class='ocrx_word' id='word_1_66' title='bbox 1215 955 1386 1004; x_wconf 87' lang='lat' dir='ltr'>debeat</span> <span class='ocrx_word' id='word_1_67' title='bbox 1423 955 1498 1004; x_wconf 92' lang='lat' dir='ltr'>vel</span> <span class='ocrx_word' id='word_1_68' title='bbox 1530 969 1625 1002; x_wconf 93' lang='lat' dir='ltr'>non</span> <span class='ocrx_word' id='word_1_69' title='bbox 1663 953 1976 1014; x_wconf 77' lang='lat' dir='ltr'>cardinalium</span> <span class='ocrx_word' id='word_1_70' title='bbox 2001 955 2184 1019; x_wconf 89' lang='lat' dir='ltr'>judicio</span> 
     </span>
     <span class='ocr_line' id='line_1_9' title="bbox 415 1039 2183 1103; baseline 0 -15"><span class='ocrx_word' id='word_1_71' title='bbox 415 1041 672 1099; x_wconf 90' lang='lat' dir='ltr'>commisit,</span> <span class='ocrx_word' id='word_1_72' title='bbox 699 1041 780 1103; x_wconf 91' lang='lat' dir='ltr'>qui</span> <span class='ocrx_word' id='word_1_73' title='bbox 810 1041 1156 1089; x_wconf 89' lang='lat' dir='ltr'>commiserunt</span> <span class='ocrx_word' id='word_1_74' title='bbox 1185 1054 1460 1087; x_wconf 90' lang='lat' dir='ltr'>sermonem</span> <span class='ocrx_word' id='word_1_75' title='bbox 1494 1039 1649 1087; x_wconf 89' lang='lat' dir='ltr'>omitti</span> <span class='ocrx_word' id='word_1_76' title='bbox 1677 1039 1853 1087; x_wconf 90' lang='lat' dir='ltr'>debere</span> <span class='ocrx_word' id='word_1_77' title='bbox 1880 1057 1890 1087; x_wconf 76' lang='grc' dir='ltr'>ε</span> <span class='ocrx_word' id='word_1_78' title='bbox 1918 1039 1986 1087; x_wconf 89' lang='lat' dir='ltr'>sic</span> <span class='ocrx_word' id='word_1_79' title='bbox 2003 1039 2183 1088; x_wconf 85' lang='lat' dir='ltr'>factum</span> 
     </span>
     <span class='ocr_line' id='line_1_10' title="bbox 416 1122 2184 1187; baseline -0.001 -15"><span class='ocrx_word' id='word_1_80' title='bbox 416 1128 504 1173; x_wconf 88' lang='lat' dir='ltr'>est.</span> <span class='ocrx_word' id='word_1_81' title='bbox 528 1127 581 1171; x_wconf 90' lang='lat' dir='ltr'>In</span> <span class='ocrx_word' id='word_1_82' title='bbox 601 1124 749 1171; x_wconf 90' lang='lat' dir='ltr'>missa</span> <span class='ocrx_word' id='word_1_83' title='bbox 766 1124 928 1172; x_wconf 91' lang='lat' dir='ltr'>omnia</span> <span class='ocrx_word' id='word_1_84' title='bbox 948 1127 1054 1172; x_wconf 85' lang='lat' dir='ltr'>acta</span> <span class='ocrx_word' id='word_1_85' title='bbox 1071 1126 1180 1171; x_wconf 92' lang='lat' dir='ltr'>sunt</span> <span class='ocrx_word' id='word_1_86' title='bbox 1199 1138 1334 1170; x_wconf 92' lang='lat' dir='ltr'>more</span> <span class='ocrx_word' id='word_1_87' title='bbox 1357 1123 1520 1180; x_wconf 86' lang='lat' dir='ltr'>solito;</span> <span class='ocrx_word' id='word_1_88' title='bbox 1544 1123 1592 1169; x_wconf 91' lang='lat' dir='ltr'>in</span> <span class='ocrx_word' id='word_1_89' title='bbox 1613 1122 1727 1181; x_wconf 84' lang='lat' dir='ltr'>fine,</span> <span class='ocrx_word' id='word_1_90' title='bbox 1757 1122 2006 1171; x_wconf 89' lang='lat' dir='ltr'>celebrans</span> <span class='ocrx_word' id='word_1_91' title='bbox 2026 1123 2184 1187; x_wconf 91' lang='lat' dir='ltr'>publi-</span> 
     </span>
     <span class='ocr_line' id='line_1_11' title="bbox 416 1205 2185 1270; baseline 0 -16"><span class='ocrx_word' id='word_1_92' title='bbox 416 1207 537 1255; x_wconf 90' lang='lat' dir='ltr'>cavit</span> <span class='ocrx_word' id='word_1_93' title='bbox 559 1207 880 1270; x_wconf 85' lang='lat' dir='ltr'>indulgentias</span> <span class='ocrx_word' id='word_1_94' title='bbox 902 1212 1087 1270; x_wconf 86' lang='lat' dir='ltr'>septem</span> <span class='ocrx_word' id='word_1_95' title='bbox 1111 1221 1346 1255; x_wconf 88' lang='lat' dir='ltr'>annorum</span> <span class='ocrx_word' id='word_1_96' title='bbox 1374 1209 1422 1253; x_wconf 89' lang='lat' dir='ltr'>et</span> <span class='ocrx_word' id='word_1_97' title='bbox 1440 1205 1641 1254; x_wconf 87' lang='lat' dir='ltr'>totidem</span> <span class='ocrx_word' id='word_1_98' title='bbox 1663 1206 2080 1269; x_wconf 85' lang='lat' dir='ltr'>quadragenarum</span> <span class='ocrx_word' id='word_1_99' title='bbox 2098 1222 2185 1270; x_wconf 86' lang='lat' dir='ltr'>per</span> 
     </span>
     <span class='ocr_line' id='line_1_12' title="bbox 417 1292 1118 1338; baseline 0 0"><span class='ocrx_word' id='word_1_100' title='bbox 417 1292 498 1338; x_wconf 90' lang='lat' dir='ltr'>SS.</span> <span class='ocrx_word' id='word_1_101' title='bbox 524 1293 581 1338; x_wconf 87' lang='lat' dir='ltr'>D.</span> <span class='ocrx_word' id='word_1_102' title='bbox 606 1294 823 1337; x_wconf 90' lang='lat' dir='ltr'>nostrum</span> <span class='ocrx_word' id='word_1_103' title='bbox 845 1306 1118 1338; x_wconf 91' lang='lat' dir='ltr'>concessas.</span> 
     </span>
    </p>

    <p class='ocr_par' dir='ltr' id='par_1_3' title="bbox 417 1371 2237 3508">
     <span class='ocr_line' id='line_1_13' title="bbox 483 1371 2184 1437; baseline 0.001 -16"><span class='ocrx_word' id='word_1_104' title='bbox 483 1373 650 1421; x_wconf 87' lang='lat' dir='ltr'>Notavi</span> <span class='ocrx_word' id='word_1_105' title='bbox 678 1374 895 1437; x_wconf 90' lang='lat' dir='ltr'>superius</span> <span class='ocrx_word' id='word_1_106' title='bbox 923 1375 1004 1421; x_wconf 85' lang='lat' dir='ltr'>SS.</span> <span class='ocrx_word' id='word_1_107' title='bbox 1040 1377 1096 1421; x_wconf 90' lang='lat' dir='ltr'>D.</span> <span class='ocrx_word' id='word_1_108' title='bbox 1123 1375 1180 1420; x_wconf 92' lang='lat' dir='ltr'>N.</span> <span class='ocrx_word' id='word_1_109' title='bbox 1205 1387 1377 1436; x_wconf 91' lang='lat' dir='ltr'>papam</span> <span class='ocrx_word' id='word_1_110' title='bbox 1398 1371 1692 1436; x_wconf 89' lang='lat' dir='ltr'>principibus</span> <span class='ocrx_word' id='word_1_111' title='bbox 1720 1372 1971 1436; x_wconf 89' lang='lat' dir='ltr'>scripsisse</span> <span class='ocrx_word' id='word_1_112' title='bbox 2001 1377 2054 1422; x_wconf 91' lang='lat' dir='ltr'>ut</span> <span class='ocrx_word' id='word_1_113' title='bbox 2074 1388 2184 1423; x_wconf 85' lang='lat' dir='ltr'>ora-</span> 
     </span>
     <span class='ocr_line' id='line_1_14' title="bbox 417 1455 2180 1525; baseline 0.001 -21"><span class='ocrx_word' id='word_1_114' title='bbox 417 1461 545 1505; x_wconf 83' lang='lat' dir='ltr'>tores</span> <span class='ocrx_word' id='word_1_115' title='bbox 567 1471 680 1504; x_wconf 92' lang='lat' dir='ltr'>suos</span> <span class='ocrx_word' id='word_1_116' title='bbox 701 1456 762 1503; x_wconf 90' lang='lat' dir='ltr'>ad</span> <span class='ocrx_word' id='word_1_117' title='bbox 783 1457 1094 1504; x_wconf 89' lang='lat' dir='ltr'>Sanctitatem</span> <span class='ocrx_word' id='word_1_118' title='bbox 1117 1472 1250 1503; x_wconf 90' lang='lat' dir='ltr'>suam</span> <span class='ocrx_word' id='word_1_119' title='bbox 1278 1455 1522 1525; x_wconf 83' lang='lat' dir='ltr'>mitterent</span> <span class='ocrx_word' id='word_1_120' title='bbox 1542 1470 1600 1502; x_wconf 90' lang='lat' dir='ltr'>ex</span> <span class='ocrx_word' id='word_1_121' title='bbox 1624 1470 1769 1502; x_wconf 89' lang='lat' dir='ltr'>causa</span> <span class='ocrx_word' id='word_1_122' title='bbox 1794 1459 1908 1503; x_wconf 89' lang='lat' dir='ltr'>tunc</span> <span class='ocrx_word' id='word_1_123' title='bbox 1937 1471 2180 1520; x_wconf 89' lang='lat' dir='ltr'>expressa,</span> 
     </span>
     <span class='ocr_line' id='line_1_15' title="bbox 417 1538 2184 1603; baseline 0.001 -17"><span class='ocrx_word' id='word_1_124' title='bbox 417 1539 474 1587; x_wconf 89' lang='lat' dir='ltr'>de</span> <span class='ocrx_word' id='word_1_125' title='bbox 497 1538 668 1601; x_wconf 88' lang='lat' dir='ltr'>quibus</span> <span class='ocrx_word' id='word_1_126' title='bbox 691 1543 835 1602; x_wconf 79' lang='lat' dir='ltr'>snpra</span> <span class='ocrx_word' id='word_1_127' title='bbox 854 1538 902 1585; x_wconf 94' lang='lat' dir='ltr'>in</span> <span class='ocrx_word' id='word_1_128' title='bbox 920 1538 1043 1586; x_wconf 88' lang='lat' dir='ltr'>festo</span> <span class='ocrx_word' id='word_1_129' title='bbox 1064 1539 1463 1586; x_wconf 87' lang='lat' dir='ltr'>Annunciationis</span> <span class='ocrx_word' id='word_1_130' title='bbox 1488 1539 1627 1586; x_wconf 89' lang='lat' dir='ltr'>beate</span> <span class='ocrx_word' id='word_1_131' title='bbox 1649 1539 1798 1588; x_wconf 88' lang='lat' dir='ltr'>Marie</span> <span class='ocrx_word' id='word_1_132' title='bbox 1817 1539 2014 1603; x_wconf 84' lang='lat' dir='ltr'>virginis</span> <span class='ocrx_word' id='word_1_133' title='bbox 2033 1539 2184 1589; x_wconf 90' lang='lat' dir='ltr'>habe-</span> 
     </span>
     <span class='ocr_line' id='line_1_16' title="bbox 418 1621 2185 1687; baseline 0.001 -17"><span class='ocrx_word' id='word_1_134' title='bbox 418 1627 510 1670; x_wconf 91' lang='lat' dir='ltr'>tur.</span> <span class='ocrx_word' id='word_1_135' title='bbox 542 1625 879 1670; x_wconf 87' lang='lat' dir='ltr'>Convenerunt</span> <span class='ocrx_word' id='word_1_136' title='bbox 909 1622 1054 1685; x_wconf 83' lang='lat' dir='ltr'>igitur</span> <span class='ocrx_word' id='word_1_137' title='bbox 1078 1621 1126 1668; x_wconf 89' lang='lat' dir='ltr'>in</span> <span class='ocrx_word' id='word_1_138' title='bbox 1151 1622 1276 1670; x_wconf 88' lang='lat' dir='ltr'>Urbe</span> <span class='ocrx_word' id='word_1_139' title='bbox 1301 1621 1618 1685; x_wconf 90' lang='lat' dir='ltr'>plurimorum</span> <span class='ocrx_word' id='word_1_140' title='bbox 1646 1638 1813 1686; x_wconf 83' lang='lat' dir='ltr'>regum</span> <span class='ocrx_word' id='word_1_141' title='bbox 1838 1627 1885 1671; x_wconf 87' lang='lat' dir='ltr'>et</span> <span class='ocrx_word' id='word_1_142' title='bbox 1915 1623 2185 1687; x_wconf 89' lang='lat' dir='ltr'>principum</span> 
     </span>
     <span class='ocr_line' id='line_1_17' title="bbox 417 1704 2187 1770; baseline 0.001 -17"><span class='ocrx_word' id='word_1_143' title='bbox 417 1710 649 1763; x_wconf 85' lang='lat' dir='ltr'>oratores,</span> <span class='ocrx_word' id='word_1_144' title='bbox 674 1706 799 1753; x_wconf 89' lang='lat' dir='ltr'>inter</span> <span class='ocrx_word' id='word_1_145' title='bbox 819 1721 1023 1768; x_wconf 90' lang='lat' dir='ltr'>quorum</span> <span class='ocrx_word' id='word_1_146' title='bbox 1044 1704 1220 1752; x_wconf 88' lang='lat' dir='ltr'>multos</span> <span class='ocrx_word' id='word_1_147' title='bbox 1242 1721 1417 1769; x_wconf 83' lang='lat' dir='ltr'>magna</span> <span class='ocrx_word' id='word_1_148' title='bbox 1437 1706 1683 1761; x_wconf 83' lang='lat' dir='ltr'>altercatio</span> <span class='ocrx_word' id='word_1_149' title='bbox 1713 1722 1856 1770; x_wconf 88' lang='lat' dir='ltr'>super</span> <span class='ocrx_word' id='word_1_150' title='bbox 1877 1705 2187 1770; x_wconf 71' lang='lat' dir='ltr'>precedentis</span> 
     </span>
     <span class='ocr_line' id='line_1_18' title="bbox 417 1788 2187 1854; baseline -0.001 -16"><span class='ocrx_word' id='word_1_151' title='bbox 417 1793 521 1838; x_wconf 90' lang='lat' dir='ltr'>orta</span> <span class='ocrx_word' id='word_1_152' title='bbox 541 1795 630 1838; x_wconf 91' lang='lat' dir='ltr'>est.</span> <span class='ocrx_word' id='word_1_153' title='bbox 654 1790 833 1839; x_wconf 89' lang='lat' dir='ltr'>Volens</span> <span class='ocrx_word' id='word_1_154' title='bbox 855 1793 1109 1853; x_wconf 89' lang='lat' dir='ltr'>propterea</span> <span class='ocrx_word' id='word_1_155' title='bbox 1135 1790 1217 1836; x_wconf 89' lang='lat' dir='ltr'>SS.</span> <span class='ocrx_word' id='word_1_156' title='bbox 1244 1792 1300 1836; x_wconf 87' lang='lat' dir='ltr'>D.</span> <span class='ocrx_word' id='word_1_157' title='bbox 1331 1791 1388 1836; x_wconf 94' lang='lat' dir='ltr'>N.</span> <span class='ocrx_word' id='word_1_158' title='bbox 1419 1789 1665 1852; x_wconf 83' lang='lat' dir='ltr'>negotium</span> <span class='ocrx_word' id='word_1_159' title='bbox 1692 1788 1937 1848; x_wconf 88' lang='lat' dir='ltr'>inchoare,</span> <span class='ocrx_word' id='word_1_160' title='bbox 1965 1788 2042 1838; x_wconf 89' lang='lat' dir='ltr'>die</span> <span class='ocrx_word' id='word_1_161' title='bbox 2061 1789 2187 1854; x_wconf 85' lang='lat' dir='ltr'>jovis</span> 
     </span>
     <span class='ocr_line' id='line_1_19' title="bbox 421 1871 2186 1935; baseline -0.001 -16"><span class='ocrx_word' id='word_1_162' title='bbox 421 1875 446 1919; x_wconf 87' lang='grc'><strong>3</strong></span> <span class='ocrx_word' id='word_1_163' title='bbox 472 1871 613 1935; x_wconf 90' lang='lat' dir='ltr'>junii,</span> <span class='ocrx_word' id='word_1_164' title='bbox 640 1871 905 1919; x_wconf 87' lang='lat' dir='ltr'>cardinales</span> <span class='ocrx_word' id='word_1_165' title='bbox 927 1887 1095 1919; x_wconf 89' lang='lat' dir='ltr'>omnes</span> <span class='ocrx_word' id='word_1_166' title='bbox 1126 1872 1186 1927; x_wconf 83' lang='lat' dir='ltr'>ad</span> <span class='ocrx_word' id='word_1_167' title='bbox 1206 1872 1436 1935; x_wconf 88' lang='lat' dir='ltr'>palatium</span> <span class='ocrx_word' id='word_1_168' title='bbox 1462 1871 1522 1918; x_wconf 89' lang='lat' dir='ltr'>ad</span> <span class='ocrx_word' id='word_1_169' title='bbox 1550 1887 1599 1918; x_wconf 86' lang='lat' dir='ltr'>se</span> <span class='ocrx_word' id='word_1_170' title='bbox 1626 1872 1787 1919; x_wconf 88' lang='lat' dir='ltr'>vocari</span> <span class='ocrx_word' id='word_1_171' title='bbox 1810 1871 1923 1920; x_wconf 88' lang='lat' dir='ltr'>fecit</span> <span class='ocrx_word' id='word_1_172' title='bbox 1957 1875 2005 1919; x_wconf 87' lang='lat' dir='ltr'>et</span> <span class='ocrx_word' id='word_1_173' title='bbox 2029 1871 2186 1935; x_wconf 91' lang='lat' dir='ltr'>primo</span> 
     </span>
     <span class='ocr_line' id='line_1_20' title="bbox 418 1953 2188 2018; baseline 0.001 -17"><span class='ocrx_word' id='word_1_174' title='bbox 418 1953 816 2002; x_wconf 87' lang='lat' dir='ltr'>consistorialiter</span> <span class='ocrx_word' id='word_1_175' title='bbox 834 1956 1106 2018; x_wconf 71' lang='lat' dir='ltr'>proposuit,</span> <span class='ocrx_word' id='word_1_176' title='bbox 1133 1959 1180 2003; x_wconf 89' lang='lat' dir='ltr'>et</span> <span class='ocrx_word' id='word_1_177' title='bbox 1212 1970 1272 2002; x_wconf 90' lang='lat' dir='ltr'>ne</span> <span class='ocrx_word' id='word_1_178' title='bbox 1297 1955 1344 2001; x_wconf 93' lang='lat' dir='ltr'>in</span> <span class='ocrx_word' id='word_1_179' title='bbox 1373 1954 1656 2002; x_wconf 87' lang='lat' dir='ltr'>consistorio</span> <span class='ocrx_word' id='word_1_180' title='bbox 1690 1955 1814 2002; x_wconf 88' lang='lat' dir='ltr'>inter</span> <span class='ocrx_word' id='word_1_181' title='bbox 1835 1957 2050 2003; x_wconf 85' lang='lat' dir='ltr'>oratores</span> <span class='ocrx_word' id='word_1_182' title='bbox 2071 1969 2188 2002; x_wconf 92' lang='lat' dir='ltr'>con-</span> 
     </span>
     <span class='ocr_line' id='line_1_21' title="bbox 419 2036 2188 2101; baseline 0.002 -18"><span class='ocrx_word' id='word_1_183' title='bbox 419 2036 569 2084; x_wconf 92' lang='lat' dir='ltr'>tentio</span> <span class='ocrx_word' id='word_1_184' title='bbox 591 2037 866 2096; x_wconf 85' lang='lat' dir='ltr'>haberetur,</span> <span class='ocrx_word' id='word_1_185' title='bbox 891 2038 1021 2086; x_wconf 91' lang='lat' dir='ltr'>misit</span> <span class='ocrx_word' id='word_1_186' title='bbox 1039 2039 1272 2087; x_wconf 87' lang='lat' dir='ltr'>Sanctitas</span> <span class='ocrx_word' id='word_1_187' title='bbox 1295 2054 1381 2085; x_wconf 86' lang='lat' dir='ltr'>sua</span> <span class='ocrx_word' id='word_1_188' title='bbox 1407 2054 1466 2086; x_wconf 91' lang='lat' dir='ltr'>ex</span> <span class='ocrx_word' id='word_1_189' title='bbox 1489 2038 1775 2086; x_wconf 86' lang='lat' dir='ltr'>consistorio</span> <span class='ocrx_word' id='word_1_190' title='bbox 1798 2038 1848 2085; x_wconf 89' lang='lat' dir='ltr'>in</span> <span class='ocrx_word' id='word_1_191' title='bbox 1865 2037 1974 2086; x_wconf 93' lang='lat' dir='ltr'>aula</span> <span class='ocrx_word' id='word_1_192' title='bbox 1991 2038 2188 2101; x_wconf 80' lang='lat' dir='ltr'>pontifi-</span> 
     </span>
     <span class='ocr_line' id='line_1_22' title="bbox 419 2111 2187 2187; baseline 0.003 -21"><span class='ocrx_word' id='word_1_193' title='bbox 419 2134 527 2166; x_wconf 91' lang='lat' dir='ltr'>cum</span> <span class='ocrx_word' id='word_1_194' title='bbox 568 2119 732 2167; x_wconf 87' lang='lat' dir='ltr'>habito</span> <span class='ocrx_word' id='word_1_195' title='bbox 766 2119 826 2167; x_wconf 89' lang='lat' dir='ltr'>ad</span> <span class='ocrx_word' id='word_1_196' title='bbox 864 2136 1105 2169; x_wconf 88' lang='lat' dir='ltr'>cameram</span> <span class='ocrx_word' id='word_1_197' title='bbox 1137 2121 1391 2185; x_wconf 86' lang='lat' dir='ltr'>papagalli,</span> <span class='ocrx_word' id='word_1_198' title='bbox 1437 2121 1485 2168; x_wconf 92' lang='lat' dir='ltr'>in</span> <span class='ocrx_word' id='word_1_199' title='bbox 1520 2137 1615 2183; x_wconf 90' lang='lat' dir='ltr'>qua</span> <span class='ocrx_word' id='word_1_200' title='bbox 1653 2126 1868 2170; x_wconf 90' lang='lat' dir='ltr'>oratores</span> <span class='ocrx_word' id='word_1_201' title='bbox 1909 2111 2187 2187; x_wconf 78' lang='lat' dir='ltr'>congregati</span> 
     </span>
     <span class='ocr_line' id='line_1_23' title="bbox 418 2202 2187 2268; baseline 0.002 -19"><span class='ocrx_word' id='word_1_202' title='bbox 418 2205 571 2260; x_wconf 88' lang='lat' dir='ltr'>erant,</span> <span class='ocrx_word' id='word_1_203' title='bbox 614 2202 881 2250; x_wconf 85' lang='lat' dir='ltr'>cardinales</span> <span class='ocrx_word' id='word_1_204' title='bbox 917 2203 1316 2267; x_wconf 85' lang='lat' dir='ltr'>Andegavensem</span> <span class='ocrx_word' id='word_1_205' title='bbox 1355 2207 1401 2251; x_wconf 90' lang='lat' dir='ltr'>et</span> <span class='ocrx_word' id='word_1_206' title='bbox 1441 2202 1815 2252; x_wconf 85' lang='lat' dir='ltr'>Ulixbonensem</span> <span class='ocrx_word' id='word_1_207' title='bbox 1851 2205 1932 2268; x_wconf 89' lang='lat' dir='ltr'>qui</span> <span class='ocrx_word' id='word_1_208' title='bbox 1971 2209 2187 2253; x_wconf 88' lang='lat' dir='ltr'>oratores</span> 
     </span>
     <span class='ocr_line' id='line_1_24' title="bbox 417 2285 2188 2350; baseline 0.002 -19"><span class='ocrx_word' id='word_1_209' title='bbox 417 2285 546 2348; x_wconf 91' lang='lat' dir='ltr'>ipsos</span> <span class='ocrx_word' id='word_1_210' title='bbox 573 2285 768 2333; x_wconf 89' lang='lat' dir='ltr'>nomine</span> <span class='ocrx_word' id='word_1_211' title='bbox 801 2287 1040 2349; x_wconf 90' lang='lat' dir='ltr'>pontificis</span> <span class='ocrx_word' id='word_1_212' title='bbox 1071 2288 1384 2335; x_wconf 87' lang='lat' dir='ltr'>exhortarunt</span> <span class='ocrx_word' id='word_1_213' title='bbox 1418 2291 1465 2335; x_wconf 92' lang='lat' dir='ltr'>et</span> <span class='ocrx_word' id='word_1_214' title='bbox 1501 2292 1731 2350; x_wconf 85' lang='lat' dir='ltr'>rogarunt</span> <span class='ocrx_word' id='word_1_215' title='bbox 1769 2291 2012 2350; x_wconf 85' lang='lat' dir='ltr'>quatenus·</span> <span class='ocrx_word' id='word_1_216' title='bbox 2040 2287 2188 2336; x_wconf 86' lang='lat' dir='ltr'>ultra-</span> 
     </span>
     <span class='ocr_line' id='line_1_25' title="bbox 417 2368 2188 2432; baseline 0.002 -18"><span class='ocrx_word' id='word_1_217' title='bbox 417 2368 633 2415; x_wconf 83' lang='lat' dir='ltr'>montani</span> <span class='ocrx_word' id='word_1_218' title='bbox 675 2368 735 2415; x_wconf 84' lang='lat' dir='ltr'>ad</span> <span class='ocrx_word' id='word_1_219' title='bbox 770 2369 967 2417; x_wconf 90' lang='lat' dir='ltr'>dextera</span> <span class='ocrx_word' id='word_1_220' title='bbox 1005 2373 1052 2417; x_wconf 91' lang='lat' dir='ltr'>et</span> <span class='ocrx_word' id='word_1_221' title='bbox 1097 2370 1456 2429; x_wconf 88' lang='lat' dir='ltr'>citramontani,</span> <span class='ocrx_word' id='word_1_222' title='bbox 1508 2385 1922 2432; x_wconf 87' lang='lat' dir='ltr'>quorumcumque</span> <span class='ocrx_word' id='word_1_223' title='bbox 1971 2373 2188 2419; x_wconf 88' lang='lat' dir='ltr'>oratores</span> 
     </span>
     <span class='ocr_line' id='line_1_26' title="bbox 418 2450 2188 2515; baseline 0.001 -18"><span class='ocrx_word' id='word_1_224' title='bbox 418 2454 597 2509; x_wconf 88' lang='lat' dir='ltr'>essent,</span> <span class='ocrx_word' id='word_1_225' title='bbox 621 2450 682 2498; x_wconf 89' lang='lat' dir='ltr'>ad</span> <span class='ocrx_word' id='word_1_226' title='bbox 700 2450 892 2499; x_wconf 89' lang='lat' dir='ltr'>sinistra</span> <span class='ocrx_word' id='word_1_227' title='bbox 911 2453 1152 2515; x_wconf 88' lang='lat' dir='ltr'>pontificis</span> <span class='ocrx_word' id='word_1_228' title='bbox 1176 2452 1327 2500; x_wconf 89' lang='lat' dir='ltr'>latera</span> <span class='ocrx_word' id='word_1_229' title='bbox 1346 2453 1507 2499; x_wconf 88' lang='lat' dir='ltr'>locum</span> <span class='ocrx_word' id='word_1_230' title='bbox 1529 2452 1800 2515; x_wconf 86' lang='lat' dir='ltr'>reciperent</span> <span class='ocrx_word' id='word_1_231' title='bbox 1822 2455 1870 2500; x_wconf 90' lang='lat' dir='ltr'>et</span> <span class='ocrx_word' id='word_1_232' title='bbox 1897 2452 1966 2510; x_wconf 87' lang='lat' dir='ltr'>illi</span> <span class='ocrx_word' id='word_1_233' title='bbox 1992 2467 2080 2515; x_wconf 87' lang='lat' dir='ltr'>pro</span> <span class='ocrx_word' id='word_1_234' title='bbox 2096 2452 2188 2499; x_wconf 88' lang='lat' dir='ltr'>hac</span> 
     </span>
     <span class='ocr_line' id='line_1_27' title="bbox 417 2532 2188 2595; baseline 0.001 -16"><span class='ocrx_word' id='word_1_235' title='bbox 417 2533 519 2580; x_wconf 89' lang='lat' dir='ltr'>vice</span> <span class='ocrx_word' id='word_1_236' title='bbox 538 2533 749 2580; x_wconf 86' lang='lat' dir='ltr'>contenti</span> <span class='ocrx_word' id='word_1_237' title='bbox 776 2536 959 2590; x_wconf 72' lang='lat' dir='ltr'>essent,</span> <span class='ocrx_word' id='word_1_238' title='bbox 984 2548 1189 2594; x_wconf 89' lang='lat' dir='ltr'>quorum</span> <span class='ocrx_word' id='word_1_239' title='bbox 1219 2532 1538 2580; x_wconf 81' lang='lat' dir='ltr'>exhortationi</span> <span class='ocrx_word' id='word_1_240' title='bbox 1568 2537 1783 2580; x_wconf 87' lang='lat' dir='ltr'>oratores</span> <span class='ocrx_word' id='word_1_241' title='bbox 1811 2533 1903 2595; x_wconf 91' lang='lat' dir='ltr'>ipsi</span> <span class='ocrx_word' id='word_1_242' title='bbox 1933 2533 2188 2595; x_wconf 87' lang='lat' dir='ltr'>acquieve-</span> 
     </span>
     <span class='ocr_line' id='line_1_28' title="bbox 418 2614 2188 2679; baseline 0 -16"><span class='ocrx_word' id='word_1_243' title='bbox 418 2620 545 2664; x_wconf 88' lang='lat' dir='ltr'>runt.</span> <span class='ocrx_word' id='word_1_244' title='bbox 568 2618 636 2663; x_wconf 89' lang='lat' dir='ltr'>Ne</span> <span class='ocrx_word' id='word_1_245' title='bbox 658 2620 819 2664; x_wconf 91' lang='lat' dir='ltr'>autem</span> <span class='ocrx_word' id='word_1_246' title='bbox 841 2617 889 2662; x_wconf 90' lang='lat' dir='ltr'>in</span> <span class='ocrx_word' id='word_1_247' title='bbox 913 2615 1112 2663; x_wconf 90' lang='lat' dir='ltr'>introitu</span> <span class='ocrx_word' id='word_1_248' title='bbox 1133 2614 1192 2662; x_wconf 89' lang='lat' dir='ltr'>ad</span> <span class='ocrx_word' id='word_1_249' title='bbox 1213 2615 1553 2663; x_wconf 89' lang='lat' dir='ltr'>consistorium</span> <span class='ocrx_word' id='word_1_250' title='bbox 1575 2616 1748 2664; x_wconf 91' lang='lat' dir='ltr'>iterum</span> <span class='ocrx_word' id='word_1_251' title='bbox 1773 2616 1897 2664; x_wconf 91' lang='lat' dir='ltr'>inter</span> <span class='ocrx_word' id='word_1_252' title='bbox 1916 2617 2046 2679; x_wconf 89' lang='lat' dir='ltr'>ipsos</span> <span class='ocrx_word' id='word_1_253' title='bbox 2070 2631 2188 2663; x_wconf 88' lang='lat' dir='ltr'>con-</span> 
     </span>
     <span class='ocr_line' id='line_1_29' title="bbox 418 2696 2237 2766; baseline -0.001 -20"><span class='ocrx_word' id='word_1_254' title='bbox 418 2698 567 2746; x_wconf 90' lang='lat' dir='ltr'>tentio</span> <span class='ocrx_word' id='word_1_255' title='bbox 594 2699 750 2755; x_wconf 87' lang='lat' dir='ltr'>fieret,</span> <span class='ocrx_word' id='word_1_256' title='bbox 784 2697 1122 2744; x_wconf 88' lang='lat' dir='ltr'>ultramontani</span> <span class='ocrx_word' id='word_1_257' title='bbox 1139 2713 1233 2760; x_wconf 86' lang='lat' dir='ltr'>per</span> <span class='ocrx_word' id='word_1_258' title='bbox 1269 2696 1562 2744; x_wconf 87' lang='lat' dir='ltr'>camerulam</span> <span class='ocrx_word' id='word_1_259' title='bbox 1589 2697 1831 2760; x_wconf 89' lang='lat' dir='ltr'>pontificis</span> <span class='ocrx_word' id='word_1_260' title='bbox 1858 2700 1906 2746; x_wconf 90' lang='lat' dir='ltr'>et</span> <span class='ocrx_word' id='word_1_261' title='bbox 1928 2696 2189 2744; x_wconf 89' lang='lat' dir='ltr'>citramon-</span> <span class='ocrx_word' id='word_1_262' title='bbox 2228 2759 2237 2766; x_wconf 24' lang='grc' dir='ltr'><strong><em>ῃ</em></strong></span> 
     </span>
     <span class='ocr_line' id='line_1_30' title="bbox 418 2779 2187 2844; baseline -0.001 -16"><span class='ocrx_word' id='word_1_263' title='bbox 418 2781 516 2828; x_wconf 88' lang='lat' dir='ltr'>tani</span> <span class='ocrx_word' id='word_1_264' title='bbox 546 2797 632 2844; x_wconf 89' lang='lat' dir='ltr'>per</span> <span class='ocrx_word' id='word_1_265' title='bbox 667 2780 848 2828; x_wconf 89' lang='lat' dir='ltr'>lobiam</span> <span class='ocrx_word' id='word_1_266' title='bbox 875 2796 903 2827; x_wconf 93' lang='lat' dir='ltr'>a</span> <span class='ocrx_word' id='word_1_267' title='bbox 929 2780 1125 2828; x_wconf 90' lang='lat' dir='ltr'>dextera</span> <span class='ocrx_word' id='word_1_268' title='bbox 1157 2780 1282 2828; x_wconf 90' lang='lat' dir='ltr'>dicte</span> <span class='ocrx_word' id='word_1_269' title='bbox 1316 2779 1558 2828; x_wconf 86' lang='lat' dir='ltr'>camerule</span> <span class='ocrx_word' id='word_1_270' title='bbox 1596 2784 1705 2828; x_wconf 91' lang='lat' dir='ltr'>sunt</span> <span class='ocrx_word' id='word_1_271' title='bbox 1725 2779 2013 2838; x_wconf 90' lang='lat' dir='ltr'>intermissi;</span> <span class='ocrx_word' id='word_1_272' title='bbox 2038 2783 2102 2840; x_wconf 85' lang='lat' dir='ltr'>et,</span> <span class='ocrx_word' id='word_1_273' title='bbox 2126 2795 2187 2827; x_wconf 89' lang='lat' dir='ltr'>ne</span> 
     </span>
     <span class='ocr_line' id='line_1_31' title="bbox 419 2855 2188 2926; baseline -0.001 -15"><span class='ocrx_word' id='word_1_274' title='bbox 419 2855 759 2912; x_wconf 87' lang='lat' dir='ltr'>ultramontani</span> <span class='ocrx_word' id='word_1_275' title='bbox 782 2863 919 2912; x_wconf 91' lang='lat' dir='ltr'>citius</span> <span class='ocrx_word' id='word_1_276' title='bbox 946 2863 1216 2921; x_wconf 85' lang='lat' dir='ltr'>introirent,</span> <span class='ocrx_word' id='word_1_277' title='bbox 1241 2863 1595 2921; x_wconf 89' lang='lat' dir='ltr'>citramontani,</span> <span class='ocrx_word' id='word_1_278' title='bbox 1617 2863 1698 2926; x_wconf 89' lang='lat' dir='ltr'>qui</span> <span class='ocrx_word' id='word_1_279' title='bbox 1718 2863 1908 2926; x_wconf 85' lang='lat' dir='ltr'>longius</span> <span class='ocrx_word' id='word_1_280' title='bbox 1929 2862 2021 2910; x_wconf 90' lang='lat' dir='ltr'>iter</span> <span class='ocrx_word' id='word_1_281' title='bbox 2038 2861 2188 2910; x_wconf 88' lang='lat' dir='ltr'>habe-</span> 
     </span>
     <span class='ocr_line' id='line_1_32' title="bbox 419 2945 2187 3010; baseline -0.001 -16"><span class='ocrx_word' id='word_1_282' title='bbox 419 2948 549 3005; x_wconf 88' lang='lat' dir='ltr'>bant,</span> <span class='ocrx_word' id='word_1_283' title='bbox 575 2947 728 2995; x_wconf 86' lang='lat' dir='ltr'>veloci</span> <span class='ocrx_word' id='word_1_284' title='bbox 753 2962 893 2994; x_wconf 92' lang='lat' dir='ltr'>cursu</span> <span class='ocrx_word' id='word_1_285' title='bbox 921 2946 1223 2994; x_wconf 86' lang='lat' dir='ltr'>ambularunt</span> <span class='ocrx_word' id='word_1_286' title='bbox 1254 2946 1416 3009; x_wconf 89' lang='lat' dir='ltr'>sicque</span> <span class='ocrx_word' id='word_1_287' title='bbox 1447 2947 1687 3009; x_wconf 89' lang='lat' dir='ltr'>predictos</span> <span class='ocrx_word' id='word_1_288' title='bbox 1713 2946 1773 2995; x_wconf 91' lang='lat' dir='ltr'>ad</span> <span class='ocrx_word' id='word_1_289' title='bbox 1802 2946 1960 2993; x_wconf 90' lang='lat' dir='ltr'>aulam</span> <span class='ocrx_word' id='word_1_290' title='bbox 1985 2945 2187 3010; x_wconf 89' lang='lat' dir='ltr'>predicti</span> 
     </span>
     <span class='ocr_line' id='line_1_33' title="bbox 420 3029 2188 3093; baseline -0.002 -15"><span class='ocrx_word' id='word_1_291' title='bbox 420 3030 691 3078; x_wconf 90' lang='lat' dir='ltr'>consistorii</span> <span class='ocrx_word' id='word_1_292' title='bbox 726 3034 1063 3093; x_wconf 89' lang='lat' dir='ltr'>prevenerunt,</span> <span class='ocrx_word' id='word_1_293' title='bbox 1088 3030 1167 3076; x_wconf 91' lang='lat' dir='ltr'>ubi</span> <span class='ocrx_word' id='word_1_294' title='bbox 1187 3029 1247 3077; x_wconf 90' lang='lat' dir='ltr'>ad</span> <span class='ocrx_word' id='word_1_295' title='bbox 1274 3029 1521 3077; x_wconf 87' lang='lat' dir='ltr'>dexteram</span> <span class='ocrx_word' id='word_1_296' title='bbox 1543 3029 1903 3088; x_wconf 89' lang='lat' dir='ltr'>ultramontani,</span> <span class='ocrx_word' id='word_1_297' title='bbox 1937 3029 2057 3076; x_wconf 86' lang='lat' dir='ltr'>citra</span> <span class='ocrx_word' id='word_1_298' title='bbox 2073 3043 2188 3077; x_wconf 87' lang='lat' dir='ltr'>vero</span> 
     </span>
     <span class='ocr_line' id='line_1_34' title="bbox 421 3111 2188 3176; baseline -0.001 -17"><span class='ocrx_word' id='word_1_299' title='bbox 421 3113 636 3160; x_wconf 90' lang='lat' dir='ltr'>montani</span> <span class='ocrx_word' id='word_1_300' title='bbox 671 3112 731 3159; x_wconf 90' lang='lat' dir='ltr'>ad</span> <span class='ocrx_word' id='word_1_301' title='bbox 767 3113 1007 3160; x_wconf 89' lang='lat' dir='ltr'>sinistram</span> <span class='ocrx_word' id='word_1_302' title='bbox 1040 3113 1280 3176; x_wconf 90' lang='lat' dir='ltr'>pontificis</span> <span class='ocrx_word' id='word_1_303' title='bbox 1317 3112 1706 3175; x_wconf 77' lang='lat' dir='ltr'>genuflexerunt3</span> <span class='ocrx_word' id='word_1_304' title='bbox 1740 3111 1912 3173; x_wconf 92' lang='lat' dir='ltr'>quibus</span> <span class='ocrx_word' id='word_1_305' title='bbox 1942 3127 1992 3159; x_wconf 90' lang='lat' dir='ltr'>se</span> <span class='ocrx_word' id='word_1_306' title='bbox 2025 3126 2188 3158; x_wconf 87' lang='lat' dir='ltr'>coram</span> 
     </span>
     <span class='ocr_line' id='line_1_35' title="bbox 421 3193 2189 3259; baseline -0.002 -16"><span class='ocrx_word' id='word_1_307' title='bbox 421 3196 646 3259; x_wconf 90' lang='lat' dir='ltr'>pontifice</span> <span class='ocrx_word' id='word_1_308' title='bbox 673 3196 961 3254; x_wconf 90' lang='lat' dir='ltr'>constitutis,</span> <span class='ocrx_word' id='word_1_309' title='bbox 991 3195 1205 3259; x_wconf 84' lang='lat' dir='ltr'>pontifex</span> <span class='ocrx_word' id='word_1_310' title='bbox 1240 3195 1418 3258; x_wconf 90' lang='lat' dir='ltr'>incepit</span> <span class='ocrx_word' id='word_1_311' title='bbox 1441 3194 1680 3257; x_wconf 89' lang='lat' dir='ltr'>explicare</span> <span class='ocrx_word' id='word_1_312' title='bbox 1709 3210 1903 3242; x_wconf 85' lang='lat' dir='ltr'>causam</span> <span class='ocrx_word' id='word_1_313' title='bbox 1926 3193 2189 3242; x_wconf 83' lang='lat' dir='ltr'>vocationis</span> 
     </span>
     <span class='ocr_line' id='line_1_36' title="bbox 423 3277 2189 3340; baseline -0.002 -15"><span class='ocrx_word' id='word_1_314' title='bbox 423 3295 592 3327; x_wconf 89' lang='lat' dir='ltr'>eorum</span> <span class='ocrx_word' id='word_1_315' title='bbox 612 3279 662 3326; x_wconf 92' lang='lat' dir='ltr'>in</span> <span class='ocrx_word' id='word_1_316' title='bbox 691 3279 1024 3336; x_wconf 84' lang='lat' dir='ltr'>conclusione3</span> <span class='ocrx_word' id='word_1_317' title='bbox 1050 3283 1097 3327; x_wconf 90' lang='lat' dir='ltr'>et</span> <span class='ocrx_word' id='word_1_318' title='bbox 1121 3277 1325 3326; x_wconf 90' lang='lat' dir='ltr'>dicendo</span> <span class='ocrx_word' id='word_1_319' title='bbox 1347 3277 1584 3325; x_wconf 87' lang='lat' dir='ltr'>obmutuit</span> <span class='ocrx_word' id='word_1_320' title='bbox 1605 3282 1650 3324; x_wconf 90' lang='lat' dir='ltr'>et</span> <span class='ocrx_word' id='word_1_321' title='bbox 1679 3277 1874 3325; x_wconf 89' lang='lat' dir='ltr'>tandem</span> <span class='ocrx_word' id='word_1_322' title='bbox 1906 3279 2189 3340; x_wconf 87' lang='lat' dir='ltr'>prosecutus</span> 
     </span>
     <span class='ocr_line' id='line_1_37' title="bbox 424 3359 2188 3426; baseline -0.002 -19"><span class='ocrx_word' id='word_1_323' title='bbox 424 3366 497 3408; x_wconf 89' lang='lat' dir='ltr'>est</span> <span class='ocrx_word' id='word_1_324' title='bbox 517 3362 707 3425; x_wconf 90' lang='lat' dir='ltr'>incepta</span> <span class='ocrx_word' id='word_1_325' title='bbox 729 3361 857 3426; x_wconf 88' lang='lat' dir='ltr'>(satis</span> <span class='ocrx_word' id='word_1_326' title='bbox 876 3365 929 3409; x_wconf 89' lang='lat' dir='ltr'>ut</span> <span class='ocrx_word' id='word_1_327' title='bbox 945 3362 1004 3409; x_wconf 89' lang='lat' dir='ltr'>ab</span> <span class='ocrx_word' id='word_1_328' title='bbox 1023 3361 1240 3409; x_wconf 89' lang='lat' dir='ltr'>auditore</span> <span class='ocrx_word' id='word_1_329' title='bbox 1255 3359 1463 3423; x_wconf 84' lang='lat' dir='ltr'>quodam</span> <span class='ocrx_word' id='word_1_330' title='bbox 1484 3359 1714 3417; x_wconf 86' lang='lat' dir='ltr'>intellexi,</span> <span class='ocrx_word' id='word_1_331' title='bbox 1734 3360 1846 3422; x_wconf 89' lang='lat' dir='ltr'>quia</span> <span class='ocrx_word' id='word_1_332' title='bbox 1863 3374 1954 3422; x_wconf 86' lang='lat' dir='ltr'>ego</span> <span class='ocrx_word' id='word_1_333' title='bbox 1971 3359 2074 3421; x_wconf 91' lang='lat' dir='ltr'>ipse</span> <span class='ocrx_word' id='word_1_334' title='bbox 2090 3372 2188 3404; x_wconf 89' lang='lat' dir='ltr'>non</span> 
     </span>
     <span class='ocr_line' id='line_1_38' title="bbox 430 3440 2189 3508; baseline -0.002 -17"><span class='ocrx_word' id='word_1_335' title='bbox 430 3443 623 3492; x_wconf 85' lang='lat' dir='ltr'>interfui</span> <span class='ocrx_word' id='word_1_336' title='bbox 652 3445 700 3492; x_wconf 87' lang='lat' dir='ltr'>in</span> <span class='ocrx_word' id='word_1_337' title='bbox 722 3443 982 3508; x_wconf 84' lang='lat' dir='ltr'>conclave),</span> <span class='ocrx_word' id='word_1_338' title='bbox 1009 3444 1168 3508; x_wconf 89' lang='lat' dir='ltr'>potius</span> <span class='ocrx_word' id='word_1_339' title='bbox 1191 3443 1442 3494; x_wconf 91' lang='lat' dir='ltr'>consilium</span> <span class='ocrx_word' id='word_1_340' title='bbox 1468 3442 1688 3491; x_wconf 89' lang='lat' dir='ltr'>omnibus</span> <span class='ocrx_word' id='word_1_341' title='bbox 1714 3447 1883 3507; x_wconf 85' lang='lat' dir='ltr'>patens</span> <span class='ocrx_word' id='word_1_342' title='bbox 1907 3457 2001 3504; x_wconf 86' lang='lat' dir='ltr'>qua</span> <span class='ocrx_word' id='word_1_343' title='bbox 2018 3440 2094 3492; x_wconf 84' lang='lat' dir='ltr'>via</span> <span class='ocrx_word' id='word_1_344' title='bbox 2111 3455 2189 3489; x_wconf 87' lang='lat' dir='ltr'>res</span> 
     </span>
    </p>
   </div>
  </div>
 </body>
</html>
