2262 3958
168 288 381 333 [Aout1484]
614 287 785 325 RERUM
818 286 1124 326 URBANARUM
1157 287 1509 327 COMMENTARII.
1908 293 1956 330 45

166 391 364 451 siarum,
400 394 449 439 et
480 389 574 439 alia
611 390 776 439 omnia
808 395 856 440 et
895 391 1081 456 singula
1119 392 1357 441 beneficia
1396 392 1445 440 in
1477 391 1617 440 dictis
1654 392 1866 441 basilicis
1905 398 1953 442 et

163 475 383 526 ecclesiis
416 479 465 530 et
495 475 601 524 aliis
634 475 1017 540 quibuscumque
1051 477 1289 538 vacantia,
1323 493 1407 527 seu
1443 476 1674 541 deinceps
1701 481 1947 536 vacatura,

162 574 262 607 non
299 558 548 608 conferam
586 575 744 623 neque
779 558 1132 608 commendabo
1168 576 1326 623 neque
1371 560 1431 608 de
1465 559 1582 624 ipsis
1615 561 1774 625 aliquo
1809 562 1953 609 modo

162 640 423 706 providebo
451 641 556 689 aliis
583 657 729 704 quam
760 640 940 689 civibus
973 640 1204 700 romaniS,
1237 641 1383 690 etiam
1414 643 1451 690 si
1480 646 1792 708 monasteria,
1823 646 1954 711 prio-

163 729 295 775 ratus
330 730 379 775 et
403 725 568 790 quevis
606 725 700 774 alia
730 723 970 773 beneficia
1003 740 1424 790 quorumcumque
1460 729 1684 777 ordinum
1715 731 1955 795 regularia

164 810 347 870 forent3
373 814 422 860 et
442 810 572 859 idem
590 809 804 857 facturos
831 824 882 856 se
912 808 1191 857 obtulerunt
1218 813 1266 858 et
1287 810 1563 874 obligarunt
1589 813 1771 862 domini
1796 815 1953 862 cardi-

164 895 299 945 nales
331 896 392 944 de
419 892 669 944 beneficiis
703 892 763 940 ad
794 891 1010 956 ipsorum
1050 893 1359 943 collationem
1399 898 1728 960 spectantibus
1768 899 1953 947 ratione

165 979 429 1038 titulorum,
463 981 544 1026 aut
570 977 973 1026 commendarum
1001 994 1214 1040 suarum,
1246 996 1366 1043 quas
1393 980 1443 1028 in
1471 981 1599 1029 Urbe
1628 981 1847 1030 obtinent
1870 999 1954 1030 seu

163 1078 252 1128 pro
278 1047 820 1128 tempore'obtinebunt
847 1063 895 1108 et
929 1059 1150 1109 similiter
1181 1061 1240 1110 de
1269 1062 1444 1110 officiis
1477 1063 1620 1127 hujus
1652 1064 1779 1113 alme
1814 1065 1954 1113 Urbis

163 1146 408 1197 consuetis
439 1145 544 1195 dari
577 1145 761 1195 civibus
794 1146 1007 1195 romanis
1039 1163 1139 1194 non
1170 1147 1450 1212 providebo,
1480 1148 1574 1197 nisi
1602 1149 1718 1214 ipsis
1751 1149 1951 1210 civibUS,

123 1275 136 1284 Ι
161 1230 307 1281 etiam
327 1232 387 1280 de
407 1228 826 1295 prothonotariatu
848 1228 1084 1294 Capitolii,
1115 1246 1215 1278 non
1244 1232 1464 1281 obstante
1493 1233 1597 1297 ejus
1623 1233 1802 1282 unione
1829 1235 1956 1282 facta

160 1315 387 1380 hospitali
414 1331 454 1364 s.
481 1313 685 1379 Spiritus
711 1313 761 1362 in
790 1313 933 1362 Saxia
952 1331 1042 1378 per
1060 1314 1141 1362 fel.
1167 1331 1268 1365 rec.
1293 1316 1544 1366 dominum
1573 1317 1759 1366 Sixtum
1780 1334 1953 1382 papam

161 1404 384 1464 quartum
405 1398 806 1464 predecessorem
826 1402 1048 1447 nostrum
1071 1397 1150 1465 (1).

225 1487 364 1547 Item,
389 1501 500 1533 cum
520 1500 725 1549 persepe
747 1483 995 1549 contingat
1017 1484 1286 1534 cardinales
1308 1485 1367 1533 ad
1387 1486 1617 1551 palatium
1632 1487 1951 1552 apostolicum

161 1586 213 1620 se
235 1570 458 1619 conferre
477 1568 620 1617 variis
648 1585 708 1617 ex
735 1568 893 1617 causis
921 1572 969 1617 et
994 1569 1277 1633 pontificem
1304 1586 1391 1634 pro
1413 1575 1632 1636 tempore
1661 1572 1949 1620 existentem

161 1658 450 1720 occupatum
474 1692 484 1714 ‚
538 1653 667 1702 illico
713 1669 798 1702 eos
843 1653 1008 1701 audire
1057 1670 1156 1702 non
1206 1671 1379 1719 posse,
1429 1655 1805 1719 detrahaturque
1852 1672 1950 1703 non

158 1739 405 1788 modicum
443 1738 662 1803 dignitati
704 1754 891 1799 eorum,
926 1738 1042 1786 dum
1079 1738 1347 1788 cardinales
1387 1739 1478 1804 ipsi
1519 1744 1832 1804 expectantes
1865 1756 1951 1787 au-

157 1823 388 1874 dientiam
425 1822 704 1889 permixtim
744 1839 855 1871 cum
895 1822 999 1871 aliis
1044 1838 1144 1872 non
1188 1823 1514 1872 cardinalibus
1553 1823 1603 1871 in
1642 1825 1802 1888 aliquo
1841 1825 1949 1872 loco

159 1911 284 1958 stare
313 1907 573 1972 contingit,
603 1910 746 1971 prout
771 1923 1121 1971 nonnunquam
1153 1907 1335 1956 factum
1362 1908 1452 1957 fuit
1478 1908 1732 1957 retroactis
1766 1912 1953 1973 tempo-

156 1992 306 2054 ribuS,
327 1996 380 2042 ut
404 1992 681 2057 hujusmodi
709 1994 885 2041 abusus
913 1993 1268 2054 submoveatur,
1299 1996 1350 2042 ut
1377 1993 1535 2054 decet,
1567 1997 1616 2042 et
1643 1998 1771 2043 tante
1799 1995 1951 2059 digni-

156 2077 240 2127 tati
273 2093 373 2126 non
405 2077 703 2126 detrahatur.
747 2077 857 2126 Pari
897 2077 1042 2125 modo
1074 2093 1248 2137 voveO,
1280 2079 1390 2142 juro
1433 2082 1481 2126 et
1520 2078 1748 2142 promitto
1786 2079 1948 2127 locum

156 2161 371 2210 debitum
393 2165 441 2210 et
459 2161 720 2210 honestum
741 2162 926 2211 eisdem
949 2162 1273 2210 cardinalibus
1299 2177 1386 2226 pro
1414 2162 1691 2226 hujusmodi
1720 2167 1948 2226 expecta-

155 2244 286 2294 tione
322 2245 373 2293 in
412 2244 588 2309 palatio
629 2245 895 2310 apostolico
930 2250 978 2294 et
1014 2246 1123 2294 loco
1165 2245 1451 2306 residentie‚
1495 2245 1544 2293 in
1583 2262 1677 2310 quo
1718 2262 1797 2294 me
1840 2263 1946 2295 esse

154 2329 430 2394 contigerit,
455 2329 721 2394 assignare,
749 2333 796 2379 et
824 2330 911 2377 sub
939 2329 1234 2393 gravissimis
1262 2329 1479 2378 censuris
1507 2333 1555 2378 et
1582 2329 1720 2393 penis
1749 2330 1947 2379 cubicu-

150 2412 284 2462 lariis
310 2417 358 2463 et
384 2413 490 2462 aliis
519 2413 579 2462 ad
604 2429 725 2477 quos
751 2413 1014 2478 pertinebit
1035 2413 1275 2474 inhibere,
1299 2430 1360 2462 ne
1382 2414 1478 2463 ullo
1499 2417 1723 2478 pretextu
1742 2413 1793 2462 in
1812 2414 1946 2464 illum

152 2496 362 2561 aliquem
413 2497 747 2558 introducant,
802 2498 948 2547 etiam
999 2503 1244 2547 oratorem
1295 2498 1628 2564 imperatoris,
1683 2517 1852 2564 regum
1900 2504 1947 2549 et

151 2581 355 2631 aliorum
393 2586 746 2647 potentatuum,
779 2582 926 2631 etiam
960 2599 1070 2631 cum
1102 2583 1318 2647 ipsorum
1353 2583 1666 2632 cardinalium
1700 2584 1819 2631 inibi
1859 2600 1946 2648 pro

151 2671 371 2732 tempore
394 2665 704 2716 existentium
732 2683 962 2732 expresso
985 2683 1244 2727 consensu,
1271 2668 1355 2716 sed
1375 2668 1538 2717 locum
1557 2668 1715 2733 ipsum
1736 2668 1946 2716 liberum

151 2751 394 2800 dimittant
437 2751 705 2817 receptioni
745 2755 793 2801 et
830 2752 1150 2817 expectationi
1192 2769 1248 2802 ac
1288 2753 1691 2802 collocutionibus
1729 2753 1946 2802 cardina-

151 2833 269 2883 lium
289 2835 634 2900 predictorum.

218 2922 357 2980 Item,
382 2919 631 2985 promitto,
654 2935 801 2969 voveo
823 2925 873 2970 ut
904 2937 1063 2986 supra,
1095 2921 1224 2986 quod
1252 2921 1297 2970 in
1331 2921 1659 2986 spiritualibus
1688 2926 1736 2970 et
1763 2925 1945 2983 tempo-

152 3004 351 3066 ralibuS,
369 3021 463 3070 que
486 3005 705 3070 graviora
727 3010 837 3054 sunt
859 3010 906 3054 et
928 3006 1089 3070 magni
1111 3006 1363 3067 momenti,
1387 3010 1564 3054 statum
1586 3006 1803 3053 Ecclesia
1828 3020 1946 3067 quo-

152 3105 248 3154 quo
275 3090 418 3138 modo
453 3091 878 3152 concernentibus,
909 3091 1089 3140 nullam
1113 3090 1503 3155 jurisdictionem
1531 3095 1612 3138 aut
1640 3088 1945 3138 administra-

151 3170 335 3222 tionem
354 3175 632 3238 promittam
652 3179 732 3224 aut
749 3176 894 3235 dabO,
912 3176 1080 3240 quovis
1098 3175 1284 3240 quesito
1302 3175 1483 3235 colore,
1500 3174 1671 3237 cuique
1690 3171 1943 3220 hominum

199 3323 232 3360 1.
263 3323 331 3361 Ces
352 3329 615 3373 engagements
636 3337 682 3363 en
702 3325 829 3364 faveur
845 3325 895 3363 du
915 3324 1046 3375 peuple
1067 3324 1206 3362 romain
1228 3323 1373 3361 avaient
1394 3323 1478 3372 deja
1502 3325 1558 3359 eto
1578 3321 1662 3360 faits
1687 3326 1816 3371 quatre
1832 3321 1938 3370 jours

150 3388 388 3433 anparavant,
411 3395 483 3421 aux
502 3390 782 3424 conservateurs
802 3386 847 3423 de
868 3387 901 3423 la
920 3385 1012 3428 ville,
1035 3397 1101 3434 par
1121 3385 1152 3421 le
1174 3385 1284 3422 Saeve
1305 3383 1465 3431 College.
1488 3382 1584 3432 Voy.
1607 3382 1640 3420 lc
1660 3381 1812 3420 Journal
1833 3381 1938 3418 d'In-

151 3443 293 3482 fessura
312 3444 405 3482 dans
420 3444 569 3491 Eccard‚
590 3449 618 3483 t.
635 3445 682 3492 II,
703 3446 770 3484 eol.
788 3447 895 3484 1946.
