2262 3958
389 380 458 414 436
996 364 1228 408 AOHANNIS
1255 364 1549 414 BURCHARm,
1844 371 2049 412 [Decembre
2070 368 2163 418 149¹}

391 484 437 528 et
459 478 694 526 Sanctitas
717 492 801 523 sua
822 474 936 521 mihi
960 473 1303 536 respondisset,
1328 477 1426 530 tam
1454 471 1512 519 ab
1540 471 1827 536 imperatore
1855 488 1998 536 quam
2019 489 2049 522 a
2066 475 2163 523 Ro-

390 577 641 609 manorum
678 575 790 622 rege
811 558 993 605 litteras
1015 555 1255 619 recepisse
1278 554 1449 617 quibus
1477 553 1702 602 eumdem
1723 557 1780 603 D.
1802 555 2033 604 ‚Iacobum
2053 570 2164 605 ora-

389 649 542 692 torem
566 658 704 690 suum
727 640 1041 697 constituunt,
1071 642 1327 702 propterea
1354 638 1509 700 ipsum
1530 638 1588 685 D.
1619 636 1852 686 Jacobum
1876 652 1964 702 pro
1983 637 2164 688 utrius-

388 743 478 789 que
503 725 714 788 quolibet
742 727 982 770 oratorem
1012 722 1210 779 hahere,
1245 719 1488 769 commisit
1517 719 1654 779 mihi,
1689 718 1818 783 quod
1845 719 1885 768 si
1915 719 2162 785 predictus

388 809 516 871 prior
537 807 664 855 dicto
686 810 742 854 D.
768 804 1032 853 Marchioni
1058 804 1102 850 in
1125 803 1308 867 capella
1327 802 1619 852 contendere
1636 802 1797 863 vellet,
1819 801 1947 867 quod
1966 797 2162 853 tandem

388 895 443 939 D.
470 890 801 938 marchionem
830 888 878 934 in
909 903 994 934 suo
1024 887 1130 934 loco
1161 886 1373 951 premitti
1404 901 1641 936 curarem.
1673 883 1875 946 Deinde,
1907 890 2162 951 postquam

388 974 624 1022 Sanctitas
675 988 759 1019 sua
807 970 1038 1034 capellam
1088 970 1362 1030 intraverat,
1416 970 1545 1019 venit
1591 967 1834 1034 predictus
1884 968 2015 1033 prior
2060 967 2158 1033 qui,

387 1057 573 1106 etiamsi
603 1072 711 1103 cum
744 1055 871 1102 dicto
902 1053 1180 1100 marchione
1213 1054 1371 1117 aliqua
1397 1054 1543 1102 verba
1570 1050 1792 1101 habuerit
1823 1067 1966 1117 super
1992 1067 2164 1116 prece-

388 1139 550 1188 dentia
577 1138 794 1202 superius
822 1137 966 1193 dicta,
996 1140 1159 1183 tamen
1186 1150 1295 1183 cum
1325 1135 1640 1185 intellexisset
1667 1134 1823 1200 ipsum
1852 1137 1908 1183 D.
1939 1138 1988 1184 et
2006 1135 2162 1199 impe-

384 1222 554 1270 ratoris
577 1225 817 1269 oratorem
840 1235 964 1277 esse,
999 1218 1143 1266 cessit
1175 1217 1388 1282 opinioni
1419 1235 1503 1267 sue
1535 1223 1583 1267 et
1614 1215 1772 1267 eidem
1803 1218 1858 1266 D.
1893 1217 2160 1266 marchioni

383 1304 591 1367 primum
622 1303 782 1351 Iocum
816 1301 1053 1365 permisit,
1086 1317 1176 1349 nec
1205 1305 1376 1364 postea
1407 1315 1550 1365 super
1574 1298 1668 1348 hoc
1698 1297 2003 1363 aliquaverba
2046 1304 2158 1350 sunt

382 1386 560 1435 habita.
1445 1395 1447 1397 ’

448 1469 699 1518 Dominica
731 1469 943 1517 secunda
972 1468 1220 1529 adventus,
1246 1472 1272 1516 4
1301 1466 1482 1518 mensis
1504 1463 1792 1525 decembris,
1818 1468 1872 1514 R.
1898 1464 1948 1514 in
1969 1463 2158 1518 Christo

382 1555 433 1601 P.
469 1556 525 1601 D.
558 1553 880 1617 Hieronymus
911 1553 1200 1617 Calagranus
1232 1551 1485 1617 episcopus
1514 1551 1691 1600 Montis
1720 1549 1911 1614 Regalis
1941 1548 2159 1599 celebra-

379 1635 443 1685 vit
470 1636 666 1684 missam
688 1636 928 1699 publicam
955 1636 1004 1683 in
1035 1634 1216 1700 capella
1244 1635 1532 1700 supradicta,
1567 1636 1694 1698 Papa
1720 1636 1963 1698 presente,
1995 1631 2046 1682 iu
2066 1645 2160 1698 qua

381 1719 632 1768 observata
653 1723 760 1767 sunt
783 1719 945 1766 omnia
964 1734 1097 1766 more
1131 1717 1286 1767 solito.
1318 1721 1602 1767 Sermonem
1630 1715 1744 1765 fecit
1770 1718 2052 1780 procurator
2078 1727 2158 1763 or-·

379 1802 502 1849 dinis
523 1803 780 1850 Minorum.

442 1885 579 1932 Feria
609 1883 837 1943 secunda,
873 1888 898 1932 5
932 1882 1219 1943 decembris,
1263 1885 1498 1934 venerunt
1528 1882 1588 1932 ad
1620 1881 1798 1948 Urbem
1826 1881 2062 1931 novitates
2097 1891 2157 1929 ex

379 1967 511 2015 curia
531 1967 684 2014 Caroli
707 1968 859 2015 octavi
888 1969 1015 2031 regis
1042 1971 1336 2015 Francorum
1365 1964 1425 2015 ad
1451 1967 1731 2030 episcopum
1758 1963 2154 2013 Lombariensem

381 2055 427 2098 et
460 2050 683 2098 abbatem
720 2050 880 2098 Sancti
915 2051 1110 2098 Antonii
1141 2055 1356 2098 oratores
1394 2064 1523 2108 SUOS,
1566 2048 1723 2112 ipsum
1760 2057 1927 2111 regem
1956 2046 2155 2096 Francie

381 2132 674 2180 contraxisse
696 2133 1055 2181 matrimonium
1079 2138 1126 2181 et
1148 2134 1264 2180 illud
1279 2133 1458 2180 carnali
1481 2130 1652 2196 copula
1666 2139 2028 2179 consummasse
2044 2138 2155 2178 cum

378 2215 701 2264 illustrissima
722 2215 918 2262 domina
937 2218 1077 2262 Anna
1096 2216 1263 2278 regina
1278 2219 1604 2263 Romanorum
1621 2217 1669 2263 et
1687 2210 1931 2262 Britannie
1944 2208 2152 2283 ducissa,

379 2315 469 2362 qne
491 2298 640 2362 prius,
666 2303 775 2346 ante
805 2314 986 2345 annum
1018 2296 1091 2344 vel
1122 2299 1266 2356 circa,
1291 2298 1654 2347 matrimonium
1682 2311 1770 2362 per
1796 2296 1944 2368 yerba
1963 2295 2023 2345 de
2043 2311 2155 2362 pre-

380 2382 502 2430 senti
524 2398 633 2429 cum
655 2381 967 2429 invictissimo
988 2381 1312 2428 Maximiliano
1335 2385 1662 2430 Romanorum
1683 2395 1798 2444 rege
1820 2378 2141 2438 contraxerat,

380 2464 507 2525 quod
528 2465 682 2511 fuerat
705 2462 848 2510 etiam
871 2463 919 2508 in
941 2462 1060 2509 facie
1083 2463 1295 2510 Ecclesie
1320 2464 1684 2513 solemnizatum
1706 2462 1788 2528 (1).

428 2587 461 2621 1.
488 2599 506 2620 «
527 2586 575 2621 Le
595 2586 683 2622 tecit
704 2598 774 2633 que
796 2586 957 2622 Burcard
976 2586 1041 2637 fajt
1063 2585 1111 2620 du
1131 2585 1289 2632 mariage
1309 2586 1352 2622 de
1374 2586 1522 2623 Charles
1540 2584 1625 2623 VIII
1645 2597 1733 2623 avec
1757 2586 1862 2623 Anne
1885 2583 2079 2632 duchesse,
2101 2584 2148 2623 de

380 2645 572 2692 Bretagne,
596 2644 717 2681 differe
738 2645 873 2681 decelui
893 2645 957 2680 des
978 2648 1098 2681 autres
1119 2643 1324 2680 historiens.
1359 2645 1425 2681 Cet
1456 2646 1667 2682 evenement
1688 2647 1822 2682 etonna
1845 2646 1947 2683 toute
1965 2644 2147 2693 l’Europe.

379 2703 433 2739 On
456 2704 524 2740 sait
543 2716 612 2752 que
636 2704 783 2741 Charles
813 2704 909 2741 avoit
933 2703 1066 2751 promis
1088 2702 1277 2750 d'epouser
1297 2703 1330 2739 la
1356 2703 1427 2740 fille
1448 2704 1494 2741 de
1519 2703 1754 2749 Maximilien‚
1775 2702 1846 2741 Roi
1865 2703 1930 2741 des
1953 2702 2145 2750 Romilius,

378 2767 413 2799 et
432 2775 502 2811 que
522 2763 742 2799 Maximilien
767 2763 861 2800 avoit
887 2764 1021 2811 epouse
1042 2762 1076 2798 la
1097 2762 1275 2799 duehesse
1300 2762 1345 2798 de
1372 2763 1569 2811 Bretagne,
1590 2774 1655 2811 par
1683 2762 1900 2808 Proeureur,
1921 2765 1942 2800 ὲ
1960 2762 1996 2799 la
2019 2762 2146 2807 verite,

380 2821 467 2857 mais
494 2833 579 2858 avec
611 2826 730 2859 tontes
756 2822 808 2859 les
837 2822 1030 2859 formalites
1061 2821 1170 2869 qu'on
1200 2821 1297 2858 avoit
1325 2833 1389 2859 cru
1414 2833 1566 2871 propres
1586 2823 1608 2859 a
1626 2821 1758 2859 rendre
1782 2832 1824 2859 00
1848 2821 2008 2869 mariage
2027 2820 2144 2858 indis-

380 2880 533 2921 soluble.
1955 2879 1965 2884 ”

427 2956 444 2973 ‹<
461 2940 608 2977 Chai-les
628 2940 706 2978 vint
724 2941 937 2978 neanmoins
958 2943 979 2977 ἐι
999 2940 1086 2977 bout
1106 2941 1304 2990 d'engager
1324 2943 1426 2980 Anne
1444 2945 1467 2980 a
1485 2943 1668 2980 consentit·
1683 2945 1705 2980 ὁ,
1718 2943 1908 2991 l‘epouser,
1924 2952 2011 2979 sans
2031 2942 2144 2990 egat-d

379 3002 399 3034 a
418 3011 457 3035 ce
478 2999 559 3036 lien.
585 2999 612 3036 Il
632 3000 740 3036 salloit
769 3000 901 3037 double
919 3000 1089 3047 dispense
1114 3012 1123 3046 3
1147 3013 1208 3037 car
1227 3005 1329 3039 outre
1356 3001 1654 3050 l’empechement
1670 3003 1758 3040 dont
1772 3002 1811 3050 je
1828 3001 1930 3038 viens
1947 3001 1992 3038 de
2010 3000 2142 3049 parler,

380 3057 526 3095 Charles
547 3059 634 3096 etoit
655 3063 781 3107 parent
800 3060 845 3096 de
869 3059 904 3096 la
924 3059 1115 3105 duchesse,
1136 3071 1182 3096 au
1211 3059 1409 3107 quatrieme
1427 3059 1552 3109 degi-e.
1575 3061 1757 3110 Quelques
1787 3059 1980 3097 historiens
2007 3062 2072 3097 ont
2095 3059 2148 3096 dit

380 3117 569 3161 (Histoire
588 3117 870 3165 ecclesiastique
890 3119 933 3154 de
955 3118 1099 3166 Fleury,
1121 3122 1208 3155 tom.
1230 3117 1362 3164 XXIV,
1377 3130 1463 3167 pag.
1486 3119 1568 3165 130)
1585 3118 1671 3166 qu'il
1695 3117 1814 3155 s’etoit
1832 3120 1960 3155 assure
1974 3116 2146 3155 d'avanee

378 3175 421 3210 de
442 3187 502 3211 ces
530 3175 743 3224 dispenses3
772 3176 861 3214 mais
891 3177 1053 3214 Burcard
1079 3189 1172 3213 nous
1194 3177 1358 3226 apprend
1385 3188 1456 3225 que
1483 3176 1515 3213 10
1540 3177 1702 3213 courrier
1723 3177 1769 3214 de
1792 3177 1955 3223 Charles,
1986 3175 2147 3226 depecbe

378 3245 468 3279 pour
488 3235 538 3271 les
559 3236 766 3281 demander‚
790 3237 904 3272 arrive
924 3239 944 3272 a
964 3237 1078 3273 Rome
1095 3236 1161 3272 105
1181 3235 1371 3272 decembre
1389 3234 1496 3280 1491,
1518 3247 1543 3282 y
1564 3236 1659 3272 avoit
1679 3238 1842 3273 annonae
1855 3247 1926 3284 que
1939 3235 1971 3272 le
1985 3233 2145 3282 mariage

379 3292 465 3329 etoit
490 3294 570 3341 deja
591 3294 653 3331 fait
681 3299 717 3331 et
742 3297 948 3331 consomme
971 3306 980 3331 z
1003 3295 1025 3330 il
1045 3306 1089 3331 ne
1115 3295 1146 3331 10
1166 3294 1234 3340 fut,
1257 3297 1278 3331 a
1295 3295 1331 3331 la
1357 3293 1481 3336 verite,
1503 3305 1572 3341 que
1593 3294 1625 3330 10
1645 3294 1872 3341 lendemain;
1891 3294 1983 3331 mais
2009 3304 2055 3329 on
2076 3291 2145 3328 sait

379 3362 448 3396 que
475 3351 525 3387 les
552 3353 740 3400 dispenses
771 3365 815 3390 ne
843 3353 963 3390 forent
989 3354 1181 3390 aecordees
1200 3365 1266 3402 par
1291 3353 1323 3389 le
1343 3352 1443 3401 Pape
1472 3353 1533 3400 (D.
1561 3353 1706 3400 Morice‚
1729 3355 1800 3391 Pr.
1822 3356 1869 3390 de
1890 3354 2077 3388 l'histoire
2095 3351 2144 3385 de

379 3409 584 3455 Bretaqne,
607 3416 692 3447 tom.
715 3413 779 3455 III,
801 3412 869 3448 col.
890 3414 929 3448 71
946 3415 972 3448 ¹.
997 3413 1066 3449 Les
1091 3411 1282 3460 dispenses
1301 3424 1327 3460 y
1346 3416 1430 3448 sont
1455 3411 1660 3459 imprimees
1680 3424 1767 3450 sous
1787 3413 1822 3450 la
1841 3413 1924 3450 date
1945 3411 1992 3447 du
2014 3409 2058 3446 16
2077 3407 2144 3444 (10-

377 3467 544 3515 cembre),
566 3482 635 3516 que
656 3470 714 3505 dix
731 3470 833 3518 jours
855 3474 972 3518 apres.
996 3470 1159 3507 Burcard
1171 3472 1289 3518 parott
1306 3470 1377 3507 fort
1396 3467 1601 3506 scandalise
1615 3470 1659 3507 de
1673 3481 1713 3507 ee
1724 3468 1897 3518 mariage.
1916 3466 2141 3510 Ilcontinue,
