2262 3958
374 322 441 358 140
973 318 1204 356 JOHANNIS
1238 319 1531 367 BURCHARDI,
1865 325 2126 369 wavria-1485]

371 422 621 471 cardinalis
643 421 856 470 ascendit
877 421 936 469 ad
948 436 1187 470 cameram
1209 423 1444 487 papagalli
1460 425 1736 488 pontificem
1751 433 2028 492 expectans,
2049 430 2127 492 qui

368 521 534 568 parum
557 509 681 568 post,
707 519 899 551 camera
919 520 1003 551 sua
1023 505 1205 566 exiens,
1236 506 1345 555 illuc
1372 507 1498 556 venit
1523 514 1803 572 paramenta
1829 515 2125 575 recepturus,

367 593 417 636 ut
438 588 482 635 in
502 587 745 651 publicum
767 587 1104 636 consistorium
1125 589 1323 638 veniret.
1348 591 1542 638 Interim
1563 595 1668 640 orta
1681 596 1754 640 est
1769 593 1894 642 inter
1912 594 1981 642 111.
2002 595 2129 658 prin-

369 670 485 732 cipis
534 669 768 717 Sabaudie
813 673 859 717 et
898 670 1153 719 Mediolani
1200 673 1335 721 ducis
1381 678 1594 723 oratores
1637 690 1780 738 super
1820 678 2128 740 procedentia

368 752 576 814 questio,
626 768 711 801 seu
751 752 974 802 diuturna
1011 759 1255 815 renovata,
1295 772 1387 820 qua
1425 773 1510 821 per
1543 759 1627 806 SS.
1670 760 1729 806 D.
1768 761 1824 807 N.
1860 759 2128 822 intellecta,

370 834 604 883 ordinavit
634 839 681 884 et
711 837 948 885 mandavit
990 839 1038 886 S.
1076 855 1161 886 sua
1202 840 1331 902 quod
1372 857 1458 904 pro
1495 841 1589 889 hoc
1626 858 1766 890 mane
1801 846 1965 893 ,orator
1999 843 2132 894 ducis

365 918 620 968 Mediolani
660 918 821 968 locum
859 920 991 968 daret
1030 921 1358 982 Sabaudiensi‚
1397 928 1444 971 et
1477 925 1603 986 quod
1632 925 1859 989 deinceps
1889 925 2133 975 alternatis

363 1002 543 1051 vicibus
574 1002 808 1063 venirent,
841 1019 935 1051 una
967 1003 1041 1052 die
1076 1009 1291 1054 oratores
1318 1007 1591 1065 Mediolani,
1625 1008 1716 1056 alia
1748 1008 2130 1068 Sabaudienses;

362 1086 437 1135 cui
492 1086 777 1135 ordinationi
831 1086 1202 1136 Mediolanensis
1249 1090 1461 1152 parendo
1507 1091 1722 1151 recessit,
1768 1095 1816 1140 et
1854 1091 1931 1140 alii
1973 1091 2150 1142 locum'

363 1170 507 1218 dedit.

427 1255 608 1304 Deinde
622 1257 705 1305 SS.
725 1256 782 1303 D.
800 1257 855 1303 N.
877 1258 1069 1319 paratus
1090 1269 1225 1304 more
1250 1255 1389 1304 solito
1412 1256 1538 1304 venit
1556 1257 1614 1305 ad
1632 1256 1875 1321 publicum
1899 1256 2132 1306 consisto-

360 1338 483 1386 rium
495 1338 541 1386 in
555 1338 777 1403 primam,
792 1340 888 1403 maj
895 1354 1028 1388 orem
1040 1339 1276 1399 videlicet,
1295 1340 1452 1388 aulam
1468 1340 1628 1404 palatii
1643 1355 1729 1404 pro
1747 1340 1938 1404 publico
1950 1340 2130 1389 consis-

358 1422 480 1472 torio
502 1427 821 1486 preparatam.
847 1424 898 1470 In
921 1437 1034 1485 qu0,
1056 1423 1182 1471 facta
1198 1439 1285 1487 per
1305 1423 1569 1471 cardinales
1591 1422 1855 1471 reverentia
1876 1426 2123 1482 consueta,

358 1505 602 1570 proposita
623 1509 695 1554 est
714 1521 876 1565 causa,
901 1507 1115 1554 utmoris
1138 1511 1209 1555 est
1228 1523 1237 1566 3
1265 1510 1492 1554 venerunt
1513 1507 1572 1554 ad
1594 1506 1721 1554 idem
1743 1505 2081 1554 consistorium
2100 1521 2129 1555 a

357 1588 550 1653 prelatis
565 1603 702 1636 more
722 1588 861 1637 solito
877 1588 1118 1649 associati,
1145 1605 1308 1638 comes
1330 1589 1503 1637 Delfini
1527 1593 1574 1638 et
1595 1589 1671 1637 alii
1686 1604 1769 1638 sex
1790 1592 2005 1638 oratores
2021 1605 2128 1654 pre-

358 1672 438 1721 fati
460 1671 642 1734 college
668 1671 740 1719 sui
761 1688 771 1731 ;
790 1671 962 1734 quibus
989 1671 1146 1720 aulam
1169 1671 1439 1720 consistorii
1463 1670 1860 1735 ingredientibus,
1893 1673 2128 1737 processit

359 1755 419 1803 ad
444 1754 724 1819 pontificem
761 1754 1012 1802 cardinalis
1045 1755 1402 1818 Andegavensis
1433 1755 1492 1802 ad
1528 1754 1720 1803 solitum
1749 1755 1880 1818 ipsos
1911 1759 2125 1805 oratores

357 1838 565 1903 collegas
582 1853 693 1885 suos
705 1837 881 1885 ibidem
898 1841 1172 1900 expectans.
1194 1837 1373 1894 Quibus
1393 1837 1630 1895 omnibUS,
1646 1837 1886 1886 cardinale
1902 1843 2122 1902 excepto,

357 1922 416 1969 ad
436 1921 587 1985 pedis,
604 1937 772 1969 manus
795 1925 842 1968 et
862 1920 957 1968 oris
973 1920 1208 1979 osculum,
1224 1935 1358 1968 more
1377 1924 1607 1967 consueto
1629 1919 1852 1983 receptiS,
1868 1920 2122 1970 cardinalis
2153 1917 2155 1920 ’

357 2004 460 2067 ipse
481 2003 771 2067 presentavit
795 2002 1008 2065 pontifici
1034 2003 1196 2051 literas
1223 2002 1350 2066 regis
1376 1994 1576 2066 predicti
1603 2002 1652 2049 in
1679 2003 1974 2050 Francorum
1999 2002 2122 2051 idio-

354 2090 483 2134 mate
508 2089 554 2134 et
581 2100 762 2145 comeS‚
796 2085 912 2133 alias
941 2087 1158 2149 ejusdem
1184 2086 1233 2133 in
1265 2100 1487 2134 sermone
1510 2085 1656 2133 latino
1685 2085 1912 2148 scriptas;
1949 2085 2121 2148 quibus

352 2169 656 2234 presentatiS,
681 2168 934 2217 cardinalis
949 2170 1010 2218 ad
1026 2170 1187 2218 locum
1206 2184 1346 2218 suum
1368 2168 1493 2217 inter
1513 2168 1630 2218 alios
1647 2168 1932 2227 cardinaleS,
1953 2183 2118 2217 comes

350 2270 462 2303 vero
485 2268 592 2302 cum
615 2252 716 2301 aliis
740 2267 822 2300 sex
843 2268 1007 2301 versus
1029 2254 1272 2302 banchum
1298 2252 1690 2317 presbyterorum
1723 2251 2036 2301 cardinalium
2057 2251 2118 2300 ad

349 2337 512 2385 locum
552 2344 838 2388 consuetum
884 2341 1206 2386 accesserunt.
1255 2336 1444 2384 Prolata
1475 2351 1533 2384 ex
1566 2340 1675 2399 post
1715 2350 1802 2398 per
1839 2334 2118 2399 pontificem

352 2416 708 2465 commissionis
756 2417 1013 2480 signatura,
1058 2417 1182 2466 lecte
1223 2418 1414 2467 fuerunt
1454 2418 1592 2466 litere
1638 2417 1952 2466 credentiales
1991 2418 2122 2481 regis

354 2500 573 2560 Francie,
598 2505 650 2548 ut
669 2500 924 2564 prefertur,
951 2504 1242 2563 presentate,
1266 2501 1419 2563 prime
1447 2517 1535 2565 per
1561 2504 1616 2548 R.
1647 2503 1700 2548 P.
1732 2503 1788 2548 D.
1815 2500 2116 2564 Stephanum

359 2585 640 2649 episcopum
658 2584 1044 2632 Maurianensem
1069 2583 1307 2647 vulgares,
1340 2583 1512 2632 deinde
1539 2599 1625 2647 per
1651 2586 1706 2631 R.
1738 2586 1794 2631 D.
1830 2582 2121 2632 Ludovicum

357 2667 543 2717 Grifum
583 2667 1015 2731 Archiepiscopum
1055 2669 1444 2715 Beneventanum
1487 2666 1798 2715 secretarium
1835 2667 1919 2715 SS.
1959 2667 2015 2713 D.
2059 2667 2115 2714 N.

351 2750 523 2810 latine;
561 2750 732 2814 quibus
769 2749 924 2809 lectis,
963 2754 1178 2798 oratores
1217 2749 1415 2814 predicti
1454 2750 1764 2814 prestiterunt
1796 2748 2118 2798 obedientiam

353 2836 437 2883 SS.
480 2837 537 2883 D.
579 2835 636 2882 N.
674 2833 868 2882 nomine
908 2833 1033 2896 regis
1074 2833 1160 2893 sui,
1206 2837 1348 2897 prout
1383 2836 1714 2881 antecessores
1754 2831 1974 2896 ejusdem
2002 2831 2117 2880 alias

351 2916 678 2981 prestiterunt.
713 2918 867 2980 Super
896 2917 1065 2980 quibus
1093 2916 1243 2965 erravi
1278 2916 1495 2980 superius
1529 2916 1781 2965 scribendo
1808 2916 1936 2979 quod
1968 2915 2118 2964 cardi-

351 3000 471 3048 nalis
511 3000 887 3064 Andegavensis,
921 3001 1044 3049 facta
1081 3000 1309 3049 societate
1337 3016 1446 3048 cum
1483 2999 1747 3048 oratoribus
1774 3014 1924 3061 usque
1961 2999 2020 3046 ad
2041 3013 2118 3046 ca-

357 3098 539 3131 meram
562 3082 890 3147 apostolicam,
907 3082 1091 3130 venerit
1112 3082 1171 3130 ad
1195 3097 1437 3129 cameram
1461 3079 1727 3144 paramenti
1747 3079 1923 3128 ibidem
1946 3094 2118 3144 papam

354 3169 630 3229 expectans,
655 3166 765 3228 quia
788 3167 888 3230 jam
916 3164 1275 3229 Papa,-interim
1297 3164 1425 3227 quod
1450 3163 1552 3226 ipse
1573 3162 1678 3209 illos
1699 3163 1968 3221 associavit,
1991 3161 2117 3210 venit

353 3249 411 3296 ad
448 3249 607 3296 aulam
645 3248 915 3296 consistorii
945 3248 992 3295 in
1031 3263 1123 3311 qua
1156 3247 1258 3310 ipse
1295 3244 1547 3294 cardinalis
1581 3260 1688 3292 cum
1727 3244 1993 3293 oratoribus
2035 3258 2117 3291 ve-

361 3331 557 3390 niendo,
582 3332 759 3380 invenit
782 3331 1062 3396 pontificem
1092 3336 1138 3378 et
1165 3329 1428 3378 cardinales
1452 3328 1553 3391 jam
1582 3327 1895 3375 reverentiam
1923 3325 2112 3374 fecisse.

353 3413 484 3460 Fecit
513 3414 656 3477 igitur
693 3431 751 3464 ex
782 3419 896 3464 tunc
936 3420 982 3464 et
1021 3415 1122 3478 ipse
1162 3411 1476 3461 reverentiam
1513 3414 1559 3458 et
1597 3411 1798 3459 accessit
1835 3410 1960 3458 inter
1996 3408 2114 3456 alios
