2262 3958
133 298 354 341 [Septembre
373 298 462 339 1484]
588 296 758 335 RERUM
789 296 1095 335 URBANARUM
1127 297 1479 335 COMMENTARII.
1878 296 1923 330 95

134 406 332 467 pectore
359 402 496 466 juxta
516 416 713 450 crucem
746 401 895 466 pallii,
923 401 1181 465 incipiente
1215 400 1458 450 cardinale
1487 398 1547 446 de
1582 396 1847 445 Comitibus
1875 402 1924 444 et

137 486 246 535 aliis
270 485 459 535 duobus
487 485 615 533 idem
643 490 752 549 post
773 502 884 534 eum
911 485 1198 534 facientibus
1223 503 1231 532 ε
1259 485 1338 548 qui
1365 501 1553 546 omnes,
1577 485 1806 550 pontifice
1827 483 1923 530 hoc

137 569 285 618 modo
310 574 529 634 recepto,
563 570 720 634 ipsum
755 586 906 634 usque
937 570 997 617 ad
1029 569 1179 617 altare
1213 570 1367 633 majus
1401 569 1719 629 associarunt,
1751 567 1925 615 imme-

139 653 268 704 diate
289 658 400 704 ante
421 654 690 704 cardinales
711 654 941 702 diaconos
962 652 1259 701 incedentes

190 741 322 803 Papa
342 743 453 788 ante
474 740 629 804 majus
653 740 800 788 altare
829 738 1108 798 constitum,
1139 738 1387 786 redierunt
1408 738 1468 786 ad
1496 754 1583 786 sua
1606 738 1715 786 loca
1735 735 1850 785 dicti
1866 735 1926 801 (1)

146 827 241 872 tres
269 823 539 889 presbyteri
557 822 857 888 {cardinalem
889 825 937 869 et
958 824 1104 884 Papa,
1136 820 1356 884 deposita
1383 821 1526 869 mitra
1550 820 1630 886 (2),
1661 821 1774 868 fecit
1795 835 1930 868 reve-

144 907 349 956 rentiam
381 906 514 955 cruci
547 906 597 954 111
633 905 770 954 altari
800 905 981 970 posite3
1014 905 1190 953 deinde
1224 905 1584 954 confessionem
1617 905 1786 954 ordine
1819 920 1932 953 con-

146 994 286 1040 sueto
306 990 441 1039 dixit.

196 1076 344 1122 Facta
369 1072 697 1132 confessione,
730 1075 860 1136 Papa
892 1089 990 1121 non
1021 1072 1242 1122 ascendit
1268 1073 1330 1122 ad
1364 1074 1514 1122 altare
1551 1073 1636 1122 sed
1669 1073 1730 1137 ad
1764 1074 1931 1122 sedem

134 1157 184 1206 in
209 1157 356 1222 plano
383 1157 474 1206 sibi
504 1160 723 1222 paratam
756 1156 884 1205 inter
914 1156 1229 1217 eminentem,
1267 1161 1315 1206 et
1350 1157 1500 1206 altare
1535 1157 1672 1221 juxta
1710 1157 1932 1206 infimum

138 1240 343 1305 gradum
362 1239 487 1300 solii,
513 1240 596 1288 ubi
617 1239 678 1288 ad
704 1241 854 1289 altare
883 1257 1048 1289 versu-s
1081 1240 1221 1300 sedit,
1253 1240 1446 1288 mitram
1473 1240 1522 1288 in
1552 1240 1709 1304 capite
1739 1244 1929 1302 tenens,

139 1335 285 1389 quam
317 1317 504 1389 recepit
543 1318 672 1373 facta
713 1325 1020 1373 confessione
1058 1329 1317 1388 antequam
1357 1325 1416 1373 de
1460 1325 1569 1373 loco
1613 1325 1934 1373 confessionis

141 1408 416 1467 recederet,
449 1412 498 1458 et
530 1424 643 1458 cum
675 1424 732 1457 ea
764 1414 876 1458 ante
906 1425 1153 1459 recessum
1188 1409 1268 1475 (3),
1306 1409 1437 1458 cruci
1469 1408 1685 1473 predicte
1717 1408 1766 1456 in
1799 1408 1935 1458 altari

142 1492 299 1558 posite
339 1492 454 1542 fecit
486 1493 825 1542 reverentiam.
863 1497 994 1558 Papa
1026 1494 1094 1543 sic
1128 1493 1177 1541 in
1206 1494 1334 1542 dicta
1363 1493 1477 1542 sede
1510 1493 1729 1552 sedente,
1768 1509 1936 1542 acces—

143 1581 308 1626 serunt
328 1581 440 1627 ante
467 1593 579 1627 eum
602 1582 700 1627 tres
728 1579 871 1643 primi
897 1579 1111 1643 episcopi
1147 1578 1436 1637 cardinales,
1468 1578 1688 1626 videlicet
1711 1577 1937 1626 vicecan-

140 1662 385 1721 cellarius,
423 1662 683 1727 episcopus
724 1663 1024 1722 Portuensis,
1066 1662 1256 1726 collegii
1295 1662 1536 1720 decanus;
1571 1661 1934 1725 NeapolitamiS,

140 1745 402 1811 episcopus
422 1746 725 1806 Sabinensis,
752 1751 800 1795 et
821 1764 860 1795 s.
886 1747 1053 1806 Marci,
1071 1747 1328 1811 episcopus
1348 1747 1684 1806 Prenestinus3
1711 1745 1938 1795 omnibus

141 1829 340 1894 prelatis
362 1845 419 1878 ac
441 1829 547 1878 aliis
568 1829 618 1878 in
640 1829 738 1877 suis
757 1830 878 1878 locis
900 1832 1280 1880 remanentibus
1310 1831 1368 1879 Hi
1390 1835 1489 1879 tres
1517 1834 1628 1879 ante
1656 1830 1937 1895 pontificem

137 1913 267 1964 inter
305 1901 455 1978 ipsius
495 1913 662 1963 sedem
713 1915 983 1978 predictam
1023 1920 1072 1964 et
1111 1916 1284 1975 altare,
1322 1916 1459 1979 juxta
1509 1921 1672 1963 tamen
1717 1914 1938 1962 infimum
1996 1978 2000 1982 ᾗ

141 1997 344 2062 gradum
376 1996 557 2057 altaris,
596 1998 658 2045 ad
695 1998 855 2063 ipsum
888 1999 1170 2063 pontificem
1209 1999 1332 2047 versi
1367 2015 1419 2048 se
1458 1999 1697 2058 locarunt,
1732 1998 1937 2062 quisque

141 2079 311 2130 eorum
331 2070 471 2131 suum
490 2074 827 2146 cappellanum
848 2083 908 2131 de
936 2084 1079 2132 mitra
1101 2083 1190 2131 sihi
1213 2083 1501 2132 servientem
1522 2087 1633 2147 post
1654 2098 1704 2131 se
1727 2083 1931 2131 habens.

144 2165 501 2215 Omnes-etiam
529 2166 610 2214 alii
640 2166 928 2226 cardinales,
968 2167 1191 2215 videlicet
1227 2167 1442 2231 episcopi
1483 2170 1531 2215 et
1569 2166 1839 2231 presbyteri
1878 2165 1939 2213 ad

140 2249 408 2309 dexteram,
431 2249 622 2298 diaconi
643 2266 756 2298 vero
779 2251 837 2298 ad
861 2250 1107 2299 sinistram
1128 2267 1251 2315 pape
1279 2254 1594 2299 accesserunt
1615 2250 1743 2298 inter
1764 2250 1937 2298 solium

141 2336 190 2382 et
215 2321 366 2382 altare
393 2336 595 2392 stantes,
625 2334 933 2398 cappellanos
963 2351 1074 2383 suos
1106 2335 1165 2383 de
1196 2335 1338 2383 mitra
1371 2335 1416 2383 ei
1445 2335 1712 2383 servientes
1745 2338 1855 2399 post
1883 2350 1935 2383 se

144 2416 401 2466 habentes.

201 2498 437 2555 Omnibus
464 2499 534 2547 sic
565 2500 819 2561 stantibus,
862 2501 1094 2565 depositis
1131 2518 1159 2550 a
1199 2505 1344 2567 Papa,
1388 2520 1444 2552 ac
1488 2504 1714 2552 omnibus
1760 2501 1933 2564 mitris,

142 2582 349 2632 surrexit
378 2583 592 2647 pontifex
626 2587 674 2632 et
704 2584 961 2633 cardinalis
996 2602 1035 2634 s.
1069 2586 1218 2634 Marci
1259 2585 1428 2634 tertius
1459 2590 1507 2634 et
1529 2586 1727 2634 ultimus
1749 2602 1809 2634 ex
1829 2602 1939 2650 pre-

144 2667 285 2716 dictis
310 2667 483 2726 tribus,
514 2671 646 2716 stans
674 2667 720 2716 in
745 2668 906 2717 medio
935 2674 1046 2717 ante
1074 2670 1258 2718 dictum
1286 2670 1487 2734 gradum
1515 2669 1696 2730 altaris,
1727 2668 1850 2718 facie
1878 2669 1938 2716 ad

144 2748 425 2814 pontificem
450 2763 606 2809 versa,
636 2750 696 2798 ad
725 2751 975 2801 dexteram
1009 2770 1145 2802 suam
1177 2755 1363 2803 habens
1396 2752 1865 2807 vicecancellarium,
1891 2758 1937 2802 et

146 2833 207 2881 ad
237 2824 481 2880 sinistram
518 2834 887 2898 Neapolitanum
919 2835 1214 2887 cardinalem
1251 2838 1330 2902 qui
1359 2839 1493 2902 quasi
1528 2837 1617 2886 sibi
1646 2838 1762 2902 ipsis
1790 2837 1936 2885 facies

143 2915 412 2975 vertebant,
437 2915 575 2964 sicuti
596 2917 878 2978 assistentes
900 2919 1114 2983 episcopi
1141 2920 1191 2968 in
1211 2920 1659 2970 consecrationibus
1682 2922 1937 2985 episcopo-

145 3013 252 3048 rum
273 3002 400 3048 stare
423 2999 596 3060 solent,
621 2999 774 3066 magis
798 3006 961 3052 tamen
981 3003 1042 3051 ad
1062 3004 1346 3067 pontificem
1373 3005 1647 3065 tendenteS,
1673 3005 1791 3053 dixit
1812 3005 1937 3052 hanc

148 3083 436 3144 orationem,
452 3083 636 3133 nullum
649 3086 936 3136 versiculum
956 3087 1242 3152 premittens
1263 3104 1420 3152 neque
1434 3086 1665 3138 Dominus
1682 3087 1934 3146 vobiscum,

145 3166 361 3217 absolute
382 3166 580 3234 incepit,
603 3168 788 3232 (1100115,
813 3169 862 3219 111
884 3175 998 3220 tono
1021 3171 1294 3221 orationum
1317 3173 1606 3222 solemnium
1627 3169 1936 3221 festivitatum

192 3333 226 3370 1.
249 3331 406 3369 Domini.
426 3351 473 3360 —
487 3334 588 3372 Dans
608 3335 770 3376 Riualdi.

190 3394 226 3429 2.
252 3392 298 3430 Et
317 3392 353 3428 in
373 3393 476 3430 altari
495 3394 629 3443 posita.
652 3417 698 3422 —
717 3397 879 3446 Manque
900 3398 991 3436 dans
1017 3397 1139 3436 Rinal.

190 3451 228 3490 3.
256 3454 353 3491 Inter
373 3454 496 3492 sedem
517 3455 708 3504 prefatam.
727 3479 774 3486 —
793 3458 894 3495 Dans
909 3458 1031 3497 Riual.
