2262 3958
327 353 374 389 90
933 344 1165 381 JOHANNIS
1199 344 1492 393 ssURCHARDI,
1764 349 1967 390 Septembre
1984 350 2086 392 [1484]

328 455 386 502 de
413 452 601 517 pluviali
638 451 745 498 albo
781 463 866 512 pro
887 446 1115 511 pontifice
1151 447 1200 495 in
1236 449 1420 511 capella
1441 464 1479 496 S.
1512 448 1736 498 Selvestri
1762 450 1811 497 in
1838 451 2090 498 Laterano.

395 536 480 584 Die
495 539 521 583 8
539 531 839 598 septembris,
852 533 1202 580 concordarunt
1215 531 1457 580 secretarii
1479 535 1526 579 et
1546 532 1759 580 advocati
1778 549 1920 597 super
1930 548 2098 596 prece-

331 620 492 668 dentia
515 623 657 682 prout
682 617 806 666 infra
831 618 1042 676 dicetur;
1079 616 1206 665 facta
1233 631 1318 679 per
1344 631 1421 662 me
1450 614 1748 662 ordiuatione
1783 616 2105 680 suprascripta

333 702 529 766 singulis
545 701 710 748 diebus
733 716 885 764 usque
902 701 959 749 ad
981 699 1107 748 diem
1123 698 1446 747 coronationis
1463 699 1545 746 SS.
1567 700 1626 746 D.
1649 698 1799 746 nostri
1824 715 1833 746 :
1860 696 2104 746 sollicitavi

333 784 461 848 quod
482 784 700 834 ordinata
715 785 993 850 hujusmodi
1015 783 1378 848 perficerentur.

400 871 468 916 De
510 869 693 916 sabbati
731 873 781 916 11
832 867 1137 932 septembris,
1185 866 1314 914 circa
1355 866 1526 913 horam
1563 869 1744 913 sextam
1776 865 1950 925 noctis,
1989 865 2105 914 obiit

336 955 500 1000 Rmus.
527 950 575 998 in
598 951 786 999 Christo
809 954 861 999 P.
887 955 934 999 et
961 954 1017 999 D.
1054 950 1316 1013 Philippus,
1347 948 1470 996 tituli
1505 953 1776 997 sanctorum
1804 949 2035 998 Iohannis
2057 953 2104 997 et

334 1034 465 1082 Pauli
501 1035 752 1099 presbyter
790 1034 1043 1082 cardinalis
1086 1032 1454 1081 Matisconensis
1492 1032 1750 1094 vulgariter
1781 1036 2101 1097 nuncupatus,

336 1117 463 1165 diem
487 1134 569 1165 sue
596 1118 686 1165 vite
708 1117 984 1181 temporalis
1006 1116 1174 1165 clausit
1196 1119 1464 1163 extremum
1488 1115 1568 1178 qui
1587 1116 1756 1163 eadem
1777 1119 1938 1174 nocte,
1962 1131 1990 1163 a
2015 1115 2106 1164 fra-

338 1200 488 1247 tribus
517 1203 778 1247 conventus
811 1199 1015 1247 ecclesie
1048 1199 1186 1246 beate
1218 1198 1364 1246 Marie
1392 1199 1450 1245 de
1480 1198 1658 1261 Populo
1687 1201 1734 1246 et
1760 1213 1787 1245 a
1814 1213 1898 1245 sua
1926 1197 2106 1246 familia

337 1282 438 1329 sine
478 1297 655 1346 pompa
685 1283 948 1330 associatus
985 1282 1044 1329 ad
1081 1281 1333 1329 ecclesiam
1371 1282 1511 1328 beate
1550 1280 1695 1327 Marie
1735 1280 1999 1344 predictam
2023 1297 2033 1328 :
2057 1281 2105 1328 in

338 1366 506 1413 eadem
538 1366 750 1428 sepultus
784 1369 856 1413 est
883 1370 992 1413 ante
1027 1365 1175 1412 altare
1209 1364 1381 1427 majus,
1412 1364 1478 1411 ita
1512 1366 1674 1411 tamen
1707 1366 1754 1410 et
1772 1362 1840 1426 'ex
1866 1363 1938 1410 sui
1958 1362 2106 1426 ipsius

338 1448 635 1496 ordinatione
666 1449 792 1512 quod
813 1449 941 1497 nulla
963 1463 1105 1511 supra
1133 1450 1447 1495 monumento
1470 1461 1556 1493 suo
1577 1445 1851 1508 hujusmodi
1870 1444 2106 1495 memoria

339 1535 481 1580 extat.
508 1535 570 1591 Is,
599 1548 722 1579 novo
749 1532 977 1595 pontifice
1004 1531 1245 1579 dominica
1275 1534 1334 1578 29
1367 1530 1552 1594 augusti
1573 1529 1790 1594 proxime
1811 1529 2027 1594 preteriti
2042 1525 2106 1578 >ad

337 1615 583 1663 basilicam
606 1631 643 1662 s.
670 1615 797 1662 Petri
819 1615 1073 1673 associato,
1097 1614 1158 1661 ad
1178 1614 1375 1661 domum
1397 1629 1533 1661 suam
1554 1613 1762 1672 rediens,
1788 1617 1835 1662 et
1854 1613 2106 1674 male‚‘seu

337 1703 582 1761 gravatum
604 1714 654 1745 se
683 1698 912 1755 sentiens,
938 1698 998 1745 ad
1015 1698 1195 1746 lectum
1223 1713 1273 1745 se
1299 1697 1474 1761 posuit,
1505 1713 1564 1745 ex
1590 1713 1684 1760 quo
1713 1712 1856 1744 sanus
1881 1713 1979 1744 non
2009 1708 2108 1744 sur—

339 1781 476 1828 rexit.
510 1780 738 1828 Incidisse
770 1780 965 1827 omnino
996 1780 1045 1826 in
1078 1795 1135 1827 ea
1166 1779 1444 1827 infirmitate
1472 1779 1645 1826 dicitur
1674 1779 1803 1841 quod
1827 1779 1876 1826 in
1895 1779 2107 1828 conclavi

340 1863 565 1911 diuturno
588 1867 635 1910 et
655 1867 892 1910 nocturno
912 1866 1126 1926 tempore
1149 1862 1374 1910 continuo
1391 1861 1654 1924 sollicitans
1668 1877 1766 1910 non
1787 1862 1979 1926 quievit.

408 1947 490 1995 His
512 1946 698 2005 diebus,
731 1946 812 1993 SS.
829 1948 886 1993 D.
906 1949 1085 2006 noster,
1108 1946 1166 1993 de
1189 1945 1521 1993 assistentibus
1538 1945 1733 2009 prelatis
1754 1945 1843 1992 sibi
1863 1946 2110 2009 providere

299 2071 305 2079 .
341 2028 528 2089 volens,
551 2028 879 2093 infrascriptos
896 2029 1171 2093 assumpsit,
1194 2046 1399 2093 quorum
1420 2031 1613 2078 nomina
1631 2034 1795 2078 notata
1814 2030 1860 2078 in
1885 2030 2112 2079 schedula

346 2113 582 2162 Sanctitas
605 2127 690 2159 sua
709 2111 828 2159 mihi
848 2113 970 2159 tradi
992 2113 1123 2171 fecit,
1146 2113 1366 2161 videlicet
1387 2130 1397 2173 ;

403 2200 458 2245 R.
486 2200 542 2244 D.
568 2199 621 2243 L.
646 2194 968 2258 patriarcham
988 2195 1364 2255 Antiochenum,

411 2284 465 2328 R.
490 2282 548 2327 D..
573 2277 896 2342 patriarcham
918 2276 1421 2342 Hierosolymitanum,

410 2367 461 2411 R.
486 2365 543 2410 D.
568 2360 982 2423 archiepiscopum
1007 2361 1357 2421 Arelatensem‚

410 2449 465 2493 R.
492 2447 548 2492 D.
573 2443 990 2507 archiepiscopum
1011 2445 1418 2505 Beneventanum,

413 2532 467 2576 R.
495 2530 550 2575 D.
571 2527 840 2574 Johannem
863 2526 1142 2591 episcopum
1170 2530 1471 2576 Castrensem
1501 2529 1548 2576 in
1570 2530 1786 2590 Francia,

412 2614 467 2658 R.
494 2612 551 2657 D.
577 2608 855 2672 episcopum
876 2608 1229 2666 Theanensem,

421 2698 479 2742 R.
503 2695 560 2740 D.
586 2691 865 2755 episcopum
887 2688 1275 2748 Foroliviensem,

412 2782 467 2826 R.
494 2780 550 2825 D.
576 2775 857 2839 episcopum
881 2771 1198 2831 Aleriensem,

410 2867 466 2910 R.
491 2865 547 2910 D.
571 2861 848 2924 episcopum
870 2860 1243 2917 Nannetensem,

410 2952 455 2994 et
473 2949 528 2993 R.
554 2947 613 2992 D.
635 2943 903 2990 Johannem
925 2941 1203 3004 episcopum
1232 2942 1624 2991 Dunelmensem.

409 3027 662 3077 Dominica
687 3028 743 3072 12
772 3024 950 3071 mensis
974 3024 1277 3087 septembris,
1303 3026 1525 3072 omnibus
1546 3042 1632 3089 pro
1655 3023 1965 3073 coronatione
1987 3039 2109 3087 pon-

346 3108 765 3167 tificis-ordinatiS,
803 3108 885 3155 SS.
923 3109 980 3153 D.
1018 3109 1073 3155 N.
1110 3106 1416 3153 Innocentius
1451 3123 1576 3169 papa
1605 3109 1711 3156 VIII
1748 3106 1941 3163 amictu,
1980 3106 2103 3164 alba,

347 3194 549 3257 singulo,
578 3191 720 3250 stola,
757 3188 971 3253 pluviali,
1008 3187 1166 3236 rubeis
1197 3191 1244 3235 et
1276 3188 1416 3236 mitra
1446 3189 1691 3252 pretiosis,
1722 3187 2023 3236 descendens
2051 3188 2110 3235 de

345 3276 518 3338 palatio
547 3275 607 3322 ad
628 3272 874 3321 basilicam
904 3288 943 3318 S.
979 3271 1106 3319 Petri
1132 3272 1219 3319 sub
1246 3271 1549 3331 baldachino,
1581 3273 1707 3334 quod
1736 3289 1823 3335 per
1853 3272 2110 3320 nobiliores

346 3358 475 3405 curie
496 3361 544 3405 et
561 3361 774 3404 oratores
794 3355 1090 3419 portabatur,
1113 3355 1401 3418 precedente
1429 3371 1591 3414 cruce,
1615 3359 1663 3403 et
1688 3360 1797 3419 post
1822 3371 1928 3403 eam
1956 3354 2111 3402 cardi-

343 3440 529 3487 nalibus
547 3440 595 3486 in
617 3454 785 3487 eorum
806 3439 969 3502 cappis
994 3443 1042 3486 et
1062 3438 1257 3501 prelatis
1285 3438 1430 3486 etiam
1452 3438 1501 3486 in
1529 3438 1624 3486 suis
1646 3438 1810 3502 cappis
1830 3436 2110 3502 pontificem
