2262 3958
289 331 358 365 2472
893 327 1125 362 JoHANNiS
1159 326 1451 371 BURCHARDI,
1833 330 1939 374 [Avril
1963 328 2056 375 1492]

980 423 1065 471 Ex
1095 424 1184 471 alio
1207 423 1357 471 libro:
1405 443 1407 448 r

357 509 643 557 Benedictus
673 510 794 566 Xlll,
836 523 961 555 anno
1000 507 1231 570 vigesimo
1266 506 1336 554 sui
1363 506 1684 570 pontificatus,
1715 525 1840 558 anno
1869 509 2057 559 Domini

290 593 609 640 MCCCCXIIII
638 590 685 637 in
716 590 916 638 Morella
936 590 995 638 ad
1017 589 1421 653 supplicationem
1441 590 1566 653 regis
1591 593 1865 655 Aragonum
1886 593 1967 656 qui
1993 592 2057 640 ibi

288 680 406 734 erat,
431 673 787 738 possessionem
823 673 1062 736 publicam
1098 672 1227 720 fecit.
1266 675 1318 720 In
1346 673 1491 721 missa
1512 673 1749 723 audienda
1767 675 1860 724 hoc
1882 675 2049 724 ordine

290 758 480 805 fuerunt
504 773 514 805 :
539 756 694 820 primo
734 756 782 803 in
811 756 1018 819 quodam
1054 771 1250 804 scamno
1288 756 1485 805 sedebat
1517 757 1771 821 episcopus
1805 758 2057 807 cardinalis

293 856 431 899 unus,
451 839 529 903 qui
552 839 679 888 solus
696 844 808 887 tunc
831 842 932 887 erat
954 838 1001 886 in
1024 838 1171 898 curia,
1198 854 1280 887 rex
1301 839 1473 888 deinde
1492 844 1593 888 erat
1609 841 1745 903 juxta
1767 856 1893 899 eum,
1918 841 2058 889 tertio

292 924 422 987 prior
441 923 847 987 presbyterorum,
885 927 1053 985 quarto
1085 922 1430 986 primogenitus
1459 923 1602 987 regis,
1629 924 1795 987 quinto
1825 927 1871 973 et
1891 923 2058 972 ultimo

293 1006 410 1054 alius
430 1006 682 1071 presbyter
698 1005 976 1064 cardinalis;
1002 1005 1050 1052 in
1072 1004 1284 1053 secundo
1298 1020 1493 1053 scamno
1512 1006 1692 1069 primus
1713 1005 1844 1069 prior
1861 1004 2055 1054 sedebat

294 1091 625 1149 diaconorum,
652 1089 864 1137 secundo
889 1089 1008 1137 alius
1031 1087 1156 1135 filius
1178 1088 1321 1151 regiS‚
1344 1103 1507 1136 comes
1535 1088 1887 1151 Empuriarum,
1917 1087 2058 1138 tertio

295 1172 413 1220 alius
435 1172 664 1219 diaconus
687 1170 957 1219 cardinalis.

359 1253 496 1301 Feria
510 1257 693 1316 quarta,
720 1255 778 1300 25
814 1252 992 1315 aprilis,
1024 1252 1147 1299 festo
1170 1268 1208 1299 s.
1233 1252 1400 1311 Marci,
1424 1253 1728 1315 quamplures
1757 1253 1922 1303 RRmi.
1956 1257 2056 1303 DD.

294 1336 577 1395 cardinaleS,
619 1335 840 1383 videlicet
888 1335 1330 1393 vicecancellarius,
1373 1351 1412 1383 s.
1456 1335 1732 1394 Clementis,
1779 1336 2060 1396 Aleriensis,

295 1436 333 1467 s.
355 1417 623 1477 Anastasie,
656 1417 900 1475 SenensiS,
937 1417 995 1464 de
1027 1417 1246 1476 Sabellis,
1280 1418 1511 1466 Ascanius
1534 1422 1582 1466 et
1602 1418 1855 1467 Januensis
1876 1434 1932 1467 ac
1960 1419 2064 1482 qui-

295 1503 404 1550 dam
423 1501 500 1549 alii
519 1500 783 1549 cardinales
803 1505 1037 1548 venerunt
1058 1500 1118 1548 ad
1138 1500 1412 1559 ecclesiam,
1437 1501 1517 1548 ubi
1536 1503 1701 1549 RmuS.
1728 1504 1784 1549 D.
1811 1501 2066 1550 cardinalis

298 1588 660 1633 Beneventanus
701 1583 918 1647 ejusdem
954 1583 1072 1630 tituli
1113 1584 1549 1632 commendatarius
1593 1584 1688 1632 hoc
1721 1584 1886 1634 ordine
1925 1585 2065 1633 solito

296 1668 510 1732 singulos
526 1667 707 1731 recepit
739 1684 748 1714 :
778 1667 906 1715 venit
928 1667 1071 1715 etiam
1094 1668 1152 1714 ad
1173 1667 1371 1715 missam
1403 1667 1499 1715 dux
1529 1667 1849 1716 Ferrariensis
1871 1667 1964 1728 cui,
1985 1683 2064 1716 me

297 1754 362 1801 ita
394 1752 648 1812 sentiente,
677 1766 775 1798 non
809 1750 937 1799 venit
963 1751 1149 1798 obviam
1177 1750 1419 1813 predictus
1453 1750 1707 1798 cardinalis
1745 1750 1823 1813 qui
1853 1749 1985 1799 stetit
2013 1750 2059 1798 in

296 1836 450 1884 banco
472 1835 782 1883 cardinalium
803 1838 913 1896 post
934 1834 1226 1882 cardinalem
1248 1834 1306 1883 de
1327 1835 1525 1883 Medicis
1547 1834 1767 1882 ultimum
1789 1834 2061 1892 diaconum,

297 1923 343 1966 et
364 1922 472 1982 post
500 1918 656 1981 ipsum
687 1916 977 1965 cardinalem
999 1918 1408 1976 Beneventanum,
1444 1917 1540 1964 dux
1556 1916 1815 1980 predictus.
1841 1918 1963 1965 Ante
1989 1916 2064 1964 in-

298 2001 603 2049 choationem
621 2000 880 2048 missenon
898 1999 1092 2047 fuerunt
1109 1999 1234 2047 dicte
1249 1999 1430 2059 litanie,
1448 2015 1525 2048 me
1543 2000 1795 2048 ordinante
1815 2015 1824 2047 :
1842 1999 2065 2048 dicuntur

296 2085 456 2132 litanie
490 2084 600 2148 quia
621 2099 847 2131 accessus
872 2082 1111 2146 pontificis
1132 2083 1190 2131 de
1212 2083 1387 2145 palatio
1411 2099 1495 2131 suo
1517 2083 1577 2131 ad
1599 2082 1852 2131 ecclesiam
1875 2081 2065 2146 predic-

297 2174 393 2216 tam
420 2167 626 2215 habetur
652 2167 759 2215 loco
793 2166 1117 2230 processionis
1140 2173 1186 2214 et
1213 2171 1468 2231 propterea
1504 2170 1613 2215 tunc
1639 2164 1931 2238 litanieldici
1953 2179 2067 2213 con-

300 2254 575 2299 sueverunt.
618 2250 814 2298 Missam
854 2249 1110 2298 celebravit
1149 2253 1204 2297 R.
1231 2253 1283 2298 P.
1315 2253 1372 2298 D.
1405 2250 1625 2299 Matheus
1661 2249 1777 2298 Cibo
1810 2247 2064 2313 episcopus

299 2333 614 2383 viterbiensis
636 2332 684 2379 in
713 2332 1005 2395 paramentis
1034 2333 1218 2392 rubeis3
1253 2334 1369 2382 dixit
1397 2333 1727 2382 tantummodo
1755 2332 2022 2380 orationem
2053 2350 2062 2379 ε
2089 2344 2091 2347 ·

305 2417 464 2465 Gloria
497 2417 546 2463 in
579 2415 788 2474 excelsae,
810 2414 955 2462 Credo
974 2418 1019 2462 et
1038 2414 1358 2478 prefationem
1379 2415 1437 2463 de
1455 2415 1713 2479 Apostolis,
1738 2430 1794 2462 ac
1819 2414 1912 2462 alia
1930 2429 2065 2462 more

302 2501 456 2548 solito.
481 2503 624 2547 Facta
646 2499 910 2547 elevatione
932 2499 1240 2557 sacramenti,
1266 2499 1391 2546 venit
1412 2499 1568 2547 clerus
1589 2515 1699 2548 cum
1720 2498 1908 2546 clericis
1922 2497 2068 2546 bene-

302 2582 471 2632 ficiatis
502 2587 550 2629 et
580 2581 823 2630 canonicis
854 2597 895 2629 s.
927 2580 1080 2640 Petri;
1105 2580 1296 2639 deinde,
1321 2580 1445 2630 facta
1474 2581 1816 2630 communione
1837 2595 1924 2645 per
1943 2580 2068 2629 cele-

303 2668 541 2725 brantem,
558 2665 750 2727 incepta
764 2667 836 2712 est
857 2668 903 2711 et
919 2663 1194 2712 continuata
1210 2665 1456 2729 processio
1479 2665 1734 2724 ordinaria,
1749 2662 2067 2712 cardinalibus

304 2735 912 2812 ibidem”permanentibus
948 2763 1097 2810 usque
1137 2747 1198 2795 ad
1233 2747 1380 2796 finem
1418 2749 1758 2812 processionis.
1811 2747 2068 2797 Celebrans

304 2832 488 2896 accepit
519 2835 800 2896 paramenta
838 2830 886 2877 in
926 2816 1187 2879 faldistorio
1219 2832 1355 2894 juxta
1390 2832 1562 2892 altare3
1588 2833 1689 2893 sed,
1735 2831 1868 2880 finita
1901 2830 2065 2889 missa,

304 2919 495 2979 paratus
524 2915 603 2962 ivit
623 2914 682 2962 ad
704 2913 970 2962 sacristiam
994 2918 1191 2978 propter
1211 2916 1571 2979 processionem
1599 2921 1647 2964 et
1673 2915 1756 2975 ibi,
1779 2913 2069 2978 paramentis

306 2999 551 3063 depositis,
573 3013 789 3046 reversus
812 3002 883 3046 est
905 2997 966 3045 ad
985 2998 1189 3045 chorum
1211 3002 1258 3046 et
1284 3013 1446 3047 coram
1468 2999 1707 3047 cardinale
1733 3000 2068 3047 Beneventano

306 3082 586 3144 genuflexus
621 3082 724 3145 ejus
757 3096 954 3129 manum
985 3081 1226 3129 osculatus
1258 3085 1352 3140 est,
1386 3096 1483 3128 non
1524 3081 1625 3129 sine
1659 3096 1835 3144 magna
1866 3077 2069 3128 levitatis

305 3168 433 3212 nota.
460 3163 773 3212 Processione
795 3164 1097 3228 pertransita,
1124 3167 1287 3212 Rmus.
1312 3166 1369 3211 D.
1395 3165 1758 3212 Beneventanus
1777 3162 1874 3225 egit
1894 3160 2068 3225 gratias

301 3247 523 3295 omnibus
543 3247 861 3297 cardinalibus
881 3248 1059 3297 ibidem
1077 3247 1377 3311 presentibus
1399 3261 1533 3294 more
1553 3246 1691 3294 solito
1717 3263 1727 3294 z
1754 3250 1856 3295 tum
1874 3233 2065 3292 manse-

309 3335 414 3377 runt
436 3331 575 3378 simul
593 3331 888 3394 congregati,
905 3331 1080 3379 iterum
1101 3331 1160 3379 cle
1181 3330 1324 3379 modo
1343 3329 1631 3392 receptionis
1648 3333 1694 3377 et
1713 3329 1820 3377 loco
1841 3325 2067 3392 principis

305 3415 463 3474 (clapue
480 3415 625 3463 verba
643 3415 768 3462 inter
789 3430 838 3462 se
860 3414 1274 3473 habuerunt,nihil
1290 3417 1451 3461 tamen
1467 3413 1823 3460 concluserunt.
1850 3410 2058 3461 Fuerunt
