2262 3958
134 294 348 338 [Novembre
371 291 462 335 1486]
577 290 762 329 RERUM·
783 289 1088 329 URBANARUM
1122 287 1474 327 COMMENTARII.
1854 291 1924 328 219

133 391 338 442 absolvit
351 394 399 440 et
419 389 596 455 acolyti
610 389 657 437 in
681 387 1032 453 superpelliciis
1050 386 1386 436 ministrarunt
1410 386 1722 448 thuribulum,
1745 403 1920 452 aquam

133 479 352 527 sanctam
378 478 428 524 et
453 474 761 532 candelabra,
787 489 843 522 ac
865 472 958 521 alia
978 471 1140 521 omnia
1168 475 1278 520 sunt
1308 487 1443 519 more
1481 471 1622 521 solito
1644 473 1916 522 observata.

199 559 407 609 Sabbato
430 561 458 606 4
479 557 755 606 novembris
776 556 905 606 circa
935 557 1109 604 horam
1136 559 1192 604 16
1213 559 1458 619 portatum
1479 556 1568 605 fuit
1591 571 1768 622 corpus
1790 558 1918 606 bone

131 642 368 692 memorie
386 643 442 690 D.
468 643 597 689 Luce
621 639 738 688 Leni
769 637 976 699 romani,
1002 653 1194 687 camere
1217 638 1479 703 apostolice
1507 640 1672 689 clerici
1703 657 1759 690 ac
1789 641 1922 706 ipso-

132 741 242 776 rum
271 725 559 775 clericorum
595 722 784 782 decani,
815 721 895 785 qui
933 721 1041 769 heri
1078 721 1207 770 circa
1239 722 1412 770 horam
1446 740 1760 788 vesperorum
1794 725 1922 774 diem

133 810 306 861 clausit
336 814 624 869 extremum,
655 807 717 856 ἃᾶ
747 806 1005 856 ecclesiam
1038 807 1416 871 parrochialem,
1451 808 1548 856 hoc
1582 809 1751 858 ordine
1777 825 1787 858 :
1813 825 1927 858 con-

133 895 344 962 gregatis
364 894 414 945 in
435 892 645 943 ecclesia
669 890 962 957 parrochiali
993 908 1030 939 s.
1062 891 1247 940 Nicolai
1277 907 1429 956 prope
1458 891 1658 940 domum
1690 893 1750 940 de
1780 895 1925 942 Cesa-

133 980 250 1030 rinis
278 984 327 1028 et
345 993 496 1044 prope
518 977 649 1026 clero
677 980 724 1025 et
739 974 976 1038 religiosis
1005 974 1164 1034 Urbis,
1189 990 1244 1024 ac
1265 974 1743 1024 confraternitatibus
1764 975 1926 1024 Salva-

133 1064 251 1114 toris
271 1079 328 1112 ac
347 1059 747 1111 Annunciationis
768 1059 910 1108 beate
935 1058 1085 1108 Marie
1106 1058 1319 1123 virginis,
1338 1062 1574 1108 venerunt
1587 1059 1928 1123 processiona-

130 1148 241 1199 liter
271 1145 485 1211 religiosi
521 1149 571 1194 et
610 1144 770 1193 clerus
805 1159 892 1192 suo
930 1143 1117 1192 ordine.
1164 1142 1350 1192 Deinde
1381 1143 1649 1192 confratres
1688 1143 1927 1192 dictarum

133 1229 579 1283 confraternitatum
607 1230 846 1278 venerunt
871 1227 931 1276 de
959 1226 1169 1276 ecclesia
1200 1227 1418 1292 predicta
1438 1243 1589 1292 usque
1615 1232 1728 1277 ante
1750 1227 1927 1276 ostium

132 1317 306 1368 domus
334 1313 568 1374 defuncti,
602 1316 717 1362 tunc
753 1315 1141 1361 retrocesserunt
1166 1328 1333 1361 versus
1370 1312 1432 1361 ad
1458 1312 1717 1361 ecclesiam
1752 1311 1802 1360 in
1834 1328 1930 1376 qua

135 1398 344 1448 debebat
373 1395 566 1462 sepeliri
591 1413 602 1446 ε
627 1413 803 1462 corpus
835 1401 938 1447 erat
958 1397 1008 1445 in
1029 1397 1175 1445 domo
1197 1399 1251 1445 D.
1279 1397 1427 1456 Petri,
1451 1396 1611 1446 fratris
1642 1397 1733 1458 sui,
1756 1396 1805 1445 in
1835 1413 1930 1461 qua

135 1483 392 1534 defunctus
410 1487 500 1544 est,
526 1484 655 1548 quod
671 1485 924 1549 portarunt
944 1482 1004 1530 ad
1027 1481 1286 1531 ecclesiam
1314 1482 1582 1531 confratres
1605 1481 1929 1531 confraterni-

136 1566 248 1616 tatis
261 1567 510 1616 salvatoris
529 1584 539 1616 z
557 1567 711 1616 secuti
727 1569 839 1615 sunt
851 1566 1083 1630 lugubres
1097 1566 1382 1631 lugubribus
1394 1567 1567 1631 pannis
1580 1566 1752 1627 vestiti,
1771 1558 1929 1632 primo

136 1651 310 1715 singuli
330 1651 547 1716 singulos
570 1655 847 1715 sequentes,
871 1665 970 1699 non
998 1650 1098 1699 hini
1125 1650 1427 1711 incedenteS,
1454 1651 1670 1700 secundo
1691 1650 1926 1712 minores,

132 1735 228 1785 hoc
243 1739 318 1784 est
334 1735 514 1784 vilioris
533 1735 842 1795 conditioniS,
867 1734 1043 1784 deinde
1074 1735 1152 1783 alii
1185 1735 1279 1783 duo
1303 1735 1375 1783 sui
1397 1740 1600 1800 nepotes
1624 1740 1752 1785 etate
1772 1736 1932 1784 mino-

133 1835 229 1880 res,
250 1819 528 1884 quindecim
551 1819 625 1868 vel
658 1819 787 1868 circa
808 1819 954 1867 etiam
984 1835 1106 1867 unus
1128 1824 1238 1883 post
1258 1819 1425 1880 alium,
1451 1824 1624 1884 postea
1647 1820 1797 1869 frater
1817 1836 1931 1869 suus

134 1907 193 1954 D.
219 1907 390 1954 Petrus
411 1904 525 1954 civis
544 1904 697 1954 laicus
719 1919 949 1953 romanus
971 1903 1161 1952 medius
1194 1902 1320 1952 inter
1345 1903 1467 1952 duos
1496 1903 1746 1968 digniores
1771 1905 1933 1969 prela-

134 1993 232 2051 tos;
248 1993 358 2055 post
375 2005 506 2050 eum,
520 2005 694 2039 novem
707 1989 803 2038 sive
823 1989 996 2038 decem
1011 1988 1090 2037 alii
1106 1987 1178 2036 sui
1198 1992 1445 2052 parenteS‚
1467 1988 1645 2053 singuli
1667 1989 1797 2038 inter
1811 1990 1932 2038 duos

133 2074 365 2140 prelium,
383 2074 531 2123 medii
548 2079 712 2123 tamen
729 2074 809 2122 alii
830 2073 1003 2138 prelati
1019 2077 1068 2121 et
1081 2072 1247 2136 legati.
1263 2071 1507 2121 Defuncto
1523 2073 1653 2122 inter
1674 2072 1932 2122 ecclesiam

133 2163 343 2225 portatO,
364 2162 650 2208 manserunt
670 2163 805 2208 extra
825 2162 1015 2223 portam
1039 2157 1246 2205 ecclesie
1269 2172 1439 2206 omnes
1466 2157 1659 2221 lugubri
1687 2161 1735 2206 et
1758 2157 1930 2221 prelati

134 2259 192 2292 ac
228 2243 307 2292 alii
347 2247 624 2308 sequentes,
672 2247 720 2292 et
759 2243 851 2291 illis
883 2241 1234 2306 aliquantulum
1272 2256 1360 2306 per
1400 2241 1622 2290 ordinem
1668 2242 1927 2291 stantibuS.

135 2327 303 2376 Frater
321 2326 565 2376 Marianus
594 2326 654 2374 de
687 2326 905 2377 Viterbio
934 2326 1046 2376 fecit
1087 2341 1365 2375 sermonem
1394 2326 1444 2374 in
1471 2326 1667 2374 laudem
1693 2326 1926 2387 defuncti,

139 2414 189 2460 ut
211 2411 362 2460 moris
395 2414 486 2461 est.
512 2410 711 2460 Interim
744 2410 957 2475 religiosi
991 2414 1038 2460 et
1062 2410 1222 2459 clerus
1249 2410 1298 2458 in
1331 2410 1556 2471 ecclesia,
1591 2410 1758 2460 clauso
1781 2410 1924 2472 osti0,

137 2497 451 2545 cantaverunt
471 2493 688 2542 officium
709 2498 1016 2543 mortuorum
1039 2493 1087 2541 in
1108 2493 1391 2558 hujusmodi
1413 2494 1508 2543 diei
1530 2495 1742 2544 solitum.

205 2578 411 2637 Quidam
447 2594 678 2628 romanus
711 2579 954 2628 distribuit
987 2565 1214 2628 candelas
1243 2578 1305 2627 ad
1339 2578 1538 2628 modum
1575 2595 1718 2628 suum
1750 2596 1761 2628 z
1794 2579 1931 2628 finito

139 2663 305 2713 officio
326 2664 424 2712 sive
447 2679 693 2726 sermone,
718 2664 897 2715 funesti
926 2664 1152 2714 associati
1174 2665 1370 2714 fuerunt
1390 2664 1452 2712 ad
1472 2663 1673 2712 domum
1699 2666 1756 2712 D.
1783 2663 1929 2723 Petri,

140 2747 301 2797 fratris
336 2747 551 2797 defuncti
585 2752 633 2798 et
666 2749 835 2798 ordine
866 2765 962 2813 quo
1000 2753 1249 2810 venerant,
1286 2748 1367 2797 ubi
1394 2751 1506 2797 ante
1544 2747 1723 2796 ostium
1760 2748 1932 2797 domus

142 2831 337 2897 quidam
357 2832 546 2896 juvenis
577 2833 812 2882 scholaris
838 2834 978 2882 etatis
1000 2850 1085 2882 sue
1106 2833 1275 2898 viginti
1306 2836 1512 2897 quatuor
1544 2849 1784 2881 annorum
1819 2832 1934 2881 fecit

144 2915 290 2965 alium
308 2930 604 2977 sermonem,
639 2916 905 2965 astantibus
936 2916 1222 2981 lugubribus
1250 2920 1299 2965 et
1319 2916 1518 2980 prelatis
1547 2917 1721 2981 quibus
1754 2916 1932 2980 gratias

146 3001 244 3066 egit
263 3000 467 3066 pulchro
491 3000 624 3062 satiS,
659 3004 823 3050 tamen
848 3001 996 3064 longo
1032 3015 1278 3049 sermone.
1314 3001 1642 3050 Interfuerunt
1677 3003 1932 3065 presentes

145 3090 194 3135 et
211 3084 374 3134 clerici
396 3100 589 3134 camere
618 3085 881 3150 apostolice
914 3090 962 3135 et
990 3084 1170 3135 familie
1191 3084 1322 3135 circa
1341 3086 1555 3150 quinque
1572 3087 1646 3135 vel
1677 3101 1762 3134 sex
1783 3085 1935 3134 cardi-

97 3192 101 3198 ·
143 3169 327 3221 nulium
343 3173 390 3219 et
403 3169 574 3235 prelati
592 3170 929 3235 quamplures;
951 3174 999 3219 et
1019 3169 1252 3219 successit
1277 3169 1326 3218 in
1348 3169 1629 3219 clericatum
1651 3170 1798 3218 frater
1819 3185 1933 3218 suus

89 3258 116 3315 Q
142 3254 390 3321 predictus
413 3254 575 3303 senior
597 3253 749 3302 laicus
783 3269 1030 3302 romanus,
1070 3252 1280 3317 Exequie
1313 3254 1476 3303 habite
1501 3257 1613 3302 sunt
1635 3253 1684 3302 in
1706 3253 1930 3313 ecclesia,

144 3339 366 3398 sabbam,
401 3342 452 3386 11
479 3338 754 3388 novembris
780 3338 1037 3403 presentiS,
1063 3353 1198 3387 more
1223 3353 1443 3387 romanO.

147 3456 152 3460 >
209 3423 348 3473 Feria
370 3423 527 3482 tertia,
554 3427 580 3471 7
602 3421 785 3472 mensis
805 3423 1099 3483 novembriS,
1123 3423 1172 3471 in
1194 3423 1376 3486 majore
1399 3422 1584 3487 capella
1611 3421 1775 3485 palatii
1796 3437 1935 3487 apos-—
