<?xml version="1.0" encoding="UTF-8"?>
<!DOCTYPE html PUBLIC "-//W3C//DTD XHTML 1.0 Transitional//EN"
    "http://www.w3.org/TR/xhtml1/DTD/xhtml1-transitional.dtd">
<html xmlns="http://www.w3.org/1999/xhtml" xml:lang="en" lang="en">
 <head>
  <title>
</title>
<meta http-equiv="Content-Type" content="text/html;charset=utf-8" />
  <meta name='ocr-system' content='tesseract 3.04.00' />
  <meta name='ocr-capabilities' content='ocr_page ocr_carea ocr_par ocr_line ocrx_word'/>
</head>
<body>
  <div class='ocr_page' id='page_1' title='image "./diariumsivererum01burcuoft_0225.png"; bbox 0 0 2262 3958; ppageno 0'>
   <div class='ocr_carea' id='block_1_1' title="bbox 203 257 2000 303">
    <p class='ocr_par' dir='ltr' id='par_1_1' title="bbox 203 257 2000 303">
     <span class='ocr_line' id='line_1_1' title="bbox 203 257 2000 303; baseline 0 -6"><span class='ocrx_word' id='word_1_1' title='bbox 203 260 382 303; x_wconf 76' lang='lat' dir='ltr'>[octobre</span> <span class='ocrx_word' id='word_1_2' title='bbox 402 259 494 303; x_wconf 73' lang='lat'><strong>1486]</strong></span> <span class='ocrx_word' id='word_1_3' title='bbox 650 258 819 297; x_wconf 86' lang='lat' dir='ltr'>RERUM</span> <span class='ocrx_word' id='word_1_4' title='bbox 852 257 1158 297; x_wconf 72' lang='lat' dir='ltr'>URBANARUM</span> <span class='ocrx_word' id='word_1_5' title='bbox 1192 258 1546 299; x_wconf 83' lang='lat' dir='ltr'>COMMENTARII.</span> <span class='ocrx_word' id='word_1_6' title='bbox 1929 262 2000 298; x_wconf 79' lang='lat'>215</span> 
     </span>
    </p>
   </div>
   <div class='ocr_carea' id='block_1_2' title="bbox 195 363 2001 3467">
    <p class='ocr_par' dir='ltr' id='par_1_2' title="bbox 195 363 1999 1089">
     <span class='ocr_line' id='line_1_2' title="bbox 206 363 1999 430; baseline 0 -16"><span class='ocrx_word' id='word_1_7' title='bbox 206 364 391 430; x_wconf 88' lang='lat' dir='ltr'>capelle</span> <span class='ocrx_word' id='word_1_8' title='bbox 411 367 594 423; x_wconf 90' lang='lat' dir='ltr'>nostre,</span> <span class='ocrx_word' id='word_1_9' title='bbox 613 379 702 428; x_wconf 91' lang='lat' dir='ltr'>pro</span> <span class='ocrx_word' id='word_1_10' title='bbox 718 363 879 412; x_wconf 88' lang='lat' dir='ltr'>anima</span> <span class='ocrx_word' id='word_1_11' title='bbox 898 364 1026 412; x_wconf 91' lang='lat' dir='ltr'>bone</span> <span class='ocrx_word' id='word_1_12' title='bbox 1049 364 1284 413; x_wconf 79' lang='lat' dir='ltr'><strong>memorie</strong></span> <span class='ocrx_word' id='word_1_13' title='bbox 1307 364 1539 429; x_wconf 78' lang='lat' dir='ltr'>Stephani</span> <span class='ocrx_word' id='word_1_14' title='bbox 1564 364 1683 414; x_wconf 88' lang='lat' dir='ltr'>tituli</span> <span class='ocrx_word' id='word_1_15' title='bbox 1712 381 1750 413; x_wconf 89' lang='lat' dir='ltr'>s.</span> <span class='ocrx_word' id='word_1_16' title='bbox 1776 365 1926 414; x_wconf 87' lang='lat' dir='ltr'>Marie</span> <span class='ocrx_word' id='word_1_17' title='bbox 1949 365 1999 414; x_wconf 89' lang='lat' dir='ltr'>in</span> 
     </span>
     <span class='ocr_line' id='line_1_3' title="bbox 203 448 1990 514; baseline -0.001 -15"><span class='ocrx_word' id='word_1_18' title='bbox 203 449 549 500; x_wconf 79' lang='lat' dir='ltr'>Transtiberim</span> <span class='ocrx_word' id='word_1_19' title='bbox 578 448 849 514; x_wconf 79' lang='lat' dir='ltr'>presbyteri</span> <span class='ocrx_word' id='word_1_20' title='bbox 883 448 1137 497; x_wconf 89' lang='lat' dir='ltr'>cardinalis</span> <span class='ocrx_word' id='word_1_21' title='bbox 1170 449 1545 498; x_wconf 87' lang='lat' dir='ltr'>Mediolanensis</span> <span class='ocrx_word' id='word_1_22' title='bbox 1576 449 1836 514; x_wconf 80' lang='lat' dir='ltr'>vulgariter</span> <span class='ocrx_word' id='word_1_23' title='bbox 1865 465 1990 498; x_wconf 92' lang='lat' dir='ltr'>nun-</span> 
     </span>
     <span class='ocr_line' id='line_1_4' title="bbox 199 532 1992 599; baseline 0 -16"><span class='ocrx_word' id='word_1_24' title='bbox 199 533 378 598; x_wconf 87' lang='lat' dir='ltr'>cupati,</span> <span class='ocrx_word' id='word_1_25' title='bbox 423 535 552 599; x_wconf 88' lang='lat' dir='ltr'>Papa</span> <span class='ocrx_word' id='word_1_26' title='bbox 595 538 643 582; x_wconf 89' lang='lat' dir='ltr'>et</span> <span class='ocrx_word' id='word_1_27' title='bbox 673 533 896 582; x_wconf 88' lang='lat' dir='ltr'>omnibus</span> <span class='ocrx_word' id='word_1_28' title='bbox 933 532 1256 581; x_wconf 79' lang='lat' dir='ltr'>cardinalibus</span> <span class='ocrx_word' id='word_1_29' title='bbox 1292 534 1592 594; x_wconf 82' lang='lat' dir='ltr'>absentibuS,</span> <span class='ocrx_word' id='word_1_30' title='bbox 1635 538 1840 598; x_wconf 87' lang='lat' dir='ltr'>excepto</span> <span class='ocrx_word' id='word_1_31' title='bbox 1890 537 1992 583; x_wconf 84' lang='lat' dir='ltr'>tan-</span> 
     </span>
     <span class='ocr_line' id='line_1_5' title="bbox 196 616 1990 681; baseline -0.001 -15"><span class='ocrx_word' id='word_1_32' title='bbox 196 621 300 667; x_wconf 86' lang='lat' dir='ltr'>tum</span> <span class='ocrx_word' id='word_1_33' title='bbox 337 621 476 668; x_wconf 88' lang='lat' dir='ltr'>Rmo.</span> <span class='ocrx_word' id='word_1_34' title='bbox 515 620 569 667; x_wconf 90' lang='lat' dir='ltr'>D.</span> <span class='ocrx_word' id='word_1_35' title='bbox 598 618 819 666; x_wconf 88' lang='lat' dir='ltr'>Johanne</span> <span class='ocrx_word' id='word_1_36' title='bbox 857 616 1166 666; x_wconf 90' lang='lat' dir='ltr'>Arcimboldo</span> <span class='ocrx_word' id='word_1_37' title='bbox 1206 616 1449 666; x_wconf 78' lang='lat' dir='ltr'>cardinale</span> <span class='ocrx_word' id='word_1_38' title='bbox 1491 618 1571 681; x_wconf 91' lang='lat' dir='ltr'>qui</span> <span class='ocrx_word' id='word_1_39' title='bbox 1610 617 1829 667; x_wconf 82' lang='lat' dir='ltr'>interfuit</span> <span class='ocrx_word' id='word_1_40' title='bbox 1859 617 1990 666; x_wconf 88' lang='lat' dir='ltr'>solus</span> 
     </span>
     <span class='ocr_line' id='line_1_6' title="bbox 198 700 1986 766; baseline -0.002 -14"><span class='ocrx_word' id='word_1_41' title='bbox 198 718 295 752; x_wconf 88' lang='lat' dir='ltr'>una</span> <span class='ocrx_word' id='word_1_42' title='bbox 330 718 444 752; x_wconf 91' lang='lat' dir='ltr'>cum</span> <span class='ocrx_word' id='word_1_43' title='bbox 486 700 860 761; x_wconf 90' lang='lat' dir='ltr'>Interamnensi,</span> <span class='ocrx_word' id='word_1_44' title='bbox 910 701 1223 763; x_wconf 80' lang='lat' dir='ltr'>pergamensi</span> <span class='ocrx_word' id='word_1_45' title='bbox 1262 705 1312 749; x_wconf 90' lang='lat' dir='ltr'>et</span> <span class='ocrx_word' id='word_1_46' title='bbox 1347 701 1674 751; x_wconf 85' lang='lat' dir='ltr'>Alexandrino</span> <span class='ocrx_word' id='word_1_47' title='bbox 1715 701 1986 766; x_wconf 75' lang='lat' dir='ltr'>episcopis,</span> 
     </span>
     <span class='ocr_line' id='line_1_7' title="bbox 195 784 1985 851; baseline -0.001 -15"><span class='ocrx_word' id='word_1_48' title='bbox 195 787 370 836; x_wconf 80' lang='lat' dir='ltr'>abbate</span> <span class='ocrx_word' id='word_1_49' title='bbox 408 803 450 837; x_wconf 84' lang='lat' dir='ltr'>S.</span> <span class='ocrx_word' id='word_1_50' title='bbox 483 786 771 847; x_wconf 74' lang='lat' dir='ltr'>Sebastiani,</span> <span class='ocrx_word' id='word_1_51' title='bbox 811 787 868 833; x_wconf 91' lang='lat' dir='ltr'>D.</span> <span class='ocrx_word' id='word_1_52' title='bbox 911 787 1114 848; x_wconf 90' lang='lat' dir='ltr'>Hugone</span> <span class='ocrx_word' id='word_1_53' title='bbox 1148 784 1328 832; x_wconf 86' lang='lat' dir='ltr'>Bencio</span> <span class='ocrx_word' id='word_1_54' title='bbox 1367 785 1662 834; x_wconf 87' lang='lat' dir='ltr'>subdiacono</span> <span class='ocrx_word' id='word_1_55' title='bbox 1700 786 1985 851; x_wconf 83' lang='lat' dir='ltr'>apostolicO,</span> 
     </span>
     <span class='ocr_line' id='line_1_8' title="bbox 198 868 1989 936; baseline -0.002 -15"><span class='ocrx_word' id='word_1_56' title='bbox 198 871 376 921; x_wconf 85' lang='lat' dir='ltr'>Alvisio</span> <span class='ocrx_word' id='word_1_57' title='bbox 412 871 573 921; x_wconf 91' lang='lat' dir='ltr'>Thora</span> <span class='ocrx_word' id='word_1_58' title='bbox 611 870 856 936; x_wconf 85' lang='lat' dir='ltr'>acolytho,</span> <span class='ocrx_word' id='word_1_59' title='bbox 894 869 1082 917; x_wconf 90' lang='lat' dir='ltr'>duobus</span> <span class='ocrx_word' id='word_1_60' title='bbox 1125 868 1432 917; x_wconf 83' lang='lat' dir='ltr'>cubiculariis</span> <span class='ocrx_word' id='word_1_61' title='bbox 1470 874 1517 917; x_wconf 91' lang='lat' dir='ltr'>et</span> <span class='ocrx_word' id='word_1_62' title='bbox 1547 870 1712 934; x_wconf 90' lang='lat' dir='ltr'>paucis</span> <span class='ocrx_word' id='word_1_63' title='bbox 1751 871 1989 918; x_wconf 85' lang='lat' dir='ltr'>scutiferis</span> 
     </span>
     <span class='ocr_line' id='line_1_9' title="bbox 196 952 1989 1021; baseline -0.003 -15"><span class='ocrx_word' id='word_1_64' title='bbox 196 959 344 1021; x_wconf 88' lang='lat' dir='ltr'>Pape.</span> <span class='ocrx_word' id='word_1_65' title='bbox 389 957 503 1004; x_wconf 87' lang='lat' dir='ltr'>Post</span> <span class='ocrx_word' id='word_1_66' title='bbox 535 954 754 1014; x_wconf 92' lang='lat' dir='ltr'>missam,</span> <span class='ocrx_word' id='word_1_67' title='bbox 791 954 1041 1003; x_wconf 90' lang='lat' dir='ltr'>celebrans</span> <span class='ocrx_word' id='word_1_68' title='bbox 1075 953 1191 1002; x_wconf 87' lang='lat' dir='ltr'>fecit</span> <span class='ocrx_word' id='word_1_69' title='bbox 1230 952 1609 1013; x_wconf 81' lang='lat' dir='ltr'>absolutionem3</span> <span class='ocrx_word' id='word_1_70' title='bbox 1650 957 1697 1002; x_wconf 90' lang='lat' dir='ltr'>et</span> <span class='ocrx_word' id='word_1_71' title='bbox 1730 954 1822 1002; x_wconf 90' lang='lat' dir='ltr'>alia</span> <span class='ocrx_word' id='word_1_72' title='bbox 1853 969 1989 1001; x_wconf 90' lang='lat' dir='ltr'>more</span> 
     </span>
     <span class='ocr_line' id='line_1_10' title="bbox 198 1038 856 1089; baseline -0.005 -1"><span class='ocrx_word' id='word_1_73' title='bbox 198 1043 434 1089; x_wconf 91' lang='lat' dir='ltr'>consueto</span> <span class='ocrx_word' id='word_1_74' title='bbox 454 1043 564 1088; x_wconf 90' lang='lat' dir='ltr'>sunt</span> <span class='ocrx_word' id='word_1_75' title='bbox 585 1038 856 1087; x_wconf 89' lang='lat' dir='ltr'>observata.</span> 
     </span>
    </p>

    <p class='ocr_par' dir='ltr' id='par_1_3' title="bbox 197 1121 1996 1678">
     <span class='ocr_line' id='line_1_11' title="bbox 262 1121 1991 1182; baseline -0.003 -9"><span class='ocrx_word' id='word_1_76' title='bbox 262 1123 444 1174; x_wconf 91' lang='lat' dir='ltr'>Eadem</span> <span class='ocrx_word' id='word_1_77' title='bbox 471 1123 567 1182; x_wconf 90' lang='lat' dir='ltr'>die,</span> <span class='ocrx_word' id='word_1_78' title='bbox 592 1122 723 1171; x_wconf 88' lang='lat' dir='ltr'>circa</span> <span class='ocrx_word' id='word_1_79' title='bbox 742 1122 916 1170; x_wconf 87' lang='lat' dir='ltr'>horam</span> <span class='ocrx_word' id='word_1_80' title='bbox 937 1136 1057 1181; x_wconf 77' lang='lat' dir='ltr'>xxii,</span> <span class='ocrx_word' id='word_1_81' title='bbox 1080 1124 1315 1169; x_wconf 87' lang='lat' dir='ltr'>venerunt</span> <span class='ocrx_word' id='word_1_82' title='bbox 1342 1121 1402 1169; x_wconf 90' lang='lat' dir='ltr'>ad</span> <span class='ocrx_word' id='word_1_83' title='bbox 1426 1122 1607 1170; x_wconf 90' lang='lat' dir='ltr'>Urbem</span> <span class='ocrx_word' id='word_1_84' title='bbox 1635 1123 1692 1170; x_wconf 88' lang='lat' dir='ltr'>D.</span> <span class='ocrx_word' id='word_1_85' title='bbox 1726 1121 1917 1170; x_wconf 86' lang='lat' dir='ltr'>Branda</span> <span class='ocrx_word' id='word_1_86' title='bbox 1931 1121 1991 1169; x_wconf 90' lang='lat' dir='ltr'>de</span> 
     </span>
     <span class='ocr_line' id='line_1_12' title="bbox 198 1206 1990 1273; baseline -0.001 -16"><span class='ocrx_word' id='word_1_87' title='bbox 198 1207 490 1273; x_wconf 77' lang='lat' dir='ltr'>castiglione</span> <span class='ocrx_word' id='word_1_88' title='bbox 527 1207 788 1272; x_wconf 88' lang='lat' dir='ltr'>episcopus</span> <span class='ocrx_word' id='word_1_89' title='bbox 830 1208 1088 1267; x_wconf 79' lang='lat' dir='ltr'>CumanuS,</span> <span class='ocrx_word' id='word_1_90' title='bbox 1133 1206 1342 1254; x_wconf 88' lang='lat' dir='ltr'>Jacobus</span> <span class='ocrx_word' id='word_1_91' title='bbox 1374 1206 1433 1254; x_wconf 93' lang='lat' dir='ltr'>de</span> <span class='ocrx_word' id='word_1_92' title='bbox 1466 1206 1693 1255; x_wconf 85' lang='lat' dir='ltr'>Trivultio</span> <span class='ocrx_word' id='word_1_93' title='bbox 1727 1210 1774 1255; x_wconf 92' lang='lat' dir='ltr'>et</span> <span class='ocrx_word' id='word_1_94' title='bbox 1810 1208 1990 1256; x_wconf 85' lang='lat' dir='ltr'>Gnidus</span> 
     </span>
     <span class='ocr_line' id='line_1_13' title="bbox 197 1290 1986 1353; baseline -0.002 -9"><span class='ocrx_word' id='word_1_95' title='bbox 197 1290 438 1344; x_wconf 75' lang='lat' dir='ltr'>Antonius</span> <span class='ocrx_word' id='word_1_96' title='bbox 489 1291 854 1353; x_wconf 90' lang='lat' dir='ltr'>Arcimboldus,</span> <span class='ocrx_word' id='word_1_97' title='bbox 904 1295 1119 1340; x_wconf 91' lang='lat' dir='ltr'>oratores</span> <span class='ocrx_word' id='word_1_98' title='bbox 1167 1290 1477 1338; x_wconf 83' lang='lat' dir='ltr'>illustrissimi</span> <span class='ocrx_word' id='word_1_99' title='bbox 1524 1290 1662 1339; x_wconf 89' lang='lat' dir='ltr'>ducis</span> <span class='ocrx_word' id='word_1_100' title='bbox 1708 1292 1986 1352; x_wconf 87' lang='lat' dir='ltr'>Mediolani,</span> 
     </span>
     <span class='ocr_line' id='line_1_14' title="bbox 199 1374 1996 1441; baseline 0.001 -17"><span class='ocrx_word' id='word_1_101' title='bbox 199 1375 396 1441; x_wconf 90' lang='lat' dir='ltr'>quibus,</span> <span class='ocrx_word' id='word_1_102' title='bbox 420 1375 482 1424; x_wconf 89' lang='lat' dir='ltr'>ad</span> <span class='ocrx_word' id='word_1_103' title='bbox 501 1375 780 1424; x_wconf 84' lang='lat' dir='ltr'>instantiam</span> <span class='ocrx_word' id='word_1_104' title='bbox 805 1379 851 1424; x_wconf 92' lang='lat' dir='ltr'>et</span> <span class='ocrx_word' id='word_1_105' title='bbox 877 1390 1048 1439; x_wconf 88' lang='lat' dir='ltr'>preces</span> <span class='ocrx_word' id='word_1_106' title='bbox 1076 1374 1202 1422; x_wconf 88' lang='lat' dir='ltr'>Rmi.</span> <span class='ocrx_word' id='word_1_107' title='bbox 1240 1376 1299 1422; x_wconf 91' lang='lat' dir='ltr'>D.</span> <span class='ocrx_word' id='word_1_108' title='bbox 1332 1374 1588 1423; x_wconf 89' lang='lat' dir='ltr'>cardinalis</span> <span class='ocrx_word' id='word_1_109' title='bbox 1614 1376 1826 1437; x_wconf 89' lang='lat' dir='ltr'>Ascanii,</span> <span class='ocrx_word' id='word_1_110' title='bbox 1854 1393 1996 1425; x_wconf 88' lang='lat' dir='ltr'>vene-</span> 
     </span>
     <span class='ocr_line' id='line_1_15' title="bbox 203 1457 1991 1525; baseline 0 -17"><span class='ocrx_word' id='word_1_111' title='bbox 203 1462 316 1509; x_wconf 81' lang='lat' dir='ltr'>runt</span> <span class='ocrx_word' id='word_1_112' title='bbox 329 1459 519 1509; x_wconf 89' lang='lat' dir='ltr'>obviam</span> <span class='ocrx_word' id='word_1_113' title='bbox 534 1459 710 1524; x_wconf 89' lang='lat' dir='ltr'>alique,</span> <span class='ocrx_word' id='word_1_114' title='bbox 727 1475 880 1525; x_wconf 90' lang='lat' dir='ltr'>pauce</span> <span class='ocrx_word' id='word_1_115' title='bbox 894 1464 1075 1518; x_wconf 91' lang='lat' dir='ltr'>tamen,</span> <span class='ocrx_word' id='word_1_116' title='bbox 1093 1457 1271 1506; x_wconf 87' lang='lat' dir='ltr'>familie</span> <span class='ocrx_word' id='word_1_117' title='bbox 1287 1457 1560 1521; x_wconf 90' lang='lat' dir='ltr'>aliquorum</span> <span class='ocrx_word' id='word_1_118' title='bbox 1575 1460 1868 1507; x_wconf 89' lang='lat' dir='ltr'>RRmorum.</span> <span class='ocrx_word' id='word_1_119' title='bbox 1888 1461 1991 1508; x_wconf 89' lang='lat' dir='ltr'>DD.</span> 
     </span>
     <span class='ocr_line' id='line_1_16' title="bbox 204 1541 1995 1609; baseline -0.002 -17"><span class='ocrx_word' id='word_1_120' title='bbox 204 1543 520 1593; x_wconf 84' lang='lat' dir='ltr'>cardinalium</span> <span class='ocrx_word' id='word_1_121' title='bbox 549 1560 640 1609; x_wconf 92' lang='lat' dir='ltr'>que</span> <span class='ocrx_word' id='word_1_122' title='bbox 667 1560 819 1609; x_wconf 90' lang='lat' dir='ltr'>usque</span> <span class='ocrx_word' id='word_1_123' title='bbox 847 1544 909 1592; x_wconf 92' lang='lat' dir='ltr'>ad</span> <span class='ocrx_word' id='word_1_124' title='bbox 934 1543 1197 1607; x_wconf 90' lang='lat' dir='ltr'>hospitium</span> <span class='ocrx_word' id='word_1_125' title='bbox 1225 1557 1393 1591; x_wconf 88' lang='lat' dir='ltr'>eorum</span> <span class='ocrx_word' id='word_1_126' title='bbox 1419 1558 1554 1591; x_wconf 91' lang='lat' dir='ltr'>more</span> <span class='ocrx_word' id='word_1_127' title='bbox 1585 1541 1726 1591; x_wconf 90' lang='lat' dir='ltr'>solito</span> <span class='ocrx_word' id='word_1_128' title='bbox 1750 1557 1834 1590; x_wconf 91' lang='lat' dir='ltr'>eos</span> <span class='ocrx_word' id='word_1_129' title='bbox 1858 1557 1995 1590; x_wconf 87' lang='lat' dir='ltr'>asso-</span> 
     </span>
     <span class='ocr_line' id='line_1_17' title="bbox 205 1624 411 1678; baseline 0 -2"><span class='ocrx_word' id='word_1_130' title='bbox 205 1624 411 1678; x_wconf 63' lang='lat' dir='ltr'>ciaruntss</span> 
     </span>
    </p>

    <p class='ocr_par' dir='ltr' id='par_1_4' title="bbox 201 1711 1998 2268">
     <span class='ocr_line' id='line_1_18' title="bbox 271 1711 1990 1777; baseline -0.001 -15"><span class='ocrx_word' id='word_1_131' title='bbox 271 1713 412 1763; x_wconf 86' lang='lat' dir='ltr'>Feria</span> <span class='ocrx_word' id='word_1_132' title='bbox 431 1717 618 1777; x_wconf 89' lang='lat' dir='ltr'>quarta,</span> <span class='ocrx_word' id='word_1_133' title='bbox 643 1713 718 1761; x_wconf 92' lang='lat' dir='ltr'>die</span> <span class='ocrx_word' id='word_1_134' title='bbox 744 1716 771 1759; x_wconf 79' lang='lat'><strong>4</strong></span> <span class='ocrx_word' id='word_1_135' title='bbox 792 1712 974 1760; x_wconf 90' lang='lat' dir='ltr'>mensis</span> <span class='ocrx_word' id='word_1_136' title='bbox 996 1711 1227 1771; x_wconf 87' lang='lat' dir='ltr'>octobris,</span> <span class='ocrx_word' id='word_1_137' title='bbox 1258 1711 1437 1759; x_wconf 89' lang='lat' dir='ltr'>festum</span> <span class='ocrx_word' id='word_1_138' title='bbox 1466 1729 1505 1760; x_wconf 92' lang='lat' dir='ltr'>s.</span> <span class='ocrx_word' id='word_1_139' title='bbox 1535 1713 1796 1773; x_wconf 91' lang='lat' dir='ltr'>Francisci,</span> <span class='ocrx_word' id='word_1_140' title='bbox 1823 1715 1907 1762; x_wconf 90' lang='lat' dir='ltr'>SS.</span> <span class='ocrx_word' id='word_1_141' title='bbox 1931 1716 1990 1762; x_wconf 91' lang='lat' dir='ltr'>D.</span> 
     </span>
     <span class='ocr_line' id='line_1_19' title="bbox 205 1796 1997 1861; baseline -0.002 -15"><span class='ocrx_word' id='word_1_142' title='bbox 205 1798 262 1846; x_wconf 89' lang='lat' dir='ltr'>N.</span> <span class='ocrx_word' id='word_1_143' title='bbox 283 1796 596 1846; x_wconf 85' lang='lat' dir='ltr'>Innocentius</span> <span class='ocrx_word' id='word_1_144' title='bbox 621 1799 750 1861; x_wconf 88' lang='lat' dir='ltr'>Papa</span> <span class='ocrx_word' id='word_1_145' title='bbox 774 1798 879 1847; x_wconf 84' lang='lat' dir='ltr'>VIII</span> <span class='ocrx_word' id='word_1_146' title='bbox 905 1797 955 1845; x_wconf 89' lang='lat' dir='ltr'>in</span> <span class='ocrx_word' id='word_1_147' title='bbox 979 1811 1122 1844; x_wconf 88' lang='lat' dir='ltr'>mane</span> <span class='ocrx_word' id='word_1_148' title='bbox 1140 1799 1335 1859; x_wconf 87' lang='lat' dir='ltr'>paratus</span> <span class='ocrx_word' id='word_1_149' title='bbox 1357 1796 1554 1857; x_wconf 87' lang='lat' dir='ltr'>amictn,</span> <span class='ocrx_word' id='word_1_150' title='bbox 1579 1797 1704 1858; x_wconf 90' lang='lat' dir='ltr'>alba,</span> <span class='ocrx_word' id='word_1_151' title='bbox 1730 1797 1923 1861; x_wconf 87' lang='lat' dir='ltr'>cingulo</span> <span class='ocrx_word' id='word_1_152' title='bbox 1947 1802 1997 1845; x_wconf 86' lang='lat' dir='ltr'>et</span> 
     </span>
     <span class='ocr_line' id='line_1_20' title="bbox 204 1874 1998 1946; baseline 0 -16"><span class='ocrx_word' id='word_1_153' title='bbox 204 1874 481 1941; x_wconf 49' lang='lat' dir='ltr'>stola&#39;alba,</span> <span class='ocrx_word' id='word_1_154' title='bbox 506 1881 746 1946; x_wconf 89' lang='lat' dir='ltr'>capellum</span> <span class='ocrx_word' id='word_1_155' title='bbox 768 1897 828 1930; x_wconf 87' lang='lat' dir='ltr'>ex</span> <span class='ocrx_word' id='word_1_156' title='bbox 855 1881 1011 1930; x_wconf 91' lang='lat' dir='ltr'>veluto</span> <span class='ocrx_word' id='word_1_157' title='bbox 1039 1879 1314 1929; x_wconf 91' lang='lat' dir='ltr'>cremesino</span> <span class='ocrx_word' id='word_1_158' title='bbox 1338 1881 1525 1930; x_wconf 90' lang='lat' dir='ltr'>habens</span> <span class='ocrx_word' id='word_1_159' title='bbox 1554 1881 1603 1929; x_wconf 92' lang='lat' dir='ltr'>in</span> <span class='ocrx_word' id='word_1_160' title='bbox 1631 1882 1806 1946; x_wconf 88' lang='lat' dir='ltr'>capite,</span> <span class='ocrx_word' id='word_1_161' title='bbox 1829 1899 1998 1946; x_wconf 77' lang='lat' dir='ltr'>prece-</span> 
     </span>
     <span class='ocr_line' id='line_1_21' title="bbox 201 1965 1996 2031; baseline 0.001 -17"><span class='ocrx_word' id='word_1_162' title='bbox 201 1965 345 2015; x_wconf 85' lang='lat' dir='ltr'>dente</span> <span class='ocrx_word' id='word_1_163' title='bbox 366 1965 525 2031; x_wconf 90' lang='lat' dir='ltr'>ipsum</span> <span class='ocrx_word' id='word_1_164' title='bbox 546 1981 691 2015; x_wconf 90' lang='lat' dir='ltr'>cruce</span> <span class='ocrx_word' id='word_1_165' title='bbox 704 1969 752 2015; x_wconf 86' lang='lat' dir='ltr'>et</span> <span class='ocrx_word' id='word_1_166' title='bbox 767 1966 1270 2031; x_wconf 87' lang='lat' dir='ltr'>cardinalibusipsum</span> <span class='ocrx_word' id='word_1_167' title='bbox 1292 1965 1624 2029; x_wconf 81' lang='lat' dir='ltr'>sequentibuS,</span> <span class='ocrx_word' id='word_1_168' title='bbox 1649 1983 1794 2031; x_wconf 87' lang='lat' dir='ltr'>supra</span> <span class='ocrx_word' id='word_1_169' title='bbox 1814 1967 1996 2015; x_wconf 88' lang='lat' dir='ltr'>mulam</span> 
     </span>
     <span class='ocr_line' id='line_1_22' title="bbox 201 2049 1991 2116; baseline -0.001 -17"><span class='ocrx_word' id='word_1_170' title='bbox 201 2050 430 2115; x_wconf 86' lang='lat' dir='ltr'>equitavit</span> <span class='ocrx_word' id='word_1_171' title='bbox 452 2067 540 2116; x_wconf 91' lang='lat' dir='ltr'>per</span> <span class='ocrx_word' id='word_1_172' title='bbox 556 2051 680 2099; x_wconf 87' lang='lat' dir='ltr'>viam</span> <span class='ocrx_word' id='word_1_173' title='bbox 701 2051 1095 2101; x_wconf 90' lang='lat' dir='ltr'>transtiberinam</span> <span class='ocrx_word' id='word_1_174' title='bbox 1116 2051 1177 2099; x_wconf 89' lang='lat' dir='ltr'>ad</span> <span class='ocrx_word' id='word_1_175' title='bbox 1198 2067 1238 2099; x_wconf 88' lang='lat' dir='ltr'>s.</span> <span class='ocrx_word' id='word_1_176' title='bbox 1258 2049 1570 2099; x_wconf 90' lang='lat' dir='ltr'>Franciscum</span> <span class='ocrx_word' id='word_1_177' title='bbox 1591 2050 1650 2099; x_wconf 92' lang='lat' dir='ltr'>de</span> <span class='ocrx_word' id='word_1_178' title='bbox 1670 2050 1991 2109; x_wconf 86' lang='lat' dir='ltr'>observantia,</span> 
     </span>
     <span class='ocr_line' id='line_1_23' title="bbox 202 2134 1992 2199; baseline -0.001 -16"><span class='ocrx_word' id='word_1_179' title='bbox 202 2149 282 2183; x_wconf 88' lang='lat' dir='ltr'>me</span> <span class='ocrx_word' id='word_1_180' title='bbox 309 2134 511 2183; x_wconf 90' lang='lat' dir='ltr'>absente</span> <span class='ocrx_word' id='word_1_181' title='bbox 539 2140 587 2183; x_wconf 91' lang='lat' dir='ltr'>et</span> <span class='ocrx_word' id='word_1_182' title='bbox 607 2134 657 2182; x_wconf 92' lang='lat' dir='ltr'>id</span> <span class='ocrx_word' id='word_1_183' title='bbox 681 2134 952 2199; x_wconf 83' lang='lat' dir='ltr'>ignorante.</span> <span class='ocrx_word' id='word_1_184' title='bbox 979 2139 1072 2184; x_wconf 90' lang='lat' dir='ltr'>Per</span> <span class='ocrx_word' id='word_1_185' title='bbox 1092 2135 1236 2184; x_wconf 88' lang='lat' dir='ltr'>aliam</span> <span class='ocrx_word' id='word_1_186' title='bbox 1262 2134 1387 2182; x_wconf 87' lang='lat' dir='ltr'>viam</span> <span class='ocrx_word' id='word_1_187' title='bbox 1410 2134 1546 2183; x_wconf 88' lang='lat' dir='ltr'>rediit</span> <span class='ocrx_word' id='word_1_188' title='bbox 1571 2135 1630 2182; x_wconf 91' lang='lat' dir='ltr'>ad</span> <span class='ocrx_word' id='word_1_189' title='bbox 1656 2134 1908 2199; x_wconf 87' lang='lat' dir='ltr'>palatium,</span> <span class='ocrx_word' id='word_1_190' title='bbox 1935 2137 1992 2184; x_wconf 89' lang='lat' dir='ltr'>D.</span> 
     </span>
     <span class='ocr_line' id='line_1_24' title="bbox 203 2218 1126 2268; baseline -0.001 0"><span class='ocrx_word' id='word_1_191' title='bbox 203 2218 424 2268; x_wconf 75' lang='lat' dir='ltr'>Iohanne</span> <span class='ocrx_word' id='word_1_192' title='bbox 442 2219 593 2268; x_wconf 90' lang='lat' dir='ltr'>Maria</span> <span class='ocrx_word' id='word_1_193' title='bbox 612 2219 706 2268; x_wconf 91' lang='lat' dir='ltr'>hoc</span> <span class='ocrx_word' id='word_1_194' title='bbox 728 2219 846 2267; x_wconf 89' lang='lat' dir='ltr'>mihi</span> <span class='ocrx_word' id='word_1_195' title='bbox 868 2219 1126 2268; x_wconf 87' lang='lat' dir='ltr'>referente.</span> 
     </span>
    </p>

    <p class='ocr_par' dir='ltr' id='par_1_5' title="bbox 204 2302 2001 3467">
     <span class='ocr_line' id='line_1_25' title="bbox 271 2302 1998 2370; baseline 0.001 -18"><span class='ocrx_word' id='word_1_196' title='bbox 271 2302 360 2352; x_wconf 90' lang='lat' dir='ltr'>Die</span> <span class='ocrx_word' id='word_1_197' title='bbox 393 2302 595 2364; x_wconf 89' lang='lat' dir='ltr'>sabbati,</span> <span class='ocrx_word' id='word_1_198' title='bbox 635 2308 659 2351; x_wconf 91' lang='lat'>7</span> <span class='ocrx_word' id='word_1_199' title='bbox 691 2303 873 2352; x_wconf 90' lang='lat' dir='ltr'>mensis</span> <span class='ocrx_word' id='word_1_200' title='bbox 919 2304 1148 2365; x_wconf 80' lang='lat' dir='ltr'>octobriS,</span> <span class='ocrx_word' id='word_1_201' title='bbox 1182 2305 1360 2368; x_wconf 88' lang='lat' dir='ltr'>paratis</span> <span class='ocrx_word' id='word_1_202' title='bbox 1397 2305 1622 2353; x_wconf 89' lang='lat' dir='ltr'>omnibus</span> <span class='ocrx_word' id='word_1_203' title='bbox 1657 2321 1716 2354; x_wconf 91' lang='lat' dir='ltr'>ex</span> <span class='ocrx_word' id='word_1_204' title='bbox 1741 2321 1877 2354; x_wconf 89' lang='lat' dir='ltr'>more</span> <span class='ocrx_word' id='word_1_205' title='bbox 1910 2321 1998 2370; x_wconf 89' lang='lat' dir='ltr'>pro</span> 
     </span>
     <span class='ocr_line' id='line_1_26' title="bbox 205 2387 1998 2452; baseline 0.002 -17"><span class='ocrx_word' id='word_1_206' title='bbox 205 2387 420 2452; x_wconf 82' lang='lat' dir='ltr'>exequiis</span> <span class='ocrx_word' id='word_1_207' title='bbox 454 2387 708 2436; x_wconf 89' lang='lat' dir='ltr'>ordinariis</span> <span class='ocrx_word' id='word_1_208' title='bbox 749 2388 992 2436; x_wconf 90' lang='lat' dir='ltr'>consuetis</span> <span class='ocrx_word' id='word_1_209' title='bbox 1031 2388 1079 2435; x_wconf 92' lang='lat' dir='ltr'>in</span> <span class='ocrx_word' id='word_1_210' title='bbox 1117 2388 1325 2437; x_wconf 85' lang='lat' dir='ltr'>ecclesia</span> <span class='ocrx_word' id='word_1_211' title='bbox 1356 2390 1497 2438; x_wconf 88' lang='lat' dir='ltr'>beate</span> <span class='ocrx_word' id='word_1_212' title='bbox 1530 2390 1679 2438; x_wconf 91' lang='lat' dir='ltr'>Marie</span> <span class='ocrx_word' id='word_1_213' title='bbox 1712 2390 1900 2438; x_wconf 85' lang='lat' dir='ltr'>Araceli</span> <span class='ocrx_word' id='word_1_214' title='bbox 1939 2391 1998 2439; x_wconf 88' lang='lat' dir='ltr'>de</span> 
     </span>
     <span class='ocr_line' id='line_1_27' title="bbox 206 2470 1998 2537; baseline 0.001 -17"><span class='ocrx_word' id='word_1_215' title='bbox 206 2471 352 2532; x_wconf 89' lang='lat' dir='ltr'>Urbe,</span> <span class='ocrx_word' id='word_1_216' title='bbox 396 2470 620 2520; x_wconf 82' lang='lat' dir='ltr'>videlicet</span> <span class='ocrx_word' id='word_1_217' title='bbox 660 2475 819 2521; x_wconf 90' lang='lat' dir='ltr'>castro</span> <span class='ocrx_word' id='word_1_218' title='bbox 862 2471 1040 2520; x_wconf 88' lang='lat' dir='ltr'>doloris</span> <span class='ocrx_word' id='word_1_219' title='bbox 1084 2473 1401 2537; x_wconf 84' lang='lat' dir='ltr'>longitudinis</span> <span class='ocrx_word' id='word_1_220' title='bbox 1446 2489 1558 2522; x_wconf 90' lang='lat' dir='ltr'>cum</span> <span class='ocrx_word' id='word_1_221' title='bbox 1610 2473 1709 2522; x_wconf 90' lang='lat' dir='ltr'>suis</span> <span class='ocrx_word' id='word_1_222' title='bbox 1759 2474 1998 2523; x_wconf 89' lang='lat' dir='ltr'>columnis</span> 
     </span>
     <span class='ocr_line' id='line_1_28' title="bbox 204 2541 1997 2621; baseline 0.001 -17"><span class='ocrx_word' id='word_1_223' title='bbox 204 2555 477 2621; x_wconf 87' lang='lat' dir='ltr'>palmorum</span> <span class='ocrx_word' id='word_1_224' title='bbox 502 2553 670 2621; x_wconf 52' lang='lat' dir='ltr'>riginti</span> <span class='ocrx_word' id='word_1_225' title='bbox 704 2541 830 2617; x_wconf 77' lang='lat' dir='ltr'>octo,</span> <span class='ocrx_word' id='word_1_226' title='bbox 866 2557 1132 2606; x_wconf 86' lang='lat' dir='ltr'>latitudinis</span> <span class='ocrx_word' id='word_1_227' title='bbox 1168 2557 1334 2621; x_wconf 89' lang='lat' dir='ltr'>viginti</span> <span class='ocrx_word' id='word_1_228' title='bbox 1369 2573 1484 2617; x_wconf 92' lang='lat' dir='ltr'>uno,</span> <span class='ocrx_word' id='word_1_229' title='bbox 1519 2561 1566 2605; x_wconf 85' lang='lat' dir='ltr'>et</span> <span class='ocrx_word' id='word_1_230' title='bbox 1594 2557 1860 2606; x_wconf 88' lang='lat' dir='ltr'>altitudinis</span> <span class='ocrx_word' id='word_1_231' title='bbox 1895 2558 1997 2606; x_wconf 90' lang='lat' dir='ltr'>sine</span> 
     </span>
     <span class='ocr_line' id='line_1_29' title="bbox 206 2641 1998 2707; baseline 0.001 -19"><span class='ocrx_word' id='word_1_232' title='bbox 206 2644 334 2690; x_wconf 89' lang='lat' dir='ltr'>tecto</span> <span class='ocrx_word' id='word_1_233' title='bbox 370 2641 736 2706; x_wconf 88' lang='lat' dir='ltr'>quatuordecim</span> <span class='ocrx_word' id='word_1_234' title='bbox 770 2657 998 2691; x_wconf 89' lang='lat' dir='ltr'>mensure</span> <span class='ocrx_word' id='word_1_235' title='bbox 1039 2641 1471 2707; x_wconf 86' lang='lat' dir='ltr'>carpentariorum,</span> <span class='ocrx_word' id='word_1_236' title='bbox 1502 2645 1603 2690; x_wconf 86' lang='lat' dir='ltr'>erat</span> <span class='ocrx_word' id='word_1_237' title='bbox 1625 2645 1788 2690; x_wconf 88' lang='lat' dir='ltr'>autem</span> <span class='ocrx_word' id='word_1_238' title='bbox 1816 2646 1998 2691; x_wconf 89' lang='lat' dir='ltr'>tectum</span> 
     </span>
     <span class='ocr_line' id='line_1_30' title="bbox 207 2725 1998 2792; baseline 0 -19"><span class='ocrx_word' id='word_1_239' title='bbox 207 2741 234 2774; x_wconf 88' lang='lat' dir='ltr'>a</span> <span class='ocrx_word' id='word_1_240' title='bbox 253 2725 398 2790; x_wconf 90' lang='lat' dir='ltr'>plano</span> <span class='ocrx_word' id='word_1_241' title='bbox 421 2742 566 2791; x_wconf 90' lang='lat' dir='ltr'>super</span> <span class='ocrx_word' id='word_1_242' title='bbox 585 2731 799 2775; x_wconf 89' lang='lat' dir='ltr'>castrum</span> <span class='ocrx_word' id='word_1_243' title='bbox 821 2727 972 2776; x_wconf 90' lang='lat' dir='ltr'>altum</span> <span class='ocrx_word' id='word_1_244' title='bbox 989 2743 1076 2792; x_wconf 91' lang='lat' dir='ltr'>per</span> <span class='ocrx_word' id='word_1_245' title='bbox 1095 2727 1333 2775; x_wconf 92' lang='lat' dir='ltr'>directum</span> <span class='ocrx_word' id='word_1_246' title='bbox 1354 2727 1627 2792; x_wconf 88' lang='lat' dir='ltr'>palmorum</span> <span class='ocrx_word' id='word_1_247' title='bbox 1641 2726 1867 2775; x_wconf 90' lang='lat' dir='ltr'>similium</span> <span class='ocrx_word' id='word_1_248' title='bbox 1889 2730 1998 2775; x_wconf 89' lang='lat' dir='ltr'>octo</span> 
     </span>
     <span class='ocr_line' id='line_1_31' title="bbox 208 2809 1999 2875; baseline 0 -17"><span class='ocrx_word' id='word_1_249' title='bbox 208 2809 340 2874; x_wconf 92' lang='lat' dir='ltr'>quod</span> <span class='ocrx_word' id='word_1_250' title='bbox 361 2809 476 2858; x_wconf 90' lang='lat' dir='ltr'>fecit</span> <span class='ocrx_word' id='word_1_251' title='bbox 506 2811 738 2875; x_wconf 87' lang='lat' dir='ltr'>magister</span> <span class='ocrx_word' id='word_1_252' title='bbox 763 2811 1010 2859; x_wconf 89' lang='lat' dir='ltr'>Johannes</span> <span class='ocrx_word' id='word_1_253' title='bbox 1038 2814 1217 2860; x_wconf 84' lang='lat' dir='ltr'>¹Petrus</span> <span class='ocrx_word' id='word_1_254' title='bbox 1246 2811 1522 2860; x_wconf 84' lang='lat' dir='ltr'>Parmensis</span> <span class='ocrx_word' id='word_1_255' title='bbox 1550 2812 1599 2859; x_wconf 91' lang='lat' dir='ltr'>in</span> <span class='ocrx_word' id='word_1_256' title='bbox 1634 2811 1742 2860; x_wconf 86' lang='lat' dir='ltr'>telis</span> <span class='ocrx_word' id='word_1_257' title='bbox 1771 2811 1819 2858; x_wconf 91' lang='lat' dir='ltr'>in</span> <span class='ocrx_word' id='word_1_258' title='bbox 1850 2811 1999 2859; x_wconf 88' lang='lat' dir='ltr'>tribus</span> 
     </span>
     <span class='ocr_line' id='line_1_32' title="bbox 205 2893 2001 2960; baseline 0 -17"><span class='ocrx_word' id='word_1_259' title='bbox 205 2893 491 2960; x_wconf 89' lang='lat' dir='ltr'>parietibus,</span> <span class='ocrx_word' id='word_1_260' title='bbox 509 2895 735 2944; x_wconf 89' lang='lat' dir='ltr'>videlicet</span> <span class='ocrx_word' id='word_1_261' title='bbox 753 2911 897 2960; x_wconf 92' lang='lat' dir='ltr'>supra</span> <span class='ocrx_word' id='word_1_262' title='bbox 910 2899 1101 2960; x_wconf 89' lang='lat' dir='ltr'>portam</span> <span class='ocrx_word' id='word_1_263' title='bbox 1120 2896 1328 2945; x_wconf 90' lang='lat' dir='ltr'>ecclesie</span> <span class='ocrx_word' id='word_1_264' title='bbox 1348 2912 1403 2944; x_wconf 93' lang='lat' dir='ltr'>ac</span> <span class='ocrx_word' id='word_1_265' title='bbox 1423 2896 1547 2945; x_wconf 90' lang='lat' dir='ltr'>trine</span> <span class='ocrx_word' id='word_1_266' title='bbox 1568 2899 1616 2945; x_wconf 92' lang='lat' dir='ltr'>et</span> <span class='ocrx_word' id='word_1_267' title='bbox 1635 2895 1747 2943; x_wconf 90' lang='lat' dir='ltr'>inde</span> <span class='ocrx_word' id='word_1_268' title='bbox 1764 2911 1916 2959; x_wconf 91' lang='lat' dir='ltr'>usque</span> <span class='ocrx_word' id='word_1_269' title='bbox 1939 2895 2001 2943; x_wconf 89' lang='lat' dir='ltr'>ad</span> 
     </span>
     <span class='ocr_line' id='line_1_33' title="bbox 209 2978 1996 3044; baseline 0 -16"><span class='ocrx_word' id='word_1_270' title='bbox 209 2978 472 3043; x_wconf 91' lang='lat' dir='ltr'>imaginem</span> <span class='ocrx_word' id='word_1_271' title='bbox 521 2979 660 3028; x_wconf 89' lang='lat' dir='ltr'>beate</span> <span class='ocrx_word' id='word_1_272' title='bbox 706 2979 857 3028; x_wconf 88' lang='lat' dir='ltr'>Marie</span> <span class='ocrx_word' id='word_1_273' title='bbox 902 2979 1095 3043; x_wconf 86' lang='lat' dir='ltr'>virginis</span> <span class='ocrx_word' id='word_1_274' title='bbox 1138 2995 1282 3043; x_wconf 90' lang='lat' dir='ltr'>quam</span> <span class='ocrx_word' id='word_1_275' title='bbox 1328 2980 1545 3044; x_wconf 88' lang='lat' dir='ltr'>depinxit</span> <span class='ocrx_word' id='word_1_276' title='bbox 1581 2984 1774 3028; x_wconf 88' lang='lat' dir='ltr'>sanctus</span> <span class='ocrx_word' id='word_1_277' title='bbox 1812 2983 1996 3039; x_wconf 89' lang='lat' dir='ltr'>Lucas;</span> 
     </span>
     <span class='ocr_line' id='line_1_34' title="bbox 212 3062 2000 3129; baseline 0.001 -18"><span class='ocrx_word' id='word_1_278' title='bbox 212 3062 467 3112; x_wconf 89' lang='lat' dir='ltr'>intorticiis</span> <span class='ocrx_word' id='word_1_279' title='bbox 489 3079 634 3128; x_wconf 89' lang='lat' dir='ltr'>supra</span> <span class='ocrx_word' id='word_1_280' title='bbox 654 3079 789 3112; x_wconf 89' lang='lat' dir='ltr'>arma</span> <span class='ocrx_word' id='word_1_281' title='bbox 809 3063 1130 3128; x_wconf 89' lang='lat' dir='ltr'>quadraginta</span> <span class='ocrx_word' id='word_1_282' title='bbox 1151 3067 1357 3129; x_wconf 89' lang='lat' dir='ltr'>septem,</span> <span class='ocrx_word' id='word_1_283' title='bbox 1381 3065 1595 3114; x_wconf 89' lang='lat' dir='ltr'>candelis</span> <span class='ocrx_word' id='word_1_284' title='bbox 1618 3080 1761 3128; x_wconf 89' lang='lat' dir='ltr'>supra</span> <span class='ocrx_word' id='word_1_285' title='bbox 1787 3067 2000 3112; x_wconf 85' lang='lat' dir='ltr'>castrum</span> 
     </span>
     <span class='ocr_line' id='line_1_35' title="bbox 211 3148 1997 3214; baseline -0.001 -16"><span class='ocrx_word' id='word_1_286' title='bbox 211 3153 340 3210; x_wconf 91' lang='lat' dir='ltr'>octo,</span> <span class='ocrx_word' id='word_1_287' title='bbox 365 3149 671 3214; x_wconf 85' lang='lat' dir='ltr'>septuaginta</span> <span class='ocrx_word' id='word_1_288' title='bbox 689 3149 922 3214; x_wconf 92' lang='lat' dir='ltr'>quinque,</span> <span class='ocrx_word' id='word_1_289' title='bbox 944 3152 1153 3212; x_wconf 89' lang='lat' dir='ltr'>quatuor</span> <span class='ocrx_word' id='word_1_290' title='bbox 1172 3148 1425 3197; x_wconf 91' lang='lat' dir='ltr'>unciarum</span> <span class='ocrx_word' id='word_1_291' title='bbox 1442 3149 1654 3212; x_wconf 92' lang='lat' dir='ltr'>quelibet</span> <span class='ocrx_word' id='word_1_292' title='bbox 1674 3153 1720 3197; x_wconf 93' lang='lat' dir='ltr'>et</span> <span class='ocrx_word' id='word_1_293' title='bbox 1742 3148 1997 3196; x_wconf 90' lang='lat' dir='ltr'>intorticiis</span> 
     </span>
     <span class='ocr_line' id='line_1_36' title="bbox 211 3232 1998 3297; baseline -0.001 -15"><span class='ocrx_word' id='word_1_294' title='bbox 211 3248 386 3282; x_wconf 88' lang='lat' dir='ltr'>novem</span> <span class='ocrx_word' id='word_1_295' title='bbox 407 3249 462 3282; x_wconf 91' lang='lat' dir='ltr'>ac</span> <span class='ocrx_word' id='word_1_296' title='bbox 483 3234 623 3297; x_wconf 85' lang='lat' dir='ltr'>juxta</span> <span class='ocrx_word' id='word_1_297' title='bbox 646 3238 859 3282; x_wconf 89' lang='lat' dir='ltr'>castrum</span> <span class='ocrx_word' id='word_1_298' title='bbox 885 3233 1140 3282; x_wconf 90' lang='lat' dir='ltr'>intorticiis</span> <span class='ocrx_word' id='word_1_299' title='bbox 1173 3233 1338 3297; x_wconf 89' lang='lat' dir='ltr'>viginti</span> <span class='ocrx_word' id='word_1_300' title='bbox 1366 3237 1475 3281; x_wconf 91' lang='lat' dir='ltr'>octo</span> <span class='ocrx_word' id='word_1_301' title='bbox 1499 3237 1546 3281; x_wconf 87' lang='lat' dir='ltr'>et</span> <span class='ocrx_word' id='word_1_302' title='bbox 1570 3232 1718 3281; x_wconf 88' lang='lat' dir='ltr'>armis</span> <span class='ocrx_word' id='word_1_303' title='bbox 1748 3233 1796 3280; x_wconf 92' lang='lat' dir='ltr'>in</span> <span class='ocrx_word' id='word_1_304' title='bbox 1818 3233 1998 3282; x_wconf 88' lang='lat' dir='ltr'>chartis</span> 
     </span>
     <span class='ocr_line' id='line_1_37' title="bbox 209 3318 1999 3383; baseline 0 -18"><span class='ocrx_word' id='word_1_305' title='bbox 209 3333 298 3383; x_wconf 90' lang='lat' dir='ltr'>per</span> <span class='ocrx_word' id='word_1_306' title='bbox 336 3332 503 3366; x_wconf 90' lang='lat' dir='ltr'>muros</span> <span class='ocrx_word' id='word_1_307' title='bbox 546 3318 751 3368; x_wconf 89' lang='lat' dir='ltr'>ecclesie</span> <span class='ocrx_word' id='word_1_308' title='bbox 792 3323 838 3368; x_wconf 90' lang='lat' dir='ltr'>et</span> <span class='ocrx_word' id='word_1_309' title='bbox 878 3318 1127 3368; x_wconf 89' lang='lat' dir='ltr'>columnas</span> <span class='ocrx_word' id='word_1_310' title='bbox 1164 3332 1462 3366; x_wconf 88' lang='lat' dir='ltr'>marmoreas</span> <span class='ocrx_word' id='word_1_311' title='bbox 1498 3322 1695 3366; x_wconf 89' lang='lat' dir='ltr'>centum</span> <span class='ocrx_word' id='word_1_312' title='bbox 1729 3333 1784 3366; x_wconf 88' lang='lat' dir='ltr'>ac</span> <span class='ocrx_word' id='word_1_313' title='bbox 1831 3318 1999 3366; x_wconf 85' lang='lat' dir='ltr'>subtus</span> 
     </span>
     <span class='ocr_line' id='line_1_38' title="bbox 211 3399 1998 3467; baseline 0.001 -17"><span class='ocrx_word' id='word_1_314' title='bbox 211 3407 372 3451; x_wconf 87' lang='lat' dir='ltr'>castro</span> <span class='ocrx_word' id='word_1_315' title='bbox 402 3401 531 3450; x_wconf 91' lang='lat' dir='ltr'>lecto</span> <span class='ocrx_word' id='word_1_316' title='bbox 562 3406 611 3451; x_wconf 93' lang='lat' dir='ltr'>et</span> <span class='ocrx_word' id='word_1_317' title='bbox 640 3402 744 3450; x_wconf 89' lang='lat' dir='ltr'>aliis</span> <span class='ocrx_word' id='word_1_318' title='bbox 784 3418 920 3452; x_wconf 89' lang='lat' dir='ltr'>more</span> <span class='ocrx_word' id='word_1_319' title='bbox 961 3406 1215 3461; x_wconf 90' lang='lat' dir='ltr'>consuet0‚</span> <span class='ocrx_word' id='word_1_320' title='bbox 1264 3399 1430 3451; x_wconf 88' lang='lat' dir='ltr'>habite</span> <span class='ocrx_word' id='word_1_321' title='bbox 1480 3406 1589 3451; x_wconf 90' lang='lat' dir='ltr'>sunt</span> <span class='ocrx_word' id='word_1_322' title='bbox 1625 3402 1826 3467; x_wconf 90' lang='lat' dir='ltr'>exequie</span> <span class='ocrx_word' id='word_1_323' title='bbox 1872 3402 1998 3451; x_wconf 92' lang='lat' dir='ltr'>bone</span> 
     </span>
    </p>
   </div>
  </div>
 </body>
</html>
