2262 3958
352 344 419 381 154
954 339 1185 376 JOHANNIS
1218 337 1511 384 BURCHARDI,
1782 342 2001 382 {Novembre
2021 343 2121 385 1485]

352 447 615 495 confratres
636 446 913 493 defunctum
932 444 980 490 in
1002 459 1088 490 suo
1105 443 1357 500 catalecto,
1381 441 1524 505 pallio
1546 441 1692 506 ipsius
1714 444 2117 493 confraternitatis

351 529 667 594 superposito,
698 543 847 590 usque
874 528 933 574 ad
957 527 1211 575 ecclesiam
1239 525 1503 589 predictam
1526 529 1851 588 portaverunt,
1888 527 2116 576 fratribus

351 613 409 659 de
432 611 600 659 eadem
622 609 824 657 ecclesia
845 609 1146 672 aliquantulis
1174 607 1519 672 adjuvantibus.
1553 608 1786 657 Dicebant
1807 611 1937 658 enim
1959 611 2122 659 amba-

352 710 455 741 rum
478 692 922 740 confraternitatum
942 693 1268 756 predictarum
1289 690 1555 740 confratres
1583 692 1712 755 quod
1730 692 1842 741 licet
1863 693 2119 757 defunctus

352 777 621 839 quicunque
649 776 706 823 de
735 775 826 823 alia
848 775 920 823 vel
946 774 1160 839 predicta
1186 774 1484 822 Annunciate
1513 775 1905 823 confraternitate
1933 776 2122 839 predic-

354 866 507 909 tarum
525 862 670 917 esset,
695 858 733 906 si
756 858 1039 916 confratres,
1070 857 1314 905 salvatoris
1338 857 1626 905 interessent
1654 859 1810 922 ipsum
1837 858 2123 908 defunctumv

352 944 401 992 in
431 959 516 990 suo
550 941 782 990 catalecto
817 945 864 988 et
897 940 1038 1004 pallio
1069 943 1260 1004 portare
1295 940 1488 988 debent.
1526 943 1639 988 Post
1669 941 1807 988 funus
1849 941 2121 1004 equitarunt

353 1026 521 1092 prelati
544 1024 684 1072 etalii
707 1024 908 1071 curiales
930 1039 1063 1071 more
1087 1023 1244 1070 solito.
1269 1023 1529 1070 Cardinalis
1547 1024 1904 1086 Andegavensis
1919 1021 2120 1074 recessit

353 1110 411 1158 de
448 1109 591 1156 domo
631 1106 845 1170 predicta
884 1106 943 1175 ad
983 1122 1115 1153 suam
1152 1106 1408 1165 redituruS,
1451 1107 1789 1169 Neapolitanus
1826 1124 1939 1156 vero
1977 1112 2024 1157 et
2059 1109 2118 1156 de

356 1191 617 1241 Comitibus
638 1205 734 1236 non
756 1205 864 1237 cum
891 1189 1134 1243 defuncto,
1166 1189 1251 1235 sed
1278 1204 1366 1251 per
1385 1188 1525 1237 aliam
1552 1189 1676 1236 viam
1708 1195 2029 1253 pervenerunt
2059 1192 2121 1240 ad

356 1273 611 1322 ecclesiam
632 1289 670 1319 s.
698 1272 889 1330 Sabine,
915 1272 1044 1319 circa
1065 1272 1198 1335 cujus
1220 1271 1429 1319 medium
1459 1276 1565 1335 post
1596 1273 1798 1320 chorum
1826 1274 2009 1337 positus
2030 1273 2121 1322 fuit

355 1357 604 1406 defunctus
628 1371 771 1418 super
790 1355 985 1403 feretro.
1012 1357 1067 1402 Et
1086 1355 1265 1402 ibidem
1293 1359 1497 1417 quatuor
1527 1356 1835 1418 responsoria
1863 1355 1991 1404 dicta
2011 1372 2122 1405 cum

356 1444 557 1503 quatuor
577 1438 887 1497 orationibus,
910 1438 1117 1501 primum
1142 1454 1229 1501 per
1257 1438 1427 1485 fratres
1449 1454 1487 1484 s.
1519 1438 1710 1497 Sabine,
1745 1438 2009 1488 secundum
2034 1455 2123 1504 per

356 1523 535 1571 clerum
566 1537 836 1579 romanum,
873 1520 1066 1568 tertium
1098 1537 1185 1584 per
1221 1521 1338 1568 alios
1367 1521 1555 1581 fratres,
1587 1525 1807 1584 quartum
1833 1521 2007 1570 iterum
2035 1533 2122 1587 per

357 1606 529 1654 fratres
552 1622 590 1652 s.
618 1604 791 1654 Sabine
814 1621 824 1653 :
850 1604 963 1653 satis
985 1607 1146 1652 tamen
1167 1603 1334 1652 fuisset
1354 1620 1501 1651 unum
1529 1604 1888 1668 responsorium
1909 1621 2020 1655 cum
2040 1620 2124 1655 sua

360 1689 576 1737 oratione
598 1688 777 1736 dicere.

423 1773 576 1821 Finito
605 1776 771 1835 quarto
802 1771 1126 1836 responsorio,
1164 1786 1254 1834 ego
1284 1771 1343 1817 de
1378 1771 1601 1818 mandato
1630 1770 1882 1818 cardinalis
1909 1771 2126 1836 Neapoli-

357 1858 471 1916 tani,
500 1856 576 1919 egi
598 1857 772 1919 gratias
802 1855 1072 1904 oratoribus
1102 1858 1148 1901 et
1178 1853 1371 1916 prelatis
1395 1853 1573 1900 ibidem
1598 1853 1911 1901 existentibus
1939 1870 2026 1918 pro
2045 1855 2125 1919 pia

360 1955 526 1988 eorum
562 1939 815 1998 societate3
847 1938 1018 1986 deinde
1052 1941 1291 2001 portatum
1325 1936 1413 1984 fuit
1448 1936 1592 1983 funus
1622 1940 1751 1984 retro
1791 1937 1939 1986 altare
1973 1939 2128 2002 majus

359 2022 536 2070 ibidem
567 2022 921 2086 deponendum.
960 2023 1060 2076 Quo
1097 2020 1239 2079 factO,
1274 2020 1414 2066 ambo
1446 2019 1712 2067 cardinales
1738 2019 1942 2083 predicti
1967 2036 2024 2069 ac
2045 2020 2124 2069 alii

359 2121 527 2153 omnes
543 2108 863 2153 recesserunt.
883 2107 1000 2151 Cera
1016 2104 1116 2151 sive
1139 2103 1337 2151 candele
1354 2108 1400 2151 et
1419 2103 1622 2166 pecunie
1644 2119 1742 2150 non
1763 2103 1954 2151 fuerunt
1973 2103 2131 2152 fratri—

359 2189 446 2236 bus
468 2187 737 2246 distribute,
759 2190 898 2250 prout
920 2186 1025 2234 fieri
1053 2186 1190 2245 solet,
1222 2186 1332 2248 quia
1359 2185 1518 2233 nullus
1546 2186 1699 2233 fuerat
1728 2186 2127 2250 superintendens

361 2271 420 2320 ad
439 2271 532 2320 hoc
554 2269 817 2328 ordinatUS,
843 2272 889 2317 et
912 2269 1072 2316 omnia
1093 2268 1205 2316 satis
1228 2268 1428 2315 confuse
1452 2272 1499 2316 et
1518 2267 1787 2317 inordinate
1808 2273 1916 2318 acta
1936 2273 2063 2318 sunt.

425 2353 715 2403 vacationes
753 2352 1001 2415 generales
1034 2367 1204 2414 nuper,
1239 2350 1459 2398 videlicet
1494 2354 1519 2398 3
1557 2351 1737 2399 mensis
1773 2351 1880 2414 julii
1913 2352 2132 2414 proxime

361 2435 574 2501 preteriti
603 2435 780 2482 indicte
811 2450 962 2497 usque
997 2435 1057 2482 ad
1084 2434 1311 2482 kalendas
1346 2433 1577 2493 octobris,
1607 2434 1682 2481 die
1717 2436 1776 2481 23
1807 2434 2134 2499 mensisnsep-

361 2518 561 2568 tembris
582 2533 734 2581 usque
756 2518 816 2565 ad
837 2521 898 2565 20
919 2517 1046 2583 dipem
1068 2517 1247 2564 mensis
1267 2516 1504 2579 presentis
1526 2516 1706 2564 mensis
1727 2517 1954 2576 octobris,
1977 2517 2134 2582 primo

362 2602 535 2651 deinde
563 2602 639 2649 die
673 2605 728 2649 19
757 2600 976 2665 ejusdem
1011 2614 1162 2662 usque
1196 2614 1282 2662 per
1314 2602 1469 2646 totum
1500 2599 1628 2647 hunc
1666 2615 1885 2648 mensem
1915 2599 1974 2648 de
2006 2614 2139 2649 man-

362 2688 472 2735 dato
507 2687 590 2734 SS.
623 2688 680 2732 D.
705 2687 761 2732 N.
783 2688 980 2748 propter
1004 2687 1191 2747 pestem
1213 2683 1452 2745 vigentem
1475 2682 1670 2730 fuerunt
1695 2686 1972 2746 prorogate.

429 2768 609 2817 Eadem
630 2768 705 2816 die
727 2766 952 2815 mercurii
975 2769 1031 2813 19
1054 2765 1234 2813 mensis
1256 2765 1485 2824 octobris,
1504 2767 1655 2812 Rom‘e
1670 2765 1858 2813 obiitR.
1878 2765 1927 2813 in
1944 2765 2134 2814 Christo

366 2855 417 2899 P.
461 2853 516 2899 D.
555 2851 828 2914 Alphonsus
867 2849 1120 2912 episcopus
1162 2848 1483 2908 CantarensiS,
1523 2848 1774 2912 hospitalis
1813 2849 2134 2912 Hispanorum

364 2935 580 2999 provisor
598 2935 656 2982 de
676 2934 802 2982 Urbe
823 2932 903 2995 qui
925 2931 1094 2979 eadem
1116 2931 1190 2979 die
1213 2931 1341 2978 circa
1360 2931 1530 2978 horam
1551 2946 1636 2978 xxl
1656 2931 1716 2978 ad
1733 2931 1988 2979 ecclesiam
2008 2931 2135 2994 ejvs-

364 3018 475 3066 dem
505 3017 755 3080 hospitalis
787 3019 1001 3079 portatus
1041 3019 1114 3062 est
1150 3017 1195 3061 et
1232 3013 1281 3060 in
1320 3029 1377 3061 ea
1414 3014 1686 3078 honorifice¹
1718 3013 1948 3076 sepultuS,
1995 3013 2131 3076 cujus

365 3102 524 3149 anima
543 3100 809 3164 requiescat
825 3099 874 3145 in
894 3113 1030 3161 pace.
1056 3097 1141 3145 Hic
1166 3112 1227 3144 xc
1259 3112 1342 3144 sue
1367 3095 1504 3143 etatis
1535 3110 1660 3143 anno
1693 3098 1793 3142 erat
1820 3094 2127 3142 constitutus.

430 3178 568 3231 Feria
599 3181 829 3240 secunda,
862 3180 1026 3228 ultima
1059 3179 1285 3237 octobris,
1311 3178 1398 3225 fuit
1419 3178 1620 3225 mutatio
1643 3193 1924 3241 capparum,
1950 3179 1996 3225 et
2023 3190 2131 3224 ves-

365 3283 479 3330 pere
530 3266 770 3314 solemnes
815 3265 864 3311 in
915 3265 1097 3327 majore
1138 3261 1320 3326 capella
1358 3261 1627 3325 supradicta
1671 3261 1797 3308 dicte
1837 3262 1963 3319 sunt,
2004 3252 2165 3322 Papa*

364 3353 587 3412 presente
607 3354 654 3397 et
675 3348 890 3396 officium
910 3347 1135 3395 faciente.

431 3432 516 3480 Die
539 3432 774 3494 sequenti,
804 3437 821 3479 1
849 3430 1139 3489 novembris,
1165 3429 1288 3478 festo
1315 3427 1531 3476 omnium
1560 3430 1850 3484 sanctorum,
1884 3427 2048 3471 Rmus.
2069 3425 2126 3470 D.
