2262 3958
149 305 312 348 [octobre
333 305 424 348 1484]
608 304 778 340 RERUM
809 302 1113 340 URBANARUM
1147 300 1498 339 COMMENTARII.
1874 301 1942 337 109

145 409 243 458 mio
271 408 442 474 prefati
471 407 761 456 thesaurarii
784 407 871 455 sui.
899 405 1195 463 Cardinales,
1222 408 1418 469 recepto
1448 403 1770 469 presbyterio,
1804 419 1942 451 oscu-

145 492 370 541 labantur
391 508 587 540 manum
610 494 756 555 Pape‚
780 490 935 554 capite
963 488 1191 536 inclinato
1220 492 1426 548 stantes;
1455 487 1627 552 prelati
1648 503 1763 536 vero
1787 503 1937 558 genu-

148 576 260 625 flexi
289 577 631 625 osculabantur
659 575 832 640 pedem
862 576 990 636 Pape
1018 576 1126 636 post
1157 572 1478 620 subdiaconos
1512 572 1639 621 inter
1669 572 1930 632 auditores,

149 660 262 724 quia
290 677 467 725 magna
499 658 800 709 conculcatio
833 656 936 705 fuit.
970 655 1169 703 Accessi
1210 660 1257 704 et
1297 671 1388 720 ego
1429 655 1491 703 ad
1528 654 1812 719 pontificem
1852 656 1932 719 qui

150 745 270 794 mihi
291 745 422 794 dedit
442 746 668 794 ducatum
688 757 835 791 unum
857 744 904 789 et
925 739 1173 788 carlenum
1194 755 1344 788 unum
1367 740 1562 804 papales
1586 740 1729 788 cunei
1746 740 1837 788 sui.

223 833 346 879 Dato
366 827 682 894 presbyterio,
714 829 844 889 Papa
870 824 938 872 sic
970 828 1162 888 paratus
1196 823 1415 872 ascendit
1443 823 1504 871 ad
1538 822 1769 886 palatium
1809 826 1947 872 Late-

156 929 361 963 ranense
382 913 443 961 ad
461 925 678 960 cameras
707 908 794 957 sibi
821 911 1030 971 parataS,
1064 907 1145 956 ubi
1173 907 1351 970 quievit
1377 906 1728 970 aliquantulum
1756 910 1803 954 et
1833 906 1948 955 fecit

155 997 410 1063 prandium
428 994 556 1043 solus
583 1008 695 1042 cum
719 991 815 1040 suis
836 991 1134 1040 domesticis.

220 1079 494 1129 Cardinales
529 1077 717 1126 iverunt
756 1076 818 1125 ad
857 1092 1096 1135 cameras,
1143 1075 1191 1123 in
1234 1074 1471 1124 canonica
1510 1080 1559 1123 et
1597 1075 1709 1124 alibi
1749 1091 1835 1140 pro
1872 1075 1942 1125 eis

152 1167 364 1228 parataS,
389 1167 436 1212 et
459 1161 680 1210 similiter
701 1161 922 1225 fecerunt
938 1160 1213 1224 prandium.

221 1249 315 1296 Pro
348 1245 579 1295 Romanis
608 1250 655 1294 et
685 1244 971 1293 officialibus
999 1244 1130 1293 curie
1165 1249 1332 1308 parate
1373 1244 1566 1292 fuerunt
1595 1245 1746 1293 multe
1762 1260 1937 1294 mense

154 1335 203 1381 et
238 1331 419 1381 cibaria
450 1331 500 1379 in
529 1329 825 1379 abundantia
858 1329 906 1377 in
942 1329 1118 1393 palatio
1155 1327 1468 1378 Lateranensi
1501 1327 1550 1375 in
1584 1328 1801 1378 inferiori
1844 1329 1947 1393 ejus

154 1419 309 1481 parte,
334 1415 415 1464 ubi
433 1431 604 1465 omnes
627 1430 738 1464 cum
760 1430 936 1478 magna
956 1413 1237 1484 confusione
1263 1414 1426 1478 pransi
1455 1419 1582 1463 sunt,
1610 1417 1710 1479 Ego
1734 1414 1946 1463 remansi

155 1499 206 1548 in
222 1498 424 1565 prandio
446 1498 495 1546 in
516 1513 710 1547 camera
731 1499 854 1546 Rmi.
880 1499 936 1546 D.
964 1498 1221 1547 cardinalis
1246 1515 1284 1546 s.
1312 1499 1479 1547 Marci.

222 1583 404 1632 Eadem
447 1582 542 1642 die,
573 1582 701 1631 circa
726 1583 899 1631 horam
928 1599 1034 1631 xxu
1062 1584 1146 1631 SS.
1179 1584 1234 1631 D.
1264 1585 1320 1631 N.
1355 1582 1549 1631 indutus
1580 1583 1778 1642 amictu,
1820 1583 1945 1644 alba,

161 1667 374 1732 cingulo,
410 1666 534 1715 stola
561 1666 667 1715 alba
698 1667 927 1731 pretiosa,
959 1666 1231 1731 cappellum
1258 1651 1444 1715 habens
1474 1683 1533 1716 ex
1559 1667 1735 1716 velluto
1766 1683 1954 1717 creme-

160 1752 284 1812 sino,
307 1751 680 1817 precedentibus
702 1768 846 1801 cruce
875 1757 923 1801 et
949 1751 1290 1812 cardinalibuS,
1323 1758 1550 1816 equester
1573 1753 1712 1801 rediit
1733 1753 1795 1802 ad
1817 1753 1949 1817 pala·
1991 1764 1993 1767 ⁴

159 1836 280 1885 tium
310 1835 630 1901 apostolicum
658 1837 783 1900 apud
817 1853 855 1885 s.
891 1839 1087 1886 Petrum
1115 1852 1173 1885 eo
1201 1837 1368 1885 ordine
1406 1853 1501 1901 quo
1535 1837 1691 1886 felicis
1725 1837 1951 1886 reminis-

161 1920 320 1971 centie
342 1920 503 1970 Sixtus
524 1937 651 1986 papa
669 1924 753 1969 llll
775 1921 825 1969 in
844 1921 1122 1987 hujusmodi
1146 1921 1311 1970 habitu
1336 1922 1552 1985 equitare
1583 1922 1786 1971 solebat.

224 2004 365 2054 Feria
389 2004 620 2065 secunda,
647 2009 705 2054 27
729 2006 911 2055 mensis
939 2006 1243 2078 septembris,
1269 2006 1489 2055 ordinato
1517 2010 1675 2055 castro
1699 2006 1879 2055 doloris
1903 2010 1950 2055 et

163 2088 268 2138 aliis
300 2089 445 2138 rebus
476 2088 816 2154 episcoporum
845 2106 931 2154 pro
960 2091 1174 2154 exequiis
1207 2090 1255 2138 in
1290 2090 1501 2139 ecclesia.
1528 2091 1670 2139 beate
1706 2091 1856 2140 Marie
1890 2091 1949 2139 de

165 2173 366 2238 Popu10,
397 2173 642 2222 celebrata
666 2174 753 2223 suit
779 2175 935 2239 prima
957 2177 1106 2225 missa
1129 2176 1443 2239 exequiarum
1469 2175 1664 2240 publica
1691 2191 1780 2240 per
1804 2192 1954 2224 unum

165 2273 226 2306 ex
244 2257 434 2307 RRmis.
456 2260 556 2306 DD.
578 2259 874 2324 presbyteris
896 2260 1239 2319 cardinalibuS,
1254 2260 1303 2308 in
1320 2262 1612 2308 RRmorum.
1634 2260 1952 2308 cardinalium

165 2340 412 2405 presentia
442 2343 490 2390 et
517 2341 723 2389 aliorum
753 2343 1050 2407 prelatorum
1076 2360 1086 2391 ε
1113 2344 1222 2393 date
1256 2343 1456 2393 candele
1486 2344 1709 2393 omnibus
1741 2343 1790 2392 in
1819 2361 1954 2393 com—

165 2424 350 2490 petenti
388 2440 613 2485 numero,
650 2426 735 2474 sed
766 2427 945 2476 modici
979 2428 1226 2492 ponderis.
1270 2432 1383 2477 Post
1419 2428 1634 2489 missam,
1662 2429 1857 2478 habitus
1884 2433 1957 2478 est

169 2524 331 2559 sermo
376 2513 424 2559 et
455 2509 630 2558 deinde
650 2526 738 2574 per
769 2512 979 2576 quinque
1021 2513 1290 2562 cardinales
1319 2513 1445 2561 facta
1482 2513 1740 2573 absolutio,
1781 2518 1829 2564 et
1865 2515 1958 2563 alia

170 2594 335 2644 omnia
352 2598 464 2644 sunt
485 2595 738 2645 observata
757 2612 892 2644 more
915 2600 1168 2645 consueto.

237 2677 422 2728 Deinde
454 2678 654 2744 singulis
688 2679 856 2729 diebus
887 2681 1073 2740 martiS,
1106 2679 1351 2740 mercurii,
1384 2680 1525 2746 joviS,
1563 2681 1747 2731 scilicet
1768 2687 1816 2732 et
1844 2683 1957 2732 lune

170 2762 379 2812 mediate
409 2765 741 2827 sequentibuS,
782 2766 980 2829 quidam
1014 2765 1271 2831 episcopus
1314 2766 1512 2817 missam
1554 2765 1798 2830 publicam
1831 2768 1960 2816 cele-

170 2847 324 2896 bravit
345 2851 394 2896 et
414 2847 634 2908 absolvit,
658 2849 808 2897 missa
836 2839 993 2910 finita,
1012 2865 1147 2899 more
1179 2855 1429 2900 consueto.

238 2931 467 2992 sabbate,
498 2935 525 2980 2
556 2932 738 2981 mensis
768 2933 979 2981 octobris
1013 2937 1069 2982 R.
1109 2933 1158 2981 in
1187 2935 1375 2984 Christo
1406 2939 1544 3000 pater
1578 2938 1632 2984 D.
1669 2934 1956 2985 Laurentius

173 3015 483 3066 miseratione
532 3016 690 3065 divina
731 3017 1008 3082 patriarcha
1047 3018 1380 3068 Antiochenus
1420 3023 1572 3069 Rome
1624 3021 1752 3069 diem
1787 3019 1959 3068 clausit

174 3103 462 3162 extremum,
488 3106 533 3151 et
556 3100 729 3150 eodem
752 3116 860 3151 sero
883 3118 912 3150 a
932 3102 1159 3150 fratribus
1188 3108 1452 3152 conventus
1487 3104 1626 3154 beate
1645 3103 1793 3153 Marie
1813 3119 1961 3168 super

173 3182 436 3233 Minervam
474 3184 742 3234 associatus
777 3191 849 3235 est
877 3186 937 3235 ad
965 3185 1223 3236 ecclesiam
1253 3185 1366 3236 dicti
1400 3192 1664 3236 conventus
1700 3192 1746 3237 et
1780 3188 1961 3237 ibidem

175 3266 277 3316 sine
298 3283 475 3333 pompa
496 3268 700 3317 solemni
725 3270 938 3334 sepultus
959 3270 1008 3317 in
1029 3286 1149 3335 pace
1174 3271 1459 3334 requiescit.

237 3349 377 3399 Feria
394 3350 552 3411 tertia,
578 3353 604 3402 5
628 3352 809 3403 mensis
832 3354 1042 3404 octobris
1063 3355 1112 3404 in
1141 3354 1347 3404 ecclesia
1368 3353 1508 3403 beate
1528 3354 1676 3404 Marie
1702 3353 1761 3406 de
1782 3357 1964 3423 Populo

175 3431 414 3484 celebrate
449 3434 644 3486 fuerunt
674 3437 838 3488 ultime
884 3438 1087 3503 exequie
1123 3454 1211 3504 pro
1244 3439 1405 3489 anima
1431 3435 1675 3503 quondam
1710 3442 1966 3492 cardinalis
