2262 3958
388 339 455 375 158
991 332 1222 369 JOHANNIS
1255 331 1548 377 BURCHARDI‚
1839 332 2154 374 [Novembre1485]

447 441 707 485 conventus
728 453 765 482 5.
793 435 1043 483 Salvatoris
1066 439 1112 482 et
1132 434 1398 498 presbyteri
1427 434 1665 481 seculares
1738 471 1748 482 .
1825 471 1834 483 .
1913 470 1924 482 .
1996 451 2152 484 Lxxxv

449 525 495 568 et
524 520 715 568 cuilibet
742 518 1002 566 celebranti
1030 518 1123 565 dati
1151 519 1339 565 fuerunt
1364 517 1581 565 baiocchi
1605 534 1704 578 sex,
1735 519 1847 567 licet
1875 502 2148 569 ordinatum

383 604 536 650 fuerat
556 602 681 664 quod
703 601 898 648 cuilibet
915 601 1107 650 daretur
1126 618 1247 648 unus
1270 601 1510 648 carlenus.

447 684 584 732 Feria
601 684 780 747 quinta,
815 687 872 730 10
899 683 1078 732 mensis
1109 684 1382 732 novembris
1410 683 1537 731 venit
1564 683 1624 730 ad
1648 684 1824 732 Urbem
1851 701 1936 749 per
1961 690 2149 750 portam

383 771 544 815 sancte
566 767 715 822 Marie
733 767 790 815 de
817 767 996 830 Populo
1017 770 1080 814 M.
1113 770 1168 814 D.
1196 767 1431 815 Robertus
1447 767 1504 814 de
1524 770 1690 814 sancto
1703 752 1948 828 Severino‚
1963 769 2148 816 futurus

382 850 734 898 confalonerius
756 865 952 898 romane
974 851 1188 898 Ecclesie
1217 850 1292 898 cui
1315 850 1501 898 obviam
1524 855 1756 898 venerunt
1777 850 1953 899 familie
1976 853 2062 905 SS,
2087 853 2144 900 D.

380 933 532 980 nostri
563 938 610 981 et
631 933 944 981 cardinalium
965 950 1019 982 ac
1040 934 1310 997 principum
1337 938 1551 981 oratores
1578 934 1627 980 in
1650 950 1848 982 romana
1870 933 2002 984 curia
2022 934 2149 983 exis-

382 1020 554 1064 tentes.
589 1020 647 1064 D.
684 1017 993 1080 Marquardus
1028 1017 1284 1080 Brisaquer
1323 1017 1582 1080 imperialis
1622 1022 1782 1065 orator
1823 1017 2008 1081 accepit
2039 1034 2149 1067 eum

379 1099 504 1147 intra
534 1103 721 1162 portam
753 1100 1035 1163 predictam,
1071 1100 1264 1151 nomine
1301 1100 1627 1163 imperatorio,
1667 1104 1910 1162 tamquam
1946 1116 2144 1150 romane

381 1182 592 1230 Ecclesie
620 1182 864 1230 advocato.
897 1183 1078 1230 Deinde
1108 1186 1163 1230 D.
1195 1185 1402 1230 Joannes
1430 1183 1488 1230 de
1510 1183 1724 1246 Espaseh
1745 1187 1791 1231 et
1808 1183 1939 1246 prior
1965 1183 2146 1231 ordinis
2185 1200 2188 1204 ·

378 1265 748 1327 predicatorum,
774 1270 988 1313 oratores
1005 1266 1298 1313 serenissimi
1319 1265 1626 1318 Maximiliani
1646 1269 1969 1326 Romanorum
1990 1264 2144 1329 regis}

377 1347 549 1395 deinde
573 1347 752 1396 familia
776 1351 901 1412 Pape
930 1365 1021 1412 que
1052 1349 1243 1396 tandem
1271 1352 1466 1396 venerat
1492 1348 1616 1396 inter
1645 1348 1864 1396 eamdem
1893 1353 2082 1412 portam
2102 1351 2150 1395 et

376 1429 568 1489 bivium,
607 1432 830 1479 eumdem
873 1432 1116 1479 curialiter
1162 1435 1450 1494 receperunt
1483 1435 1530 1479 et
1562 1431 1720 1494 ipsum
1769 1431 1982 1479 medium
2024 1430 2150 1482 inter

378 1515 745 1577 gubernatorem
777 1515 935 1573 Urbis,
977 1501 1073 1578 ilui,
1120 1531 1215 1561 non
1264 1530 1373 1562 cum
1420 1514 1600 1562 familia
1632 1517 1758 1577 Pape
1791 1514 1875 1562 sed
1903 1517 2011 1578 post
2043 1530 2149 1568 eam

374 1602 586 1657 venerat,
617 1614 644 1645 a
673 1598 869 1657 dextri-s,
911 1602 958 1645 et
993 1598 1172 1645 dictum
1206 1598 1543 1660 Marquardum
1576 1602 1818 1646 oratorem
1850 1598 2149 1662 imperialem

376 1680 642 1743 predictum
672 1698 700 1729 a
730 1681 931 1728 sinistris
966 1681 1280 1743 equitantem,
1316 1680 1419 1727 aliis
1455 1681 1648 1744 prelatis
1681 1685 1728 1728 et
1761 1681 2028 1730 oratoribus
2061 1699 2148 1731 suo

378 1763 543 1814 ordine
573 1764 898 1827 sequentibus,
932 1780 1083 1825 usque
1117 1763 1177 1810 ad
1210 1763 1439 1826 palatium
1478 1763 1794 1826 apostolicum
1827 1765 2142 1826 associarunt,

376 1846 454 1893 nbi
476 1846 523 1893 in
547 1847 655 1894 aula
679 1863 870 1894 camere
901 1846 1181 1910 apostolice,
1218 1845 1266 1891 in
1298 1845 1470 1907 quibus
1507 1846 1747 1909 principes
1788 1847 1936 1911 recipi
1969 1832 2143 1910 solent,

375 1928 642 1992 hospitatus
662 1933 733 1993 est
753 1947 761 1976 :
788 1934 948 1976 tamen
967 1934 1102 1976 extra
1121 1933 1309 1992 portam
1329 1928 1490 1991 palatii
1508 1928 1726 1991 predicti,
1752 1934 2011 1994 antequam
2031 1932 2148 1982 illud

375 2009 708 2073 ingrederetur
728 2012 786 2059 ad
807 2011 1101 2060 associantes
1124 2026 1399 2070 conversus,
1417 2010 1606 2058 detecto
1626 2011 1798 2074 capite,
1824 2028 1958 2061 more
1982 2012 2143 2074 solito,

378 2094 554 2156 gratias
577 2095 690 2158 egit.
2041 2143 2050 2147 -

441 2178 579 2226 Feria
604 2183 753 2238 sexta,
784 2182 834 2225 11
871 2177 1051 2226 mensis
1079 2177 1367 2238 novembris,
1397 2178 1521 2225 festo
1553 2194 1590 2224 5.
1622 2178 1810 2225 Martini
1840 2178 2069 2242 episcopi,
2099 2180 2147 2228 in

376 2278 536 2321 mane,
574 2262 691 2310 obiit
724 2261 1132 2326 prestantissimus
1176 2260 1245 2307 vir
1277 2263 1333 2307 D.
1361 2260 1596 2308 Antonius
1632 2261 1690 2309 de
1720 2261 1926 2324 Rugum,
1952 2244 2148 2322 romane

377 2337 524 2405 curie,
550 2361 804 2393 causarum
832 2349 878 2392 et
910 2344 1022 2393 fidei
1050 2347 1344 2408 procurator,
1369 2343 1463 2407 [qui
1496 2344 1691 2392 tandem
1727 2344 1803 2392 die
1836 2349 1944 2408 post
1978 2346 2148 2398 horam

376 2444 683 2492 vesperarum
706 2429 766 2481 ad
786 2427 1039 2475 ecclesiam
1061 2443 1096 2473 S.
1113 2426 1351 2474 Laurentii
1369 2426 1417 2473 in
1440 2428 1646 2474 Damaso
1664 2427 1991 2490 parochialem
2012 2444 2148 2477 suam

376 2511 644 2560 honorifice
668 2514 882 2574 portatus
905 2514 976 2579 est
1004 2515 1051 2557 et
1074 2509 1250 2556 ibidem
1296 2508 1537 2572 sepulture
1573 2509 1790 2570 tradituS‚
1815 2511 1954 2574 cujus
1989 2510 2151 2560 anima

379 2595 646 2658 requiescat
670 2595 715 2641 in
738 2609 874 2658 pace.
1937 2659 1939 2662 v

446 2678 584 2726 Feria
609 2677 790 2740 quinta,
820 2679 873 2724 17
899 2675 1117 2740 ejusdem
1140 2675 1319 2723 mensis
1340 2676 1627 2735 novembris,
1659 2679 1714 2724 R.
1741 2677 1788 2724 in
1807 2678 1996 2726 Christo
2018 2681 2070 2728 P.
2087 2678 2144 2729 D.

378 2762 587 2810 Achilles
623 2760 990 2809 Mareschiotius
1025 2758 1357 2818 BononiensiS,
1391 2759 1644 2823 episcopus
1667 2761 1950 2821 Cerviensis,
1973 2761 2054 2825 qui
2071 2761 2147 2810 die

381 2842 564 2893 sabbati
592 2845 808 2908 proxime
837 2843 1065 2907 preterita
1095 2845 1151 2889 12
1187 2842 1350 2906 huJ‘US,
1382 2859 1525 2890 sanus
1547 2848 1593 2891 et
1617 2844 1741 2892 letus
1774 2845 1835 2893 ad
1860 2844 2036 2895 Urbem
2059 2845 2146 2893 fuit

380 2943 615 2987 reversuS,
640 2927 714 2975 die
736 2926 900 2974 martis
929 2926 1073 2974 etiam
1101 2925 1316 2989 proxime
1343 2926 1569 2989 preterita
1602 2930 1675 2987 15,
1704 2931 1891 2991 pestem
1913 2926 2079 2978 incidit
2090 2925 2146 2981 ,in

381 3015 520 3060 nocte
556 3011 775 3074 sequenti
815 3014 868 3057 17
897 3010 1040 3073 hujus
1074 3009 1183 3065 diei,
1221 3009 1347 3057 diem
1382 3010 1550 3058 clausit
1583 3014 1868 3071 extremum,
1905 3015 1951 3060 et
1975 3011 2144 3060 eadem

382 3100 524 3144 nocte
541 3095 591 3143 in
613 3094 808 3143 basilica
829 3110 867 3141 s.
893 3093 1020 3141 Petri
1042 3093 1143 3142 sine
1157 3107 1333 3156 pompa
1346 3093 1546 3141 traditus
1561 3092 1973 3142 est'ecclesiastice
1991 3091 2147 3157 sepul-

383 3185 506 3238 ture,
529 3196 584 3227 cu
587 3180 666 3243 jus
687 3173 846 3226 anima
866 3177 1135 3240 requiescat
1162 3176 1210 3223 in
1231 3185 1366 3238 pace,
1393 3214 1396 3217 .

447 3263 672 3322 SabbatO,
703 3266 758 3309 19
784 3261 894 3309 dicti
919 3260 1097 3309 mensis
1125 3259 1413 3318 novembriS,
1448 3260 1624 3329 paratis
1653 3276 1711 3309 ex
1736 3277 1872 3311 more
1899 3260 2137 3322 omnihus,

380 3345 569 3408 incepte
609 3349 719 3393 sunt
755 3344 955 3407 exequie
993 3344 1118 3392 bone
1157 3342 1388 3390 memorie
1428 3342 1679 3391 cardinalis
1718 3345 1777 3397 de
1817 3344 2056 3409 Aragonia
2092 3343 2141 3391 in

381 3428 584 3475 ecclesia
604 3445 641 3475 5.
660 3429 857 3487 Sabine;
880 3431 1047 3475 Rmus.
1068 3430 1124 3474 D.
1141 3425 1391 3475 cardinalis
1409 3425 1653 3489 Agriensis
1670 3428 1924 3495 celebravit
1943 3427 2139 3479 missam
