2262 3958
358 356 405 391 32
965 351 1197 389 JOHANNIS
1231 353 1523 404 BURCHARDI,
1906 360 2119 403 [Aoat1484]

361 456 504 514 dicta,
541 458 593 502 ut
623 452 752 511 lieri3
789 451 959 499 deinde
992 452 1116 501 circa
1151 454 1320 503 horam
1351 456 1701 518 duodecimam,
1738 459 1937 509 sacrista
1962 465 2128 510 noster

363 536 621 587 celebravit
658 536 855 584 missam
893 536 1132 599 publicam
1169 556 1178 585 ;
1223 540 1445 587 omnibus
1493 541 1812 591 cardinalibus
1858 543 2127 607 presentavi

363 622 582 671 similiter
619 621 988 668 instrumentum
1026 620 1179 684 paciS,
1222 626 1274 669 ut
1311 623 1438 681 l1eri3
1482 623 1614 671 finita
1659 623 1826 686 missa,
1867 626 2127 675 locavimus

363 721 506 753 unam
543 719 734 769 parvam
768 718 986 750 mensam
1013 703 1323 767 longitudinis
1358 709 1467 754 octo
1496 707 1766 769 palmorum
1796 712 1843 756 et
1867 708 2129 758 latitudinis

365 792 591 852 quatuor,
627 787 702 835 vel
742 786 893 845 circa,
936 790 1165 834 consuete
1205 787 1488 848 altitudinis,
1531 789 1655 837 inter
1691 807 1889 854 parvum
1927 791 2126 851 ostium,

364 888 451 936 per
480 871 607 935 quod
636 870 730 918 itur
760 870 820 917 ad
848 869 1108 917 secundam
1148 870 1305 918 aulam
1334 871 1495 935 palatii
1530 871 1732 936 predicti
1763 875 1810 920 et
1841 888 2033 921 murum
2065 871 2133 920 illi

364 954 634 1019 oppositum
661 953 709 1001 in
736 952 913 1012 medio,
944 968 1144 1015 eamque
1175 954 1381 1016 quodam
1412 971 1570 1019 panno
1606 956 1811 1015 rosaico,
1852 955 1988 1019 quasi
2013 956 2131 1004 duas

363 1052 541 1085 cannas
573 1036 809 1093 habente,
846 1035 1203 1099 cooperui1nus3
1239 1038 1447 1102 desuper
1476 1038 1722 1102 posuimus
1762 1055 1909 1087 unum
1940 1040 2132 1088 horolo-

362 1119 518 1184 gium,
555 1117 925 1182 campanellam,
961 1117 1197 1166 calamare
1238 1135 1348 1167 cum
1388 1126 1634 1182 encausto,
1670 1123 1840 1186 pennis
1873 1123 1970 1171 sive
2003 1123 2130 1171 cala-

361 1202 470 1262 mis,
497 1206 544 1250 et
570 1218 716 1249 unum
745 1201 1051 1264 quinternum
1081 1206 1228 1250 carte.
1256 1203 1464 1252 Sacrista
1483 1203 1621 1269 {vero,
1646 1206 1874 1270 depositis
1901 1206 2130 1264 vestibus,

359 1284 518 1348 posuit
538 1284 587 1331 in
616 1284 773 1332 medio
805 1283 965 1332 altaris
996 1285 1194 1333 calicem
1232 1291 1565 1335 consecratum
1593 1305 1792 1336 vacuum
1823 1305 1932 1337 cum
1957 1292 2132 1353 patena

358 1369 563 1432 desuper
600 1368 771 1432 posita.
816 1367 1078 1416 Servitores
1124 1369 1451 1420 cardinalium,
1479 1371 1737 1434 ponebant,
1782 1372 1981 1435 quisque
2020 1375 2129 1420 ante

359 1468 495 1499 suum
527 1451 790 1511 dominum,
826 1466 972 1499 unum
1014 1451 1275 1500 scabellum
1315 1457 1528 1501 erectum
1559 1454 1606 1501 in
1637 1455 1831 1502 modum
1863 1454 2048 1519 pulpiti,
2084 1458 2132 1503 et

357 1536 564 1599 desuper
585 1535 821 1583 calamare
853 1551 961 1583 cum
992 1539 1238 1594 encaustO,
1279 1552 1438 1599 penna
1477 1536 1573 1584 sive
1604 1537 1805 1596 calamo,
1838 1552 1982 1585 unam
2015 1552 2130 1585 can-

357 1618 513 1665 delam
542 1633 755 1681 parvam,
786 1621 833 1665 et
865 1634 1013 1666 unum
1051 1618 1216 1666 folium
1256 1622 1405 1679 carte,
1442 1619 1490 1666 in
1523 1636 1615 1683 quo
1648 1637 1736 1684 per
1767 1620 1923 1684 capita
1954 1619 2132 1684 scripta

358 1706 494 1750 erant
523 1702 720 1750 nomina
749 1701 961 1749 omnium
992 1701 1304 1750 cardinalium
1334 1702 1382 1750 in
1421 1703 1646 1751 conclave
1683 1703 2003 1763 existentium,
2035 1702 2129 1751 hoc

356 1785 499 1833 modo
522 1789 568 1833 et
589 1785 753 1832 ordine
777 1789 917 1848 prout
938 1784 1166 1847 sequitur.

425 1868 510 1932 [Ibi
531 1867 727 1916 dimissa
747 1869 937 1916 fuerunt
955 1867 1043 1915 tria
1057 1867 1169 1915 solia
1189 1867 1236 1914 in
1258 1867 1394 1927 albis,
1410 1873 1457 1916 et
1478 1869 1779 1934 consecutive
1799 1868 2013 1932 sequitur
2027 1867 2126 1933 (1):]

421 1955 586 1999 Rmus.
613 1953 671 1998 D.
693 1949 1134 2008 vicecancellarius3
1160 1953 1324 1997 Rmus.
1347 1953 1406 2007 D.
1432 1951 1794 2014 Neapolitanus3
1819 1955 1982 2000 Rmus.
2002 1953 2059 2000 D.
2085 1967 2123 1998 s.

356 2036 523 2095 Marci,
542 2039 588 2083 et
609 2034 677 2083 sic
698 2035 756 2082 de
772 2033 891 2082 aliis.
911 2033 1161 2081 Posuimus
1174 2033 1316 2081 etiam
1328 2034 1460 2097 juxta
1474 2050 1689 2082 mensam
1703 2034 1986 2098 predictam,
2004 2033 2129 2082 int'er

358 2134 464 2167 eam
487 2122 533 2167 et
553 2119 719 2177 altare,
744 2116 834 2165 tria
855 2115 1084 2174 scabella;
1109 2132 1256 2163 unum
1278 2115 1326 2163 in
1346 2116 1522 2176 medio,
1547 2117 1638 2166 alia
1654 2117 1746 2167 duo
1766 2117 1879 2166 hinc
1900 2117 2122 2180 indeque,

357 2202 421 2250 ita
455 2200 582 2264 quod
611 2200 816 2263 desuper
846 2197 1068 2246 sedentes
1106 2214 1245 2246 renes
1279 2199 1413 2247 altari
1444 2215 1607 2247 versos
1636 2198 1894 2257 habebant,
1928 2201 1975 2246 et
2003 2197 2127 2246 inter

358 2283 525 2331 eadem
564 2281 770 2330 scabella
803 2297 1014 2344 pannum
1048 2282 1265 2345 pulcrum
1302 2298 1410 2330 cum
1435 2282 1590 2347 pomis
1620 2283 1776 2331 aureis
1807 2298 1865 2330 ex
1889 2280 2124 2329 bruchato

358 2366 631 2424 cremisino,
657 2364 974 2428 compositum
994 2379 1080 2427 pro
1110 2365 1266 2412 futuro
1295 2366 1522 2428 pontifice
1552 2366 1598 2413 in
1631 2381 1687 2413 eo
1707 2365 1928 2413 locando.
1952 2363 2036 2412 His
2057 2363 2126 2411 sic

359 2449 604 2508 ordinatis,
628 2448 694 2495 illi
716 2463 774 2495 ex
801 2446 1120 2505 conclavistis‚
1157 2448 1235 2509 qui
1266 2448 1471 2511 capitula
1497 2464 1584 2512 per
1612 2447 1876 2495 cardinales
1910 2445 2126 2494 ordinata

359 2533 668 2597 scripserant,
704 2530 924 2578 videlicet
945 2531 1004 2578 D.
1023 2529 1265 2577 Johannes
1287 2532 1461 2593 Lopez,
1486 2532 1542 2577 D.
1568 2531 1640 2577 Jo.
1665 2532 1832 2578 Petrus
1862 2529 1921 2577 de
1941 2527 2127 2577 Arriva-

358 2616 513 2675 benis,
542 2618 615 2663 Jo.
641 2613 920 2662 Laurentius
942 2613 1000 2660 de
1021 2611 1255 2671 Venetiis,
1289 2615 1334 2659 et
1362 2611 1553 2674 quidam
1582 2612 1678 2671 alii,
1711 2612 1790 2660 illa
1809 2611 1859 2659 in
1880 2628 1963 2660 sex
1984 2610 2124 2674 quin-

358 2699 506 2748 ternis
528 2697 704 2762 scripta
734 2695 860 2761 (nam
891 2696 939 2743 in
972 2691 1153 2743 duobus
1187 2694 1449 2757 quinternis
1480 2694 1683 2758 capitula
1712 2694 1870 2742 omnia
1901 2709 2122 2758 compre—

357 2784 526 2840 hensa,
550 2780 782 2844 triplicata
805 2780 995 2827 fuerunt
1013 2779 1070 2826 de
1093 2778 1238 2826 verbo
1263 2778 1322 2825 ad
1340 2777 1551 2842 verbum)
1580 2780 1717 2824 Rmo.
1746 2779 1803 2825 D.
1832 2776 2124 2826 vicecancel-

356 2865 475 2913 lario
498 2862 787 2921 obtulerunt,
818 2861 896 2924 qui
925 2877 997 2919 ea,
1031 2861 1090 2908 ad
1119 2875 1336 2908 mensam
1361 2860 1626 2924 predictam
1656 2860 1909 2920 accedens,
1948 2860 2126 2908 ibidem

358 2964 503 2997 manu
523 2946 716 3011 propria
737 2943 1016 3007 subscripsit
1036 2943 1084 2990 in
1106 2943 1300 3007 singulis
1330 2958 1412 2990 sex
1434 2943 1696 3006 quinternis
1723 2943 1964 3007 predictis.
1993 2942 2124 2990 Idem

358 3032 575 3079 fecerunt
594 3032 702 3093 post
724 3043 832 3076 eum
861 3026 939 3074 alii
966 3026 1230 3074 cardinales
1259 3041 1343 3073 suo
1372 3026 1555 3073 ordine.
1587 3016 1750 3072 Rmus.
1781 3027 1838 3072 D.
1873 3023 2124 3072 cardinalis

358 3114 416 3161 de
432 3116 657 3171 Foscaro,
681 3110 815 3158 finita
834 3110 997 3168 missa,
1021 3109 1101 3156 ivit
1122 3109 1179 3155 ad
1201 3108 1420 3156 cellulam
1441 3123 1591 3166 suam,
1623 3111 1670 3155 et
1690 3122 1818 3165 cum,
1848 3107 1928 3154 tali
1958 3106 2119 3164 modo,

361 3194 677 3242 subcribendo
701 3192 904 3256 capitula
923 3191 1195 3255 hujusmodi
1217 3205 1313 3237 non
1334 3190 1603 3248 accederet,
1622 3192 1784 3237 Rmus.
1811 3191 1866 3236 D.
1892 3189 2123 3240 Vicecan-

363 3277 582 3325 cellarius
613 3275 729 3324 mihi
766 3275 898 3336 dixit,
928 3277 979 3322 ut
1009 3275 1192 3338 prefato
1229 3276 1366 3321 Rmo.
1404 3275 1460 3320 D.
1497 3272 1555 3320 de
1586 3274 1792 3320 Foscaro
1826 3273 2123 3322 notificarem

412 3457 444 3492 1.
471 3454 727 3504 Interpolation
746 3453 795 3491 du
815 3452 965 3503 copiste.
