2262 3958
120 330 336 374 [Aout1484]
568 326 738 363 RERUM
772 324 1078 362 URBANARUM
1112 323 1464 361 COMMENTARII.
1868 330 1917 367 35

121 433 225 483 sine
258 445 489 496 expresso
525 429 730 478 consilio
766 432 814 477 et
848 443 1089 476 consensu
1122 428 1326 475 duarum
1363 428 1572 492 partium
1612 428 1918 478 dominorum

125 515 471 574 cardinalium;
507 528 598 561 nec
635 512 795 575 aliquo
829 510 973 559 modo
1007 510 1271 574 procedam
1310 514 1391 559 aut
1424 511 1623 576 procedi
1657 513 1916 574 mandabo,

122 601 198 650 vel
217 599 492 666 permittam
519 601 689 646 contra
715 595 926 658 aliquem
953 610 1013 641 ex
1041 593 1129 653 eiS,
1159 594 1250 642 nisi
1279 595 1613 644 assistentibus
1642 600 1690 645 et
1717 613 1922 646 consen-

121 684 351 735 tientibus
403 683 553 732 tribus
605 679 945 737 cardinalibuS‚
987 694 1082 726 uno
1122 677 1344 728 videlicet
1390 697 1450 729 ex
1495 681 1710 745 quolibet
1751 682 1920 731 ordine

123 785 313 830 eorum,
342 784 431 832 per
460 766 590 831 ipsos
625 763 911 822 cardinales,
949 778 1036 810 seu
1067 762 1304 826 majorem
1334 769 1521 827 partem
1556 782 1743 826 eorum,
1779 767 1839 815 ad
1872 767 1920 815 id

122 852 432 919 deputandis3
461 866 554 899 nec
583 847 824 897 damnabo
851 846 1063 911 aliquem
1096 862 1155 894 ex
1188 846 1257 894 eis
1291 847 1383 895 nisi
1418 850 1690 898 convictum
1717 867 1920 900 numero

127 938 330 988 testium.
348 948 577 999 expresso
611 931 660 980 in
688 930 1032 980 constitutione
1068 930 1281 979 Silvestri
1317 947 1440 995 pape
1476 932 1603 981 facta
1629 933 1679 980 in
1718 934 1921 998 synodo,

127 1037 223 1086 que
265 1017 433 1083 incipit
476 1035 486 1065 :
532 1016 712 1065 Preszcl
745 1032 841 1064 non
877 1015 1130 1064 damnetur
1163 1014 1255 1081 (1);
1290 1017 1587 1081 servaboque
1630 1032 1714 1066 eos
1746 1017 1927 1066 liberos

126 1109 175 1154 et
212 1106 464 1168 exemptos
503 1102 563 1150 ab
598 1099 658 1166 (2)
694 1100 826 1149 omni
861 1100 989 1149 datio
1026 1103 1074 1148 et
1112 1100 1302 1164 gabella
1339 1105 1482 1165 prout
1516 1105 1741 1167 tempore
1774 1103 1929 1152 felicis

126 1185 476 1238 recordationis
511 1185 819 1234 dominorum
847 1183 908 1250 (3)
937 1184 1123 1234 Nicolai
1157 1184 1309 1248 quinti
1342 1189 1388 1233 et
1417 1186 1586 1234 Calixti
1616 1187 1744 1236 tertii
1779 1204 1934 1236 roma—

125 1288 301 1323 norum
332 1270 616 1337 pontificum
649 1270 1053 1334 predecessorum
1086 1273 1365 1318 nostrorum
1386 1270 1567 1319 factum
1599 1271 1713 1332 fuit;
1740 1289 1832 1321 nec
1863 1273 1933 1322 eis

79 1353 83 1357 ⁴
127 1357 368 1418 ecclesiiS,
405 1354 713 1406 monasteriis
748 1358 796 1403 et
830 1353 934 1402 aliis
963 1353 1215 1402 beneficiis
1244 1354 1591 1403 ecclesiasticis
1624 1372 1713 1420 per
1740 1374 1823 1406 eos
1844 1374 1932 1422 pro

132 1446 354 1507 tempore
369 1441 598 1501 obtentiS,
617 1440 767 1488 ullum
788 1438 996 1497 decime,
1017 1437 1217 1486 subsidii
1240 1442 1321 1487 aut
1342 1439 1540 1488 alterius
1563 1440 1725 1489 oneris
1743 1440 1802 1507 (4)
1819 1457 1936 1506 quo-

132 1542 339 1591 cumque
367 1525 566 1575 nomine
597 1523 860 1589 nuncupati
889 1522 949 1588 (5)
981 1539 1259 1587 gravamen,
1298 1539 1602 1587 quacumque
1642 1525 1828 1573 ratione
1858 1526 1932 1574 vel

133 1627 281 1660 causa
300 1610 566 1675 imponam,
592 1613 638 1658 et
660 1609 720 1658 ab
742 1607 927 1656 eisdem
948 1607 1270 1655 cardinalibus
1299 1623 1388 1671 pro
1418 1608 1638 1656 eeclesiis
1670 1613 1717 1658 et
1737 1625 1935 1657 monas-

135 1695 289 1755 teriis,
314 1694 486 1758 quibus
509 1709 594 1743 eos
614 1692 816 1758 prefeci‚
836 1696 883 1741 et
903 1691 1156 1740 beneficiis
1178 1692 1471 1755 quibuslibet
1493 1692 1855 1753 ecelesiasticis,
1874 1694 1933 1742 de

133 1779 306 1843 quibus
336 1777 406 1827 eis
432 1793 520 1842 pro
543 1781 763 1841 tempore
791 1775 1032 1841 provideri
1060 1774 1108 1822 in
1136 1775 1326 1823 titulum
1353 1777 1426 1824 vel
1448 1778 1790 1825 commendam
1812 1794 1932 1826 con-

132 1863 303 1927 tinget,
340 1862 428 1910 sub
461 1865 748 1910 annatarum
782 1860 863 1926 (6),
900 1876 985 1908 seu
1016 1859 1289 1908 mediorum
1330 1860 1574 1909 fructuum
1615 1861 1931 1922 minutorum,

131 1946 456 2006 servitiorum,
491 1962 576 1994 seu
597 1945 690 1994 alio
721 1960 1029 2009 quocumque
1057 1943 1274 2003 nomine,
1305 1943 1497 2007 penitus
1526 1944 1736 2009 exigam,
1769 1950 1849 1994 aut
1876 1947 1935 1994 ab

131 2031 202 2082 eis
217 2030 364 2081 etiam
385 2035 556 2096 sponte
572 2029 886 2079 offerentibus
909 2033 957 2078 et
979 2027 1290 2088 solventibUS,
1310 2027 1460 2092 recipi
1483 2045 1567 2077 seu
1591 2029 1717 2094 exigi
1738 2029 1930 2090 faciam,

135 2116 207 2166 vel
236 2115 515 2181 permittam
553 2130 746 2179 quoquo
779 2113 924 2162 modo
965 2113 1148 2160 directe
1181 2111 1256 2160 vel
1293 2111 1552 2171 indirecte;
1590 2113 1933 2177 privilegiaque

134 2216 304 2249 eorum
331 2200 494 2248 omnia
515 2203 563 2247 et
597 2197 782 2262 singula
809 2197 963 2255 illesa,
995 2195 1361 2259 qualiacumque
1397 2195 1508 2255 sint,
1535 2197 1852 2256 conservabo,
1886 2202 1934 2246 et

135 2283 176 2332 si
208 2283 366 2347 alique
403 2282 722 2347 obligationes
753 2281 801 2329 in
838 2295 1033 2329 camera
1064 2279 1347 2343 apostolica,
1384 2279 1570 2327 ratione
1605 2280 1933 2344 predictarum

133 2371 436 2427 summarum,
461 2366 783 2431 reperiantur,
811 2380 892 2413 eas
919 2364 969 2412 in
995 2367 1149 2412 totum
1180 2362 1365 2411 aboleri
1391 2363 1566 2412 faciam
1597 2367 1645 2412 et
1666 2364 1864 2412 cassari.

197 2454 338 2512 Item,
367 2467 478 2500 cum
504 2450 772 2500 cardinales
805 2451 970 2497 sancte
1001 2463 1200 2496 romane
1233 2446 1440 2496 ecclesie
1477 2447 1671 2496 assidue
1706 2448 1933 2498 assistant

134 2551 323 2586 summo
354 2534 598 2600 pontifici,
634 2538 682 2583 et
717 2533 919 2598 proinde
955 2531 1166 2580 debeant
1205 2530 1494 2595 specialibus
1534 2532 1852 2596 prerogativis
1884 2537 1932 2581 et

133 2621 393 2687 privilegiis
415 2620 645 2686 gaudere,
670 2635 729 2668 ex
758 2634 886 2668 nunc
917 2617 1133 2666 concedo
1164 2615 1280 2680 ipsis
1311 2615 1634 2663 cardinalibus
1664 2616 1931 2680 plenariam

134 2707 184 2753 et
213 2703 417 2752 liberam
449 2702 815 2767 dispositionem
849 2700 1066 2749 omnium
1097 2702 1145 2748 et
1175 2699 1474 2764 singulorum
1504 2699 1927 2760 monasteriorum,

133 2787 452 2852 prioratuum,
487 2787 791 2852 dignitatum,
830 2787 1200 2850 personatuum,
1238 2783 1708 2832 administrationum
1742 2788 1790 2833 et
1822 2784 1929 2831 offi-

133 2872 343 2932 ciorum,
382 2870 753 2920 canonicatuum
784 2874 832 2918 et
860 2868 1218 2934 prebendarum
1247 2868 1547 2932 aliorumque
1577 2868 1927 2917 beneficiorum

133 2955 576 3007 ecclesiasticorum
598 2970 708 3004 cum
735 2970 850 3004 cura
873 2957 921 3002 et
949 2953 1051 3002 sine
1084 2968 1200 3001 cura
1222 2951 1303 3018 (7),
1326 2953 1388 3001 ad
1415 2952 1740 3011 collationem,
1772 2951 1927 3015 provi-

190 3124 226 3160 1.
253 3123 547 3163 Damnabatur.
566 3143 614 3151 -
633 3121 755 3160 Rinal.

180 3184 216 3219 2.
245 3183 312 3220 Ex.
337 3203 380 3211 -
399 3183 520 3221 Rinal.

181 3243 216 3279 3.
245 3241 496 3282 Dominorum.
517 3263 566 3271 —-
584 3243 744 3291 Matique
765 3241 858 3278 dans
879 3240 1000 3278 Riual.

181 3302 217 3337 4.
243 3301 318 3338 Aut
337 3301 486 3339 alterius
505 3302 677 3340 nominis.
695 3323 743 3329 —
762 3301 906 3347 Rinal.;
929 3301 1026 3338 faute
1047 3300 1230 3338 evidente.

182 3362 218 3397 5.
247 3360 455 3409 Nuncupat.
475 3383 523 3389 —
542 3361 666 3399 Riual.
814 3400 817 3403 ,

181 3419 219 3458 6.
247 3421 516 3459 Annatuorum.
533 3442 579 3451 —
597 3422 736 3468 Rinal„
759 3433 796 3470 p.
817 3421 878 3460 67.

181 3481 217 3517 7.
247 3480 357 3519 Cura.
378 3502 425 3510 —
439 3481 598 3530 Manque
615 3482 709 3519 dans
728 3481 851 3519 Riual.
