2262 3958
323 330 392 366 2⁷18
925 326 1157 363 JOHANNIS
1191 326 1483 373 BURCHAam,
1872 329 1978 370 [Avrn
2001 332 2090 372 1487]

324 431 585 481 redeundo·
608 434 761 494 Super
793 426 926 475 altari
955 431 1002 476 et
1037 429 1250 477 cancello
1274 428 1429 492 posite
1464 433 1574 478 sunt
1595 430 1750 480 facule
1781 437 1829 481 et
1852 432 2093 483 intorticia

326 531 436 564 cere
458 512 746 564 communis.

389 600 528 647 Feria
562 598 726 661 quinta
774 595 970 659 maj0ris
1006 595 1309 644 hebdomade
1343 599 1398 643 12
1429 596 1609 661 aprilis,
1641 602 1751 647 ante
1778 599 1949 648 horam
1983 616 2088 661 x111,

325 682 408 729 SS.
433 683 489 728 D.
513 682 566 728 N.
592 682 786 743 paratus
813 693 947 726 more
976 681 1206 725 consueto
1229 680 1521 743 paramentis
1550 680 1669 728 albis
1703 682 1943 744 pretiosiS,
1965 683 2095 732 venit

324 763 383 811 ad
410 763 660 826 capellam,
692 761 859 821 oravit,
895 761 1007 809 fecit
1038 761 1411 823 confessionem,
1451 767 1496 811 et
1536 763 1628 811 alia
1665 779 1800 812 more
1841 770 2088 816 consueto.

326 848 487 893 RmuS.
511 848 566 892 D.
585 843 1001 893 vicecancellarius
1025 843 1137 891 fecit
1166 843 1377 893 officium
1404 861 1492 909 per
1516 846 1694 904 omnia,
1721 852 1863 910 prout
1886 847 1934 895 in
1963 862 2095 896 cere-

327 928 539 976 moniali.
576 930 659 976 SS.
704 930 761 975 D.
808 929 886 986 N.,
939 926 1128 974 detecto
1169 927 1346 990 capite,
1395 930 1597 992 portavit
1637 935 1993 979 sacramentum
2034 931 2096 980 ad

326 1011 559 1075 capellam
587 1026 798 1075 parvam,
830 1009 1002 1058 deinde
1033 1010 1455 1073 processionaliter
1487 1012 1612 1061 venit
1635 1013 1693 1061 ad
1715 1012 1877 1062 locum
1903 1013 2092 1076 publice

326 1094 692 1154 benedictionis,
725 1094 823 1152 ubi,
854 1093 1072 1157 deposito
1103 1094 1292 1157 pluviali
1318 1095 1444 1154 albo,
1476 1095 1661 1159 accepit
1690 1096 1894 1144 rubeum
1921 1097 2096 1160 pretio-

326 1194 447 1226 sum.
477 1181 597 1225 Tum
624 1177 750 1225 facta
778 1177 866 1225 sibi
894 1177 983 1225 fuit
1014 1178 1280 1227 reverentia
1313 1195 1340 1227 a
1377 1179 1725 1237 cardinalibus;
1758 1180 1931 1229 deinde
1957 1196 2095 1230 versa

329 1262 472 1310 sedes
520 1261 579 1308 ad
612 1260 861 1324 populum,
911 1261 1022 1309 lecti
1058 1277 1333 1324 processus,
1373 1266 1420 1310 et
1456 1263 1505 1310 in
1538 1262 1633 1310 fine
1674 1263 1784 1310 data
1821 1262 2093 1312 benedictio

326 1345 572 1394 solemnis.
604 1347 866 1393 Processus
894 1345 942 1392 in
969 1345 1117 1393 latino
1144 1346 1260 1409 legit
1286 1349 1342 1393 D.
1376 1348 1513 1409 Hugo
1542 1345 1746 1393 Bencius
1775 1346 2094 1395 subdiaconus

325 1428 644 1493 apostolicus;
670 1428 718 1475 in
735 1428 915 1492 vulgari
943 1432 1119 1488 autem,
1145 1428 1396 1477 cardinalis
1422 1428 1480 1476 de
1503 1427 1750 1476 Columna.
1773 1428 2094 1491 Indulgentias

326 1512 653 1576 pronunciavit
683 1511 731 1558 in
766 1511 913 1559 latino
938 1511 1190 1560 cardinalis
1226 1510 1451 1560 Senensis
1480 1514 1527 1559 et
1559 1510 1607 1558 in
1629 1510 1809 1574 vulgari
1842 1510 2096 1600 cardinalis

325 1611 363 1641 s
387 1594 596 1658 Geolgii.

392 1681 511 1726 Data
551 1678 886 1726 benedictione
930 1679 1160 1737 solemni,
1203 1693 1371 1727 omnes
1412 1678 1678 1727 cardinales
1716 1680 2014 1732 associarunt
2047 1682 2094 1731 in'

326 1762 617 1826 paramentis
638 1764 815 1825 Papam
839 1777 991 1824 usque
1017 1762 1077 1809 ad
1100 1762 1258 1810 aulam
1279 1761 1470 1809 tertiam
1497 1761 1576 1809 ubi
1595 1761 1809 1810 fiendum
1836 1768 1938 1813 erat
1958 1766 2096 1813 man·-

326 1846 505 1905 datum,
550 1844 629 1892 ubi
667 1844 813 1907 aliqui
857 1845 1184 1907 deposuerunt
1229 1848 1527 1908 paramenta,
1566 1844 1788 1893 videlicet
1826 1862 1837 1894 ε
1879 1848 2098 1911 Neapoli·

329 1933 481 1988 tanus,
526 1928 814 1988 ParmensiS‚
851 1927 1221 1976 Mediolanensis
1261 1931 1308 1975 et
1340 1926 1501 1990 plures
1529 1926 1626 1976 alii.
1659 1928 2095 1981 Vicecancellarius

327 2015 504 2071 autem,
541 2027 579 2059 s.
610 2011 775 2070 Marci,
810 2010 1187 2073 Andegavensis,
1222 2009 1467 2069 SenensiS,
1496 2026 1535 2056 S.
1565 2011 1756 2074 Georgii
1783 2017 1830 2060 et
1855 2014 1990 2062 multi
2017 2015 2094 2064 alii

328 2094 626 2142 retinuerunt
642 2110 727 2141 sua
743 2098 1042 2158 paramenta,
1065 2099 1111 2142 et
1130 2110 1298 2142 omnes
1319 2099 1553 2146 steterunt
1565 2098 1626 2146 ad
1638 2098 1869 2147 lotionem
1886 2099 2066 2162 pedum
2081 2117 2091 2160 3

327 2163 628 2239 evangelium
665 2176 871 2224 cantavit
909 2177 1139 2225 Ascanius
1177 2178 1431 2227 cardinalis
1465 2181 1524 2228 de
1556 2181 1933 2231 vicecomitibus
1965 2186 2094 2232 stans

328 2275 489 2307 versus
525 2259 585 2307 ad
618 2259 854 2307 fenestras
882 2260 1006 2308 aule.
1036 2263 1155 2308 Tum
1182 2264 1311 2325 Papa
1335 2263 1444 2311 lavit
1473 2264 1639 2326 pedes,
1670 2269 1717 2313 et
1749 2265 1797 2313 in
1829 2265 1943 2326 fine,
1982 2266 2097 2315 dixit

328 2341 611 2401 orationem,
650 2346 780 2389 stans
799 2341 847 2389 in
883 2342 1005 2390 stola
1042 2344 1143 2392 sine
1176 2345 1382 2408 pluviali,
1426 2347 1535 2410 quia
1562 2348 1760 2396 sacrista
1791 2349 2097 2398 mandaverat

326 2423 525 2487 pluviale
562 2439 648 2487 per
686 2424 1083 2472 inadvertentiam
1131 2427 1191 2474 ad
1236 2428 1520 2488 sacristiam,
1565 2431 1694 2493 quod
1735 2431 1822 2478 fuit
1865 2446 2094 2495 magnum

327 2506 692 2555 inconveniens.
731 2507 900 2554 Omnia
927 2507 1054 2556 facta
1083 2513 1194 2556 sunt
1225 2526 1360 2557 more
1398 2517 1647 2560 consueto.
1682 2515 1854 2561 Comes
1881 2514 2094 2564 Tendille

327 2590 457 2638 dedit
478 2605 649 2652 aquam
672 2593 798 2653 Pape
818 2594 926 2654 post
942 2590 1173 2639 lotionem
1194 2593 1390 2656 pedum.

395 2676 445 2721 In
475 2688 601 2733 sero,
632 2673 759 2721 circa
789 2674 959 2721 horam
988 2691 1048 2720 xx
1071 2679 1118 2723 et
1143 2693 1238 2735 xxi,
1271 2677 1398 2725 venit
1425 2678 1485 2726 ad
1508 2679 1762 2727 matutinas
1790 2682 2094 2732 tenebrarum

328 2757 386 2804 ad
418 2772 643 2820 magnam
674 2756 933 2823 capellam'
935 2773 993 2805 eo
1012 2758 1178 2807 ordine
1211 2764 1352 2822 prout
1377 2761 1483 2809 heli
1515 2778 1639 2810 sero.
1672 2763 1905 2813 Fimbrias
1938 2765 2095 2814 eundo

328 2840 529 2904 portavit
565 2839 819 2904 episcopus
848 2841 1108 2890 Aleriensis
1145 2845 1192 2890 et
1225 2842 1470 2891 ledeundo
1509 2845 1896 2910 archiepiscopus
1936 2847 2097 2896 Arela-

332 2924 475 2972 tensis
498 2924 795 2972 assistentes.
818 2925 923 2973 Alia
949 2926 1110 2975 omnia
1130 2927 1380 2975 observata
1401 2932 1510 2975 sunt
1529 2929 1704 2992 prout
1691 2946 1739 2976 111
1766 2931 2090 2979 ceremoniali.

333 3007 436 3054 luit
468 3007 663 3055 omnino
692 3023 746 3056 ac
772 3007 876 3056 heri
910 3008 1128 3057 similiter
1160 3014 1206 3058 et
1246 3010 1506 3059 scabellum
1540 3027 1627 3075 pro
1661 3028 1803 3062 cruce
1840 3017 1887 3062 et
1925 3014 2096 3064 cande-

328 3089 492 3148 labris,
517 3089 786 3152 depositum
810 3090 953 3138 etiam
981 3107 1076 3139 non
1099 3092 1185 3140 fuit
1212 3096 1321 3140 ante
1350 3093 1496 3142 altare
1521 3094 1737 3157 pallium.
1768 3097 1921 3160 Supra
1946 3097 2093 3146 altare

330 3176 376 3219 et
397 3172 660 3221 cancellum
684 3174 839 3237 posita
861 3180 970 3222 sunt
985 3175 1223 3223 intorticia
1243 3180 1290 3224 et
1309 3176 1463 3224 facule
1481 3192 1590 3225 cere
1606 3179 1893 3227 communis.

390 3258 578 3304 Venere
607 3260 789 3315 sancta,
829 3260 883 3305 13
906 3258 1086 3306 mensis
1121 3258 1300 3322 aprilis,
1334 3261 1416 3306 SS.
1458 3262 1515 3307 D.
1552 3262 1630 3319 N.,
1669 3261 1861 3310 indutus
1896 3263 2090 3321 amictu,

329 3337 452 3395 alba,
477 3338 685 3401 cingulo,
714 3339 835 3387 stola
858 3339 1087 3400 violacea,
1115 3357 1266 3405 cappa
1292 3342 1349 3389 de
1377 3343 1579 3391 scarlato
1604 3349 1652 3392 et
1677 3346 1810 3409 cujus
1838 3345 2092 3409 capucium

329 3418 442 3466 hinc
464 3425 511 3468 et
531 3421 640 3469 inde
662 3422 860 3483 spinetis
885 3438 1027 3486 super
1047 3423 1256 3486 spatulas
1279 3425 1406 3487 Pape
1428 3425 1665 3474 consitum
1687 3431 1806 3486 erat,
1829 3431 1876 3476 et
1901 3427 2091 3475 mitram
