2262 3958
340 314 410 349 296
945 309 1177 346 JOHANNIS
1211 309 1505 356 BURCHARDI,
1886 314 1993 355 [Avril
2013 315 2103 358 1488]

343 430 444 462 sua.
484 413 714 460 Omnibus
745 411 940 475 paratis,
971 412 1055 459 SS.
1095 414 1150 459 D.
1191 414 1245 459 N.
1282 411 1454 460 sedens
1489 413 1590 461 sine
1630 415 1767 463 mitra
1803 431 1890 480 pro
1923 418 2104 481 majore

343 496 684 544 commoditate
707 510 808 552 sua,
832 493 944 542 licet
966 497 1090 542 stare
1119 494 1379 554 debuisset,
1400 495 1643 544 benedixit
1663 498 1844 560 palmas
1864 499 1913 547 in
1931 499 2105 563 angulo

343 579 524 642 capelle
547 577 605 625 ad
621 578 723 640 ejus
740 576 982 625 sinistram
1005 577 1263 637 ordinataS,
1283 578 1599 626 cardinalibus
1615 583 1662 627 et
1674 580 1866 643 prelatis
1882 582 2105 631 omnibus

343 661 444 709 sine
463 660 604 708 mitra
626 659 859 707 stantibus
879 675 889 718 ;
915 659 1086 707 deinde
1108 660 1310 724 aspersit
1334 665 1379 709 et
1400 661 1659 709 incensavit
1682 678 1762 710 eas
1782 667 1830 711 et
1847 664 2102 726 distribuit,

343 747 392 791 ut
412 743 558 791 moris
581 747 670 790 est.
703 742 965 791 Cardinalis
995 759 1033 790 s.
1066 743 1324 791 Clementis
1350 744 1696 804 celebraturus,
1727 749 1925 809 accepta
1949 746 2109 809 palma

343 842 444 885 sua,
468 826 548 874 ivit
569 826 628 874 ad
650 825 966 874 faldistorium
990 842 1128 873 suum
1143 827 1280 890 juxta
1309 827 1456 875 altare
1478 827 1538 875 ad
1556 827 1820 891 parandum
1842 842 1919 887 se;
1943 827 2109 877 habuit
2186 835 2191 839 '

342 912 526 957 tantum
556 925 699 957 unam
727 909 953 972 palmam.
986 910 1131 956 Facta
1164 913 1236 957 est
1271 908 1443 957 deinde
1476 909 1720 972 processio
1755 914 1802 958 et
1833 910 1926 959 alia
1948 910 2109 960 omnia

343 1007 477 1041 more
527 996 774 1040 consueto.
828 991 1066 1039 Diaconus
1110 995 1158 1039 et
1207 991 1525 1040 subdiaconus
1572 992 1844 1041 habuerunt
1891 993 2108 1057 planetas

341 1075 539 1139 plicatas
584 1074 820 1122 violaceas
857 1077 904 1121 et
934 1071 999 1119 illi
1038 1076 1134 1121 tres
1166 1077 1387 1122 cantores
1430 1073 1709 1122 Passionem
1748 1075 1919 1123 dicturi
1954 1076 2106 1140 parati

342 1158 533 1206 fueiunt
554 1157 671 1206 albis
702 1161 749 1204 et
777 1155 911 1203 stolis
939 1170 994 1203 ac
1021 1155 1274 1218 manipulis
1309 1156 1550 1204 violaceis.
1586 1159 1716 1204 Unus
1743 1162 1906 1207 tamen
1939 1174 2107 1207 eorum

341 1240 506 1288 habuit
528 1240 726 1288 rubeam
749 1238 921 1287 stolam
943 1238 1003 1285 ob
1031 1238 1272 1330 defectum
1298 1238 1525 1287 violacee.
1552 1239 1657 1288 Alia
1677 1241 1840 1290 omnia
1859 1241 2108 1291 observata

342 1329 452 1373 sunt
467 1340 601 1372 more
625 1327 874 1372 consueto.

407 1407 594 1454 Palmas
630 1407 746 1454 duas
794 1421 993 1470 magnas
1040 1409 1166 1470 Pape
1203 1410 1458 1455 tenuerunt
1508 1423 1671 1457 comes
1703 1408 1948 1457 Altamure
1982 1407 2108 1457 filius

340 1492 567 1556 principis
604 1492 662 1540 de
696 1490 979 1553 Bissignano
1009 1505 1036 1537 a
1070 1489 1248 1538 dextris
1279 1495 1325 1537 et
1355 1505 1518 1538 comes
1554 1491 1816 1539 Mirandule
1851 1506 1879 1539 a
1904 1490 2107 1540 sinistris

342 1578 487 1638 Pape.
513 1575 666 1622 Finita
685 1573 848 1632 missa,
874 1588 984 1621 cum
1007 1573 1088 1620 SS.
1112 1574 1168 1619 D.
1187 1574 1243 1620 N.
1265 1572 1313 1619 in
1329 1574 1808 1637 cameraparamenti
1831 1579 2108 1638 paramenta

341 1657 627 1719 deponeret,
675 1654 961 1718 interrogavi
997 1656 1308 1704 Sanctitatem
1357 1672 1493 1704 suam
1534 1657 1581 1704 in
1633 1673 1728 1721 quo
1769 1657 1934 1706 ordine
1966 1657 2107 1706 vellet

341 1739 507 1787 venire
541 1740 599 1787 ad
635 1738 891 1786 matutinas
933 1739 1241 1787 tenebrarum
1279 1740 1503 1788 mercurii
1536 1740 1753 1803 proxime
1789 1741 1950 1789 futuri.
1987 1743 2107 1789 Res-

341 1820 508 1884 pondit
538 1820 761 1868 sanctitas
790 1835 876 1867 sua
902 1820 1030 1882 quod
1057 1835 1166 1868 cum
1187 1824 1350 1868 manto
1379 1824 1426 1868 et
1452 1821 1650 1884 capucio
1680 1821 1887 1871 inverso.
1924 1822 2106 1870 Avisavi

340 1907 596 1966 propterea
616 1902 868 1966 episcopos
890 1901 1167 1950 assistentes
1186 1906 1302 1950 utet
1323 1902 1411 1966 ipsi
1427 1918 1483 1951 ea
1497 1903 1573 1952 die
1589 1904 1840 1953 mantellos
1863 1920 1975 1953 suos
1996 1920 2106 1953 cum

342 1986 554 2049 capuciis
576 1990 624 2034 et
647 2001 743 2032 non
765 2001 941 2048 cappas
963 1989 1226 2048 portarent

406 2068 544 2116 Feria
577 2071 742 2131 quarta
769 2067 966 2130 majoris
995 2067 1316 2126 hebdomade,
1355 2070 1380 2115 3
1417 2067 1596 2115 mensis
1630 2068 1809 2131 aprilis,
1838 2068 1959 2117 hora
1982 2069 2109 2133 vige-

342 2150 462 2198 sima
491 2151 562 2199 vel
598 2150 739 2210 circa,
791 2151 874 2198 SS.
902 2152 959 2197 D.
999 2151 1053 2197 N.
1094 2149 1288 2197 indutus
1335 2148 1530 2210 amictu,
1577 2150 1701 2209 alba,
1733 2151 1943 2214 cingulo,
1982 2152 2106 2200 stola

339 2234 567 2293 violacea,
618 2236 780 2281 manto
827 2232 975 2281 rubeo
1011 2236 1057 2280 et
1095 2232 1302 2296 desuper
1333 2232 1534 2296 capucio
1570 2233 1720 2302 rub-eo
1755 2233 1961 2294 inverSO,
2004 2234 2107 2282 sine

341 2333 483 2366 cruce
506 2316 815 2380 sequentibus
840 2316 998 2379 ipsum
1027 2315 1346 2364 cardinalibus
1369 2321 1416 2365 et
1436 2316 1538 2364 aliis
1566 2332 1699 2365 more
1721 2316 1879 2376 solito,
1901 2316 2030 2364 venit
2047 2316 2109 2364 ad

340 2398 574 2461 capellam
601 2397 857 2460 maiorem,
892 2397 1057 2457 oravit,
1095 2398 1233 2458 sedit,
1268 2399 1487 2459 surrexit,
1530 2399 1644 2446 dixit
1675 2399 1825 2446 Pater
1851 2406 2022 2459 noster,
2060 2402 2107 2446 et

337 2481 430 2528 alia
468 2481 629 2528 omnia
660 2484 1077 2539 moreconsueto,
1115 2485 1162 2546 et
1193 2485 1334 2544 prout
1370 2482 1418 2528 in
1452 2481 1760 2529 ceremoniali
1798 2482 2102 2530 observatum

342 2569 431 2625 est,
486 2569 594 2611 sunt
646 2564 910 2612 observata.
967 2563 1200 2611 Fimbrias
1255 2564 1402 2612 manti
1449 2567 1576 2627 Pape
1626 2569 1723 2612 tam
1762 2564 1920 2612 eundo
1964 2579 2105 2628 quam

341 2647 587 2696 redeundo
617 2647 818 2710 portavit
849 2650 901 2695 R.
938 2648 990 2695 P.
1034 2649 1090 2694 D.
1129 2647 1374 2711 Philippus
1396 2646 1783 2711 archiepiscopus
1815 2648 2106 2696 Arelatensis

342 2730 568 2778 assistens
592 2732 736 2792 Pape,
750 2729 828 2792 qui
848 2734 895 2777 et
915 2745 1083 2778 omnes
1102 2729 1179 2777 alii
1200 2729 1477 2778 assistentes
1498 2730 1769 2779 habuerunt
1783 2730 2035 2780 mantellos
2056 2736 2104 2780 et

342 2814 538 2878 capucia
560 2814 607 2860 in
629 2814 823 2861 modum
847 2812 1247 2861 cubiculariorum
1269 2817 1315 2861 et
1337 2828 1434 2860 non
1455 2828 1646 2877 cappas.

406 2897 544 2945 Feria
573 2896 736 2959 quinta
767 2895 964 2960 majoris
991 2895 1313 2954 hebdomade,
1339 2899 1366 2942 4
1396 2895 1572 2944 mensis
1601 2896 1780 2960 aprilis,
1814 2899 1899 2946 SS.
1933 2899 1990 2946 D.
2023 2900 2102 2957 N.,

338 2984 533 3053 paratus
565 2979 761 3038 amictu,
791 2979 914 3039 alba,
951 2979 1159 3042 cingulo,
1199 2979 1336 3037 stola,
1379 2978 1567 3041 pluviali
1601 2978 1719 3027 albis
1756 2984 1803 3028 et
1834 2979 1975 3028 mitra
2001 2994 2107 3043 pre-

341 3064 478 3122 tiosa,
517 3062 889 3126 precedentibus
932 3077 1074 3110 cruce
1115 3066 1162 3111 et
1203 3061 1546 3119 cardinalibus,
1583 3061 1709 3109 venit
1749 3062 1809 3110 ad
1851 3062 2100 3126 capellam,

340 3146 505 3205 oravit,
542 3145 657 3193 fecit
701 3145 1055 3193 confessionem
1101 3161 1212 3193 cum
1255 3144 1546 3203 celebrante,
1583 3145 1799 3192 ascendit
1834 3145 1895 3193 ad
1930 3145 2103 3193 solium

341 3234 386 3277 et
407 3245 502 3276 non
524 3233 596 3277 est
617 3228 659 3277 ei
681 3228 803 3276 facta
831 3228 1094 3277 reverentia
1114 3244 1141 3276 a
1161 3226 1496 3285 cardinalibuS,
1529 3227 1615 3274 sed
1643 3227 1864 3276 adstatim
1895 3227 2102 3291 imposui

339 3310 603 3358 incensum.
641 3314 804 3358 Rmus.
843 3313 897 3359 D.
930 3311 1181 3359 cardinalis
1228 3308 1642 3358 vicecancellarius
1685 3310 1939 3374 episcopus
1986 3312 2103 3357 Por-

340 3394 522 3440 tuensis
556 3394 812 3443 celebravit
845 3395 1066 3453 missam,
1099 3393 1215 3442 dixit
1254 3394 1414 3443 Gloria
1446 3395 1495 3442 in
1521 3396 1730 3455 excelsis,
1758 3396 1871 3442 Pax
1903 3394 2026 3441 vobis
2056 3397 2103 3442 et
