2262 3958
295 313 366 348 200
900 309 1132 347 JOHANNIS
1166 309 1461 357 BURCHAnm,
1869 309 1949 353 [Mai
1971 309 2059 351 1486]

298 415 424 476 Papa
444 412 573 460 dedit
598 412 775 476 populo
806 410 1193 460 benedictionem
1229 412 1496 460 solemnem
1518 416 1565 461 et
1585 412 1676 461 alia
1703 412 1865 462 omnia
1893 413 2061 460 obser-

295 501 400 544 vata
421 501 531 544 sunt
548 511 683 543 more
702 499 949 543 consueto.

361 580 445 626 Die
463 583 519 626 16
541 578 721 626 mensis
736 578 958 626 februarii
974 579 1190 642 proxime
1205 579 1418 643 preteriti
1434 578 1768 639 serenissimus
1790 583 1837 628 et
1855 580 2060 629 invictis-

297 661 444 708 simus
466 659 688 723 princeps
705 660 988 708 Fredericus
1004 663 1329 708 Romanorum
1346 661 1608 724 imperator
1625 678 1815 727 semper
1832 669 2062 728 augustus

293 742 495 791 obtinuit
525 742 585 790 ab
612 743 901 791 electoribus
932 759 1015 791 sex
1036 743 1241 807 imperii,
1266 744 1484 792 videlicet
1506 747 1603 794 RR.
1629 747 1727 793 DD.
1755 747 2053 810 Moguntino,

295 824 568 874 Coloniensi
603 829 650 873 et
694 826 959 874 Trevirensi
999 826 1390 890 archiepiscopis,
1441 829 1614 876 comite
1657 829 1891 888 Palatino,
1939 830 2060 879 duce

295 909 498 958 Saxonie
521 913 566 957 et
582 909 862 958 marchione
877 909 1313 972 Brandeburgensi‚
1331 926 1441 973 rege
1455 912 1703 972 Bohemie,
1724 917 1776 961 ut
1794 912 2058 974 dicebatur,

292 1009 390 1041 non
406 996 573 1040 vocato
596 996 643 1039 et
663 992 879 1053 absente,
902 992 951 1039 in
973 992 1146 1056 oppido
1164 993 1564 1054 Francsordiensi,
1597 995 1705 1058 eligi
1728 996 1776 1043 in
1795 999 2063 1046 Romanum

292 1091 457 1140 regem
497 1075 566 1123 Ill.
608 1075 877 1139 principem
915 1076 1290 1124 Maximilianum
1332 1077 1639 1126 archiducem
1684 1079 1874 1127 Austrie
1910 1079 2061 1128 filium

293 1177 447 1220 suum,
479 1161 612 1223 cujus
631 1162 793 1207 orator
817 1162 929 1207 tunc
954 1159 1001 1207 in
1027 1160 1151 1208 Urbe
1180 1174 1380 1208 romana
1401 1165 1525 1219 erat3
1565 1162 1661 1224 qui,
1694 1162 1855 1211 audita
1879 1163 2060 1211 domini

294 1244 364 1292 sui
383 1242 707 1307 promotione,
728 1241 872 1290 voluit
894 1242 1096 1290 aliorum
1118 1258 1286 1306 regum
1314 1247 1528 1291 oratores
1550 1244 1599 1291 in
1627 1245 1752 1293 Urbe
1783 1245 2060 1294 assistentes

290 1327 568 1390 precedere,
586 1327 670 1374 sed
681 1327 746 1374 illi
762 1343 858 1374 non
876 1326 1215 1390 permiserunt.
1238 1327 1343 1375 Fuit
1359 1343 1433 1375 res
1451 1327 1500 1374 in
1515 1327 1800 1375 consistorio
1815 1328 2061 1391 proposita

292 1415 338 1458 et
353 1410 546 1474 agitata.
563 1411 777 1458 Tandem
793 1411 1075 1458 conclusum
1093 1410 1223 1473 quod
1242 1410 1440 1459 deberet
1459 1410 1700 1474 expectari
1721 1426 1935 1474 quosque
1956 1411 2062 1460 mit-

290 1498 473 1542 teretur
509 1495 569 1542 ad
594 1495 875 1558 pontificem
913 1500 960 1542 et
993 1499 1239 1558 peteretur
1274 1493 1652 1542 Maximilianum
1689 1510 1776 1557 pro
1824 1494 1978 1543 electo
2013 1500 2060 1543 et

290 1593 489 1625 romano
511 1594 624 1642 rege
653 1577 822 1626 haberi
844 1577 904 1625 ad
925 1577 1075 1625 instar
1102 1577 1256 1625 Caroli
1283 1577 1436 1640 quarti
1469 1577 1605 1641 cujus
1631 1577 1768 1625 litere
1808 1593 1918 1626 cum
1947 1594 2061 1642 pen-

288 1660 418 1707 denti
441 1660 674 1724 imperiali
700 1660 854 1723 sigillo
875 1661 1069 1709 fuerunt
1095 1660 1299 1709 adducte
1321 1660 1382 1709 ad
1401 1660 1552 1709 instar
1573 1660 1830 1709 Clementis
1852 1661 1910 1710 de
1927 1661 2055 1725 jure,

288 1748 334 1791 et
355 1747 467 1791 tunc
489 1743 683 1791 daretur
702 1742 836 1790 locus
863 1743 1057 1805 petitus.

354 1826 537 1874 Eodem
558 1831 776 1889 tempore
799 1841 882 1873 rex
903 1825 1146 1888 Hungarie
1169 1829 1384 1873 oratores
1415 1841 1527 1872 suos
1555 1825 1615 1873 ad
1641 1825 1917 1888 pontificem
1945 1826 2058 1874 mis-

288 1925 426 1957 surus
447 1909 584 1972 petiit
601 1924 688 1973 pro
705 1908 773 1956 eis
796 1907 977 1956 salvum
1000 1908 1307 1957 conductum.
1339 1909 1391 1955 ln
1425 1907 1711 1955 consistorio
1734 1907 1822 1955 fuit
1844 1908 2056 1957 decisum

285 1992 335 2040 id
353 1992 563 2040 alienum
595 1995 642 2040 et
668 2007 763 2039 non
795 1990 1022 2050 dandum,
1054 2007 1163 2038 cum
1197 1990 1419 2038 omnibus
1447 1990 1668 2053 gentihus
1707 1994 1753 2037 et
1785 1991 2056 2040 nationibus

287 2076 551 2124 tutissimus
586 2079 747 2140 pateat
784 2075 845 2123 ad
881 2074 1045 2123 sedem
1077 2074 1390 2138 apostolicam
1423 2089 1645 2122 accessus
1682 2073 1861 2137 absque
1898 2074 2056 2138 aliquo

283 2159 646 2223 impedimento.

349 2235 544 2302 SabatO,
572 2246 629 2291 13
652 2243 784 2301 maii,
808 2242 965 2306 vigilia
989 2245 1316 2299 PentecosteS,
1342 2240 1535 2288 fuerunt
1553 2255 1750 2304 vespere
1782 2240 1977 2304 papales
2006 2241 2055 2288 in

282 2325 465 2389 capella
482 2326 666 2389 majore
691 2325 871 2389 palatii,
908 2327 1036 2388 Papa
1060 2329 1284 2388 presente
1307 2327 1354 2372 et
1374 2323 1651 2387 incipiente,
1678 2339 1838 2387 quem,
1862 2323 2055 2388 incepto

282 2409 436 2472 primo
456 2408 660 2471 psalmo,
675 2407 961 2470 interrogavi
983 2423 1043 2454 an
1057 2407 1197 2454 vellet
1214 2406 1426 2470 incipere
1446 2407 1698 2471 hymnum,
1715 2406 1793 2454 ille
1813 2411 2054 2455 commoto

283 2490 442 2538 animo
463 2490 580 2538 mihi
601 2490 849 2553 respondit
881 2505 959 2537 me
987 2494 1096 2538 ante
1132 2489 1250 2537 duos
1283 2489 1385 2537 dies
1411 2489 1635 2537 debuisse
1658 2505 1794 2538 suam
1825 2489 2056 2538 Sanctita-

283 2578 380 2621 tem
418 2589 560 2637 super
584 2574 678 2621 hoc
714 2572 938 2631 avisasse‚
976 2576 1023 2621 et
1054 2589 1151 2620 non
1179 2572 1355 2636 incepit
1381 2591 1389 2621 :
1415 2573 1605 2637 incepto
1636 2576 1796 2621 autem
1825 2572 2059 2636 capitulo,

281 2656 406 2703 venit
427 2656 486 2703 ad
506 2655 821 2703 faldistorium
843 2655 940 2714 ubi,
974 2654 1107 2703 finito
1129 2655 1353 2718 capitum,
1386 2655 1489 2719 ipso
1526 2656 1800 2719 genusseXO,
1832 2659 2052 2704 cantores

283 2739 564 2802 inceperunt
592 2738 849 2802 hymnum;
875 2738 1010 2801 cujus
1037 2738 1192 2802 primo
1223 2755 1365 2786 versu
1398 2739 1655 2803 completo,
1681 2742 1825 2805 Papa,
1855 2743 2055 2802 accepta

282 2822 439 2881 mitra,
464 2821 593 2869 stetit
614 2821 673 2869 ad
693 2820 840 2869 finem
860 2836 994 2868 more
1026 2821 1183 2869 solito.
1221 2823 1274 2869 In
1297 2822 1392 2881 die,
1416 2824 1580 2870 Rmus.
1606 2825 1663 2870 D.
1687 2822 1931 2871 Johannes
1952 2838 2054 2871 car-

283 2903 451 2952 dinalis
467 2903 825 2966 Andegavensis
850 2903 1105 2952 celebravit
1124 2904 1320 2953 missam
1343 2905 1627 2964 solemnem,
1653 2908 1781 2969 Papa
1805 2909 2049 2969 presente,

279 2983 328 3035 in
347 2988 545 3035 basilica
566 3004 604 3034 s,
624 2987 769 3035 Petri,
790 2989 918 3049 Papa
937 3003 1034 3035 non
1056 2987 1233 3052 incepit
1255 3005 1444 3037 versum
1470 2989 1631 3037 Venite
1649 2996 1806 3036 sancte
1824 2988 2048 3052 Spiritus,

281 3071 392 3132 quia
411 3070 515 3118 heri
539 3070 587 3118 in
616 3070 828 3134 vesperis
858 3086 955 3117 non
983 3070 1227 3134 inceperat
1255 3072 1504 3136 hymnum.
1535 3073 1819 3120 Sermonem
1851 3070 1963 3119 fecit.
1989 3072 2046 3119 D.

279 3152 595 3218 Hieronymus
618 3155 805 3212 ScotuS,
832 3154 915 3201 SS.
942 3155 999 3201 D.
1025 3156 1080 3202 N.
1108 3152 1320 3213 scutifer,
1346 3153 1539 3201 natione
1574 3153 1819 3201 Senensis.

343 3237 479 3284 Feria
499 3241 684 3299 quarta,
705 3240 760 3284 17
780 3235 912 3295 maii,
930 3237 1051 3283 hora
1069 3251 1132 3282 xx
1150 3234 1223 3283 vel
1245 3234 1389 3293 circa,
1406 3234 1644 3282 intrarunt
1655 3236 1833 3283 Urbem
1853 3235 2046 3298 quidam

277 3320 334 3364 D.
359 3318 620 3378 JohanneS,
641 3335 669 3366 a
689 3319 896 3382 capitulo
928 3317 1253 3367 Premisliensi
1286 3318 1345 3365 ad
1372 3317 1627 3365 ecclesiam
1658 3318 2044 3366 Premisliensem

275 3400 455 3450 electus
477 3401 561 3449 sed
582 3402 794 3450 nondum
809 3418 895 3469 per
916 3402 1082 3452 sedem
1100 3400 1411 3468 apostolicam
1427 3400 1756 3460 confirmatuS,
1782 3407 1829 3449 et
1850 3399 2042 3465 quidam
