2262 3958
180 332 277 376 [suin
296 332 385 374 1489]
627 331 797 370 RERUM
830 331 1134 370 URBANARUM
1168 329 1521 369 COMMENTARII.
1897 324 1968 362 355

178 440 278 498 est;
312 441 361 486 et
388 439 498 501 post
532 436 927 486 benedictionem
964 437 1095 485 dedit
1131 435 1454 499 indulgentias
1485 431 1726 497 plenarias
1767 446 1883 494 quas
1918 430 1967 478 in

179 519 330 570 latino
350 520 410 570 de
432 522 564 569 Fuxo
587 525 635 569 et
661 520 710 568 in
740 520 922 586 vulgari
943 520 1002 569 de
1029 519 1263 569 Columna
1284 517 1449 566 RRmi.
1485 515 1676 565 diaconi
1699 513 1970 564 cardinales

177 594 314 653 more
329 603 470 653 solito
488 604 809 668 publicarunt.
848 614 854 619 '

175 695 178 699 ’
243 689 452 738 Sabbato
471 692 499 737 6
513 690 655 754 junii,
678 689 838 754 vigilia
859 691 1194 749 Pentecostes,
1232 688 1430 737 fuerunt
1461 700 1662 750 vespere
1692 683 1890 749 papales
1920 682 1969 731 in

105 794 118 801 ·
177 773 364 838 capella
401 775 588 840 maj0re
619 774 853 839 predicta,
890 775 1019 837 Papa
1052 776 1279 837 presente
1314 776 1360 820 et
1396 770 1676 834 incipiente,
1721 773 1770 817 et
1801 767 1850 816 in
1889 766 1966 816 die

178 858 400 922 sequenti
420 874 515 923 que
536 858 623 907 fuit
639 858 817 908 festum
841 861 1154 908 Pentecostes
1170 855 1258 904 fuit
1278 854 1428 902 missa
1449 852 1678 901 solemnis
1696 852 1745 899 in
1766 851 1965 899 basilica

179 941 453 1007 supradicta
473 958 619 1006 quam
641 943 902 992 celebravit
923 946 1090 991 Rmus
1106 943 1164 988 D.
1187 936 1443 988 cardinalis
1464 935 1823 1000 Andegavensis
1843 935 1967 999 epis-

180 1039 331 1090 copus
347 1025 654 1087 Albanensis,
676 1029 805 1091 Papa
821 1031 1067 1092 presente.
1086 1027 1173 1075 SS.
1186 1026 1244 1072 D.
1258 1026 1423 1071 noster
1440 1020 1594 1068 noluit
1606 1019 1713 1069 heri
1728 1020 1965 1085 hymnum

179 1108 393 1159 et'hodie
411 1108 463 1157 in
484 1109 633 1158 missa
652 1127 844 1159 versum
865 1110 1096 1170 Alleluia,
1132 1107 1252 1157 Veni
1281 1113 1441 1154 sancte
1462 1104 1688 1169 Spiritm,
1719 1103 1935 1169 incipere
1955 1119 1965 1162 3

179 1192 268 1243 sed
286 1197 544 1258 utrumque
573 1198 796 1244 cantores
819 1195 1106 1260 inceperunt
1142 1197 1190 1242 et
1220 1191 1465 1257 prosecuti
1495 1194 1604 1240 sunt
1631 1205 1769 1239 more
1804 1188 1966 1237 solito.

180 1277 604 1328 Sermonemfecit
627 1281 683 1326 R.
702 1278 753 1326 in
781 1278 971 1328 Christo
996 1281 1049 1326 P.
1076 1281 1133 1326 D.
1159 1276 1290 1325 Titus
1314 1275 1572 1340 episcopus
1595 1272 1864 1323 Castrensis
1890 1271 1974 1336 qui

178 1361 516 1426 pronunciavit
557 1362 881 1428 indulgentias
925 1361 1167 1427 plenarias
1211 1377 1298 1426 per
1340 1362 1521 1424 Papam
1569 1356 1972 1408 interessentibus

183 1455 460 1495 concessas

246 1527 429 1577 Eadem
447 1527 524 1577 die
547 1530 877 1589 PentecosteS,
893 1529 941 1577 in
964 1544 1091 1589 ser0,
1113 1531 1197 1578 SS.
1224 1531 1281 1576 D.
1302 1530 1358 1578 N.
1379 1527 1547 1576 incidit
1567 1527 1615 1576 in
1638 1526 1968 1576 infirmitatem

182 1611 340 1682 fluxus
362 1611 478 1661 satis
495 1611 770 1678 periculosi.

247 1695 476 1756 Sabbato,
510 1700 566 1746 13
585 1697 729 1762 junii,
753 1697 920 1762 vigilia
938 1715 976 1746 s.
995 1698 1256 1759 Trinitatis,
1282 1698 1478 1747 fuerunt
1498 1712 1700 1761 vespere
1725 1695 1969 1745 solemnes

180 1781 231 1830 in
251 1781 439 1846 capella
452 1783 639 1847 majore
658 1782 894 1846 predicta,
913 1785 1043 1847 Papa
1058 1783 1278 1842 absente,
1299 1782 1620 1831 cardinalibus
1643 1783 1969 1847 presentibuS.

181 1868 350 1916 Rmus.
377 1869 434 1916 D.
459 1867 717 1916 cardinalis
741 1867 1015 1916 Parmensis
1040 1871 1237 1932 paratus
1270 1882 1406 1916 more
1436 1866 1578 1915 solito
1600 1866 1713 1914 fecit
1736 1866 1969 1927 officium,

179 1951 256 2002 cui
274 1951 370 2000 dixi
382 1951 513 2017 quod
531 1951 806 2017 provideret
825 1952 1096 2001 orationem
1118 1968 1206 2017 pro
1223 1950 1688 2001 commemoratione
1709 1950 1970 2000 dominice.

181 2035 447 2102 Respondit
482 2036 763 2102 hujusmodi
807 2037 1325 2086 commemorationem
1358 2038 1460 2102 jam
1495 2053 1583 2101 per
1615 2036 1868 2085 biennium
1901 2035 1975 2084 vel

180 2119 442 2170 triennium
474 2120 652 2170 factam
689 2136 788 2170 non
821 2137 948 2181 esse,
985 2126 1247 2186 propterea
1274 2126 1321 2170 et
1354 2122 1500 2170 modo
1536 2137 1644 2170 eam
1682 2121 1844 2169 facere
1873 2136 1971 2170 non

181 2202 321 2254 velle.
343 2203 583 2268 Replicavi
606 2204 737 2267 quod
754 2204 813 2253 de
836 2196 1066 2269 expresso
1096 2205 1323 2254 mandato
1344 2205 1422 2253 illa
1444 2205 1561 2253 alias
1583 2204 1797 2253 obmissa
1820 2208 1966 2263 esset,

182 2293 230 2338 et
243 2303 341 2337 non
363 2303 475 2338 cum
497 2291 626 2337 esset
644 2288 889 2337 ordinaria
910 2293 957 2337 et
979 2291 1107 2354 Papa
1126 2289 1325 2338 absente
1348 2305 1456 2338 eam
1475 2289 1580 2338 fieri
1601 2289 1779 2338 debere
1807 2307 1815 2336 :
1842 2287 1968 2336 nihi-

179 2371 390 2422 lominus
425 2377 589 2421 tamen
618 2371 721 2437 ipse
751 2389 837 2421 sua
864 2372 1091 2438 opinione
1120 2374 1293 2423 cedere
1315 2374 1505 2435 nolenS,
1538 2373 1733 2423 obmisit
1759 2388 1971 2423 comme-

182 2456 502 2506 morationem
522 2456 829 2522 hujusmodi.

167 2557 170 2559 ·
237 2539 490 2591 Dominica
515 2543 574 2589 14
605 2541 844 2606 ejusdem,
885 2540 1061 2590 festum
1089 2540 1351 2601 Trinitatis,
1385 2541 1474 2589 fuit
1507 2541 1654 2589 missa
1675 2538 1904 2589 solemnis
1923 2538 1972 2586 in

181 2624 307 2675 dicta
325 2625 511 2691 capella
531 2641 676 2689 quam
694 2625 824 2674 idem
847 2625 1103 2674 cardinalis
1125 2624 1383 2674 celebravit
1415 2625 1561 2674 etiam
1592 2628 1722 2690 Papa
1749 2624 1967 2673 absente.

183 2710 470 2758 Sermonem
487 2707 602 2757 fecit
629 2711 687 2757 D.
711 2708 1034 2774 Hieronymus
1059 2710 1252 2758 Scottus
1282 2708 1512 2758 Senensis
1540 2709 1722 2758 electus
1757 2711 1972 2758 Suanen-

183 2792 266 2841 sis.
293 2791 426 2842 ldem
447 2791 704 2841 cardinalis
727 2793 978 2842 celebrans
999 2809 1088 2857 per
1109 2808 1327 2842 errorem
1350 2809 1492 2842 suum
1521 2793 1638 2842 dixit
1665 2796 1777 2842 ante
1799 2792 1971 2840 oratio-

182 2891 296 2926 nem
317 2879 427 2924 ante
452 2875 705 2940 epistolam
728 2875 963 2924 Dominus
987 2876 1222 2925 vobiscum
1249 2895 1258 2925 ε
1284 2893 1378 2941 quo
1401 2877 1548 2939 dicto,
1576 2875 1802 2925 adstatim
1830 2879 1968 2925 ante-

184 2976 328 3025 quam
349 2963 573 3009 cantores
591 2960 958 3024 responderent,
988 2959 1236 3025 subjunxit
1262 2961 1371 3009 Pax
1398 2962 1540 3009 vobis.

250 3043 389 3094 Feria
423 3044 653 3105 secunda,
695 3045 751 3094 15
779 3042 927 3109 junii,
974 3045 1152 3093 festum
1196 3049 1475 3094 sanctorum
1515 3045 1612 3096 Viti
1650 3050 1696 3094 et
1739 3043 1964 3103 Modesti,

186 3129 240 3177 R.
267 3131 320 3177 P.
346 3131 402 3177 D.
429 3129 626 3179 Carolus
647 3129 903 3194 episcopus
927 3128 1160 3178 Ostiensis
1192 3129 1450 3179 celebravit
1477 3129 1676 3178 missam
1699 3129 1968 3178 solemnem

184 3213 232 3261 in
266 3212 471 3262 ecclesia
499 3229 538 3261 s,
562 3213 659 3264 Viti
686 3213 735 3261 in
762 3213 965 3272 Macello
994 3229 1088 3277 que
1117 3217 1191 3262 est
1214 3213 1338 3261 Rmi.
1369 3216 1426 3262 D.
1458 3213 1713 3263 cardinalis
1739 3210 1932 3262 Ascanii
1957 3230 1968 3263 ε

186 3296 509 3346 interfuerunt
550 3312 719 3347 omnes
759 3296 926 3345 RRmi.
974 3299 1081 3344 DD.
1143 3297 1412 3346 cardinales
1458 3297 1508 3345 in
1552 3298 1677 3346 Urbe
1720 3301 1974 3363 presentes

186 3392 392 3432 numero
443 3381 796 3443 novemdecim,
839 3382 1036 3446 dempto
1070 3381 1316 3430 cardinale
1352 3380 1702 3445 Andegavense
1749 3380 1971 3439 infirm03

189 3466 356 3517 omnia
384 3466 513 3517 dicta
557 3470 667 3516 sunt
697 3466 865 3516 ordine
906 3470 1140 3516 consueto
1183 3470 1231 3515 et
1264 3465 1447 3515 dictum
1478 3470 1552 3514 est
1593 3465 1745 3514 Credo
1781 3469 1982 3530 propter
