2262 3958
338 329 408 364 356
940 319 1172 357 JOHANNIS
1206 318 1499 371 BURCHARDI,
1890 325 1985 365 [Juin
2008 325 2097 368 1489]

339 427 654 493 patrocinium
676 424 897 474 ecclesie.
925 423 1160 472 Diaconus
1183 427 1230 471 et
1251 422 1572 471 subdiaconus
1599 438 1654 472 ac
1678 428 1901 473 cantores
1919 425 2103 490 capelle

338 516 501 560 nostre
522 509 852 557 ministrarunt
874 512 920 555 et
941 510 1193 555 cantarunt
1211 506 1441 555 officium.

402 593 540 641 Feria
583 595 766 654 quarta,
824 594 890 650 17,
928 589 1108 637 mensis
1145 589 1284 653 junii,
1334 589 1489 653 vigilia
1531 589 1838 639 sacratissimi
1879 583 2102 657 ¹corporis

339 675 528 733 Christi,
550 675 742 723 suerunt
766 689 963 737 vespere
984 673 1180 737 papales
1207 672 1255 719 in
1289 673 1472 736 capella
1501 674 1681 737 majore
1714 675 1944 738 predicta,
1971 678 2100 740 Papa

337 759 553 806 absente.
592 757 811 805 Officium
837 756 948 804 fecit
974 760 1138 804 Rmus.
1179 759 1235 804 D.
1276 756 1527 804 cardinalis
1565 773 1602 803 S.
1645 758 1894 806 Anastasie
1933 758 2098 808 ordine

339 844 588 890 consueto.
615 842 733 888 Cum
752 827 992 888 diceretur
1021 839 1070 887 in
1090 839 1270 904 hymno
1291 855 1454 887 versus
1478 839 1682 887 Tantum
1702 856 1812 904 erqo
1840 857 2103 890 sacramen-

339 933 453 982 tam,
476 926 533 971 D.
552 923 792 971 Thomeus
813 923 994 987 capelle
1013 927 1176 970 nostre
1198 924 1459 970 Rmum.·D.
1482 922 1774 972 cardinalem
1797 940 1835 970 s.
1849 924 2101 973 Anastasia

337 1011 467 1055 stans
494 1006 758 1070 genuflexit
791 1011 838 1055 et
867 1006 979 1055 fecit
1008 1006 1152 1055 etiam
1181 1005 1473 1054 cardinalem
1497 1006 1822 1069 genuflectere
1854 1022 1909 1055 ac
1936 1022 2014 1055 me
2042 1006 2105 1056 ad

337 1105 451 1139 eum
469 1090 669 1138 vocavit.
695 1092 793 1154 Ego
814 1089 1167 1138 inadvertenter
1185 1089 1245 1137 ad
1266 1104 1377 1137 eum
1405 1089 1462 1136 ivi
1486 1092 1534 1137 et
1551 1089 1808 1153 genuflexi,
1838 1105 1933 1138 non
1951 1090 2107 1139 consi-

339 1173 511 1222 derans
533 1188 748 1222 errorem
774 1189 912 1220 suum
935 1189 944 1232 ;
979 1173 1081 1231 sed,
1105 1172 1297 1236 cognito
1318 1188 1407 1235 per
1435 1188 1511 1220 me
1536 1187 1699 1221 errore
1723 1173 1904 1221 surrexi
1932 1178 1981 1222 et
2010 1173 2104 1222 feci

339 1255 445 1304 illos
467 1271 681 1320 surgere,
706 1271 795 1305 nec
817 1255 936 1304 alius
959 1255 1219 1319 genuflexit
1248 1273 1256 1302 :
1282 1255 1341 1304 ab
1361 1255 1582 1304 omnibus
1605 1259 1765 1304 tamen
1785 1272 1920 1305 error
1941 1260 2107 1305 noster

341 1343 531 1388 notatus
558 1339 660 1387 fuit.
1138 1389 1146 1396 ‚

404 1425 454 1469 ln
472 1422 709 1482 omnibus,
723 1425 774 1470 ut
790 1421 1067 1486 plurimum,
1084 1421 1300 1471 ecclesiis
1317 1421 1374 1470 ad
1389 1438 1577 1470 versum
1595 1422 1726 1470 illum
1742 1423 1795 1470 fit
1812 1421 2102 1486 genuflexio,

341 1511 389 1555 et
414 1506 554 1565 bene,
580 1522 688 1554 cum
708 1505 757 1552 in
788 1505 879 1553 illis
914 1520 1057 1569 super
1076 1505 1221 1553 altare
1245 1509 1599 1554 sacramentum
1629 1506 1838 1569 positum
1868 1510 1958 1565 est,
1979 1505 2107 1568 quod

340 1593 593 1653 propterea
619 1589 666 1636 in
697 1588 880 1652 capella
915 1591 1079 1636 nostra
1111 1588 1378 1636 obmittitur
1408 1588 1516 1650 quia
1542 1593 1892 1638 sacramentum
1923 1589 1971 1637 in
1999 1605 2105 1638 ves-

286 1674 297 1678 “
339 1672 465 1737 peris
486 1672 534 1719 in
561 1687 619 1721 ea
639 1688 785 1735 super
802 1671 936 1720 altari
958 1671 1070 1735 poni
1101 1686 1197 1720 non
1226 1671 1465 1720 convenit.
1491 1671 1704 1720 Intimavi
1726 1675 1779 1720 R.
1803 1675 1852 1721 S.
1879 1666 2104 1738 episcopo

339 1755 565 1819 Agatensi
604 1755 778 1803 vicario
811 1755 1007 1803 basilice
1037 1771 1076 1802 s.
1114 1754 1240 1803 Petri
1268 1755 1396 1817 quod
1435 1753 1563 1802 clero
1596 1754 1791 1804 basilice
1817 1756 2032 1820 predicto
2059 1760 2107 1807 et

340 1837 583 1886 canonicis
604 1838 852 1886 mandaret
879 1854 940 1885 ne
974 1838 1050 1885 die
1078 1837 1287 1885 crastina
1310 1836 1357 1883 in
1386 1842 1548 1884 nostra
1576 1839 1886 1900 processione
1913 1839 2109 1907 incede--

339 1925 462 1981 rent,
487 1921 573 1969 sed
593 1937 702 1969 cum
723 1921 852 1969 clero
875 1920 1014 1969 Urbis
1036 1921 1106 1969 vel
1132 1925 1240 1984 post
1266 1920 1418 1979 illum,
1443 1924 1525 1967 aut
1552 1935 1650 1966 non
1671 1920 1905 1969 venirent.
1928 1921 2105 1970 Simili·

336 2007 409 2052 ter
429 2007 476 2052 et
494 2004 589 2052 hoc
610 2019 750 2052 mane
773 2003 942 2051 avisavi
966 2006 1021 2051 D.
1049 2003 1345 2068 Raynaldum
1366 2002 1606 2050 notarium
1630 2001 1787 2050 vicarii
1813 2004 1953 2053 Urbis
1974 2004 2104 2068 quod

338 2086 583 2136 ordinaret
611 2087 740 2135 clero
775 2087 913 2135 Urbis
945 2103 1078 2134 suam
1099 2089 1458 2150 processionem
1486 2090 1720 2155 inciperet
1746 2091 1867 2138 hora
1894 2104 1974 2136 vm
1996 2103 2102 2136 cras

337 2186 478 2219 mane
495 2175 541 2219 et
561 2171 815 2234 perficeret
836 2174 1094 2233 antequam
1116 2175 1278 2218 nostra
1297 2170 1587 2235 inciperetur
1605 2189 1614 2220 :
1633 2172 1762 2236 quod
1775 2171 1842 2220 sic
1865 2171 2101 2219 facturum

337 2254 468 2302 dixit.
500 2254 608 2303 Feci
642 2255 786 2303 etiam
821 2254 1029 2302 intimari
1055 2271 1142 2318 per
1166 2270 1384 2303 cursores
1416 2255 1698 2304 officialibus
1733 2270 1930 2302 romane
1969 2253 2100 2302 curie

335 2336 464 2400 quod
482 2337 602 2384 hora
622 2353 667 2384 lx
684 2337 907 2384 adessent
924 2337 999 2385 die
1021 2337 1229 2385 crastino
1252 2337 1298 2384 in
1316 2338 1491 2401 palatio
1512 2338 1775 2402 apostolico
1793 2353 1880 2401 per
1896 2336 2102 2386 schedu-

333 2418 431 2467 lam
453 2435 594 2482 quam
616 2419 846 2483 magistro
869 2435 1118 2467 cursorum
1139 2420 1247 2467 dedi
1272 2408 1550 2483 hujusmodi
1575 2421 1754 2468 tenoris
1785 2438 1794 2467 ε

401 2504 470 2550 De
491 2502 715 2550 mandato
753 2503 836 2549 SS.
876 2504 932 2548 D.
960 2502 1110 2549 nostri
1142 2517 1264 2565 pape
1297 2502 1544 2551 intimetur
1571 2502 1886 2565 infrascriptis
1917 2502 2098 2551 officia-

332 2584 455 2633 libus
475 2588 709 2647 quatenus
731 2599 899 2632 omnes
918 2588 965 2632 et
984 2583 1156 2646 singuli
1179 2583 1255 2642 die
1276 2584 1482 2632 crastina
1501 2584 1765 2633 festivitatis
1787 2585 2095 2634 sacratissimi

334 2666 549 2730 corporis
570 2669 628 2713 D.
649 2668 702 2714 N.
722 2668 763 2713 J.
787 2666 978 2726 Christi,
999 2667 1119 2714 hora
1139 2683 1266 2715 nona
1281 2667 1408 2731 apud
1429 2685 1467 2715 s.
1489 2671 1682 2716 Petrum
1700 2667 1748 2716 in
1769 2668 1942 2732 palatio
1961 2684 2098 2732 apos-

334 2747 478 2795 tolico
505 2747 630 2797 intra
649 2748 852 2812 primam
877 2752 1064 2812 portam
1093 2748 1141 2796 in
1178 2748 1309 2797 curia
1341 2749 1519 2798 ibidem
1549 2750 1720 2814 singuli
1754 2767 1865 2799 cum
1897 2751 2096 2815 singulis

331 2830 581 2880 intorticiis
619 2831 834 2880 honestis
879 2835 1129 2895 presentes
1157 2847 1263 2879 esse
1297 2831 1504 2880 debeant
1536 2837 1582 2881 et
1616 2833 1787 2882 exinde
1823 2833 2096 2897 processio-

331 2914 505 2962 naliter
525 2929 582 2963 eo
605 2914 771 2963 ordine
801 2915 1064 2977 procedere
1104 2919 1242 2978 prout
1273 2918 1436 2963 RmuS.
1472 2919 1529 2964 D.
1567 2915 1987 2966 vicecancellarius
2013 2920 2095 2966 aut

332 2997 435 3060 ejus
466 2996 859 3046 vicecamerarius
896 2997 1156 3057 mandabit,
1188 2998 1282 3052 ,sub
1315 3014 1440 3061 pena
1460 2998 1658 3048 arbitrio
1691 3001 1774 3048 SS.
1801 3002 1856 3047 D.
1883 3001 1940 3047 N.
1969 3013 2092 3063 pape

331 3080 621 3144 imponenda
645 3097 655 3128 :

395 3162 631 3226 Magistris
663 3164 910 3228 utriusque
940 3164 1144 3228 registri,

391 3246 628 3309 Magistris
649 3247 849 3311 plumbi,

396 3327 728 3390 Bullatoribus,

369 3432 371 3434 ·
396 3410 740 3460 Collectoribus
768 3413 969 3476 plumbi,
