2262 3958
388 336 458 373 396
988 335 1220 382 JOHANNIS
1255 335 1548 383 BURCHARD1‚
1884 339 2037 380 [sevrier
2059 340 2148 383 149⁰]

386 442 580 501 paratus
600 454 732 486 more
752 438 891 486 solito
904 438 1030 486 venit
1047 439 1106 486 ad
1125 439 1357 502 capellam
1378 440 1614 502 majorem
1636 439 1795 502 palatii
1819 440 1897 489 ubi
1916 440 2041 488 facta
2063 440 2151 490 sibi

386 537 414 568 a
439 522 757 569 cardinalibus
793 521 1074 580 reverentia,
1108 522 1373 570 cardinales
1406 522 1494 585 ipsi
1529 522 1577 568 in
1609 522 1728 570 locis
1763 523 1859 570 suis
1904 527 1952 571 et
1982 524 2151 588 prelati

386 609 521 651 extra
540 605 805 652 cancellum
834 604 1013 668 capelle
1036 610 1326 668 acceperunt
1348 609 1643 668 paramenta.
1674 608 1793 654 Tum
1824 608 1951 670 Papa
1978 607 2150 655 sedens

388 702 495 734 cum
513 687 654 735 mitra
674 687 790 735 dixit
811 704 820 735 :
845 687 1044 734 ‚Exaudi
1063 695 1174 746 etc.;
1196 687 1368 736 deinde
1387 688 1604 750 deposita
1624 688 1765 736 mitra
1779 689 1934 740 adhuc
1956 690 2148 749 sedens,

387 785 445 817 ex
466 785 522 817 eo
539 770 665 832 quod
687 770 945 819 scabellum
967 771 1145 833 pedum
1174 786 1370 818 suorum
1397 771 1538 817 nimis
1567 771 1719 819 altum
1749 776 1870 831 erat,
1895 789 2038 836 super
2057 790 2150 837 quo

387 855 517 899 stans
542 852 903 901 benedictiones
930 854 1157 902 dicendas
1177 855 1299 902 bene
1323 855 1482 902 videre
1501 870 1598 902 non
1625 859 1830 918 poterat,
1860 860 1910 904 ut
1931 856 2148 905 dicebat:

384 939 640 998 propterea
679 937 817 996 sedit,
848 938 1094 986 benedixit
1127 939 1313 986 cineres
1356 954 1472 1000 quas
1501 938 1561 985 ad
1587 938 1693 1002 ejus
1726 938 1972 986 dexteram
2000 954 2153 1003 genu-

384 1017 536 1065 flexus
557 1021 613 1066 D,
638 1021 876 1068 Mattheus
906 1021 1019 1069 Cibo
1052 1022 1370 1069 subdiaconus
1393 1021 1440 1068 in
1470 1020 1611 1069 bacili
1642 1021 1852 1069 tenebat.
1879 1021 2151 1070 Benedictis

387 1099 646 1161 cineribus,
679 1104 886 1166 aspersis
909 1108 956 1151 et
980 1104 1255 1163 incensatis,
1282 1104 1485 1152 accessit
1514 1103 1574 1151 ad
1593 1103 1872 1166 pontificem
1901 1106 2066 1153 Rmus
2093 1106 2148 1155 D.

386 1183 638 1232 cardinalis
670 1201 708 1232 S.
745 1187 872 1234 Petri
904 1187 962 1233 ad
997 1187 1200 1236 Vincula
1226 1188 1382 1250 major
1410 1186 1772 1250 penitentiarius
1801 1187 2146 1246 celebraturus,

387 1265 608 1313 omnibus
647 1269 938 1330 paramentis
976 1269 1209 1332 demptiS,
1266 1269 1559 1317 chirothecis
1600 1274 1647 1317 et
1682 1270 1822 1318 anulo
1867 1271 2146 1333 pontificali,

386 1348 575 1397 detecto
595 1350 749 1413 capite
774 1355 820 1399 et
842 1356 971 1399 stans
998 1366 1161 1399 coram
1185 1352 1413 1415 pontifice
1441 1370 1448 1398 :
1477 1368 1620 1414 supra
1645 1352 1906 1400 scabellum
1927 1354 2151 1417 imposuit

386 1431 430 1478 ei
449 1431 634 1480 cineres
652 1433 771 1481 nihil
792 1433 972 1482 dicens.
998 1434 1179 1482 Deinde
1201 1434 1434 1498 pontifex,
1462 1439 1661 1498 accepta
1687 1435 1828 1483 mitra
1857 1439 1904 1483 et
1933 1436 2149 1499 gremiali

386 1513 613 1576 imposuit
639 1515 793 1578 primo
828 1516 1055 1564 cardinali
1078 1533 1105 1564 a
1122 1534 1215 1580 quo
1246 1517 1432 1566 cineres
1455 1517 1657 1580 accepit,
1683 1522 1784 1565 tum
1802 1518 1905 1565 aliis
1933 1519 2152 1567 cardina-

385 1596 509 1644 libus
539 1598 732 1660 prelatis
755 1603 802 1645 et
823 1599 925 1646 aliis
956 1615 1090 1647 more
1119 1600 1275 1660 solito,
1315 1597 1590 1648 cantoribus
1623 1601 1821 1648 interim·
1851 1601 2151 1650 cantantibus

387 1679 702 1727 Immutemzcr
721 1681 899 1740 habitu,
926 1689 1036 1740 ete.;
1054 1682 1150 1744 qui,
1173 1682 1317 1730 etiam
1333 1683 1524 1746 incepta
1537 1699 1624 1747 per
1643 1683 2151 1747 pontificem-cinerum

387 1762 739 1823 benedictione,
766 1768 812 1811 et
845 1764 987 1824 male,
1013 1770 1324 1813 cantaverunt
1359 1766 1672 1828 antiphonam
1700 1766 1900 1814 Exaudi
1929 1783 2030 1827 7208,
2064 1775 2149 1815 etc.

389 1845 542 1892 Finita
560 1846 911 1907 distributione,
943 1850 1072 1910 Papa
1093 1848 1204 1895 lavit
1227 1863 1416 1905 manus,
1442 1853 1661 1896 senatore
1687 1849 1825 1896 Urbis
1859 1865 2033 1911 aquam
2067 1850 2154 1898 mi-

386 1926 617 1976 nistrante
645 1933 693 1976 et
720 1932 858 1976 Rmo.
894 1932 949 1976 D.
982 1930 1390 1989 vicecancellario,
1419 1931 1499 1994 qui
1522 1947 1579 1978 ex
1601 1946 1650 1979 se
1671 1946 1768 1978 non
1789 1935 1983 1979 vocatus
2003 1932 2147 1991 venit,

388 2010 659 2073 adjuvante,
682 2012 794 2060 licet
812 2012 1021 2060 officium
1045 2029 1183 2061 suum
1201 2013 1345 2061 hodie
1376 2029 1471 2061 non
1498 2019 1627 2062 esset
1650 2014 1735 2062 sed
1755 2014 1927 2077 prioris
1948 2015 2149 2079 presby-

385 2096 597 2140 terorum
620 2095 932 2143 cardinalium
958 2112 967 2143 :
994 2099 1173 2149 tamen,
1198 2100 1451 2158 postquam
1472 2096 1573 2159 ipse
1593 2099 1880 2155 accesserat,
1904 2111 2002 2144 non
2019 2098 2150 2160 potui

384 2176 588 2224 honeste
610 2176 767 2240 ipsum
784 2178 1022 2241 expellere
1045 2183 1092 2227 et
1114 2178 1259 2226 alium
1282 2194 1473 2237 vocare,
1501 2184 1758 2242 propterea
1785 2179 2000 2242 permisi.
2037 2181 2150 2229 Ser-

384 2274 580 2306 monem
606 2259 719 2307 fecit
744 2263 799 2308 R.
840 2263 891 2308 P.
927 2264 984 2308 D.
1024 2261 1154 2308 Titus
1177 2261 1431 2325 episcopus
1460 2261 1725 2310 Castrensis
1749 2261 1798 2309 in
1818 2261 2109 2325 patrimonio
2133 2280 2144 2312 :

384 2343 546 2391 omnia
575 2343 665 2390 alia
694 2345 944 2393 observata
976 2350 1086 2393 sunt
1116 2362 1249 2394 more
1280 2350 1529 2394 consueto.
1566 2346 1709 2394 Missa
1739 2346 1865 2394 dicta
1898 2350 1972 2394 est
1993 2346 2051 2394 de
2073 2345 2149 2394 die

385 2425 599 2473 cinerum
621 2430 667 2474 et
684 2442 782 2474 non
804 2429 861 2475 de
885 2428 1026 2476 festo.
1646 2479 1655 2487 ,

447 2509 715 2571 Antequam
739 2512 819 2557 SS.
844 2513 898 2558 D.
926 2513 980 2558 N.
1010 2511 1159 2559 exiret
1178 2512 1235 2559 de
1256 2526 1465 2570 camera,
1499 2510 1690 2558 interim
1724 2511 1836 2558 dum
1869 2516 2150 2574 paramenta

382 2591 637 2653 acciperet,
664 2592 921 2655 supplicavi
955 2598 1001 2641 et
1030 2594 1211 2642 obtinui
1241 2610 1268 2640 a
1290 2593 1549 2640 Sanctitate
1574 2610 1659 2641 sua
1681 2609 1768 2656 pro
1797 2594 1935 2642 nobis
1962 2593 2147 2642 clericis

385 2672 783 2733 ceremoniarum,
807 2674 1081 2722 cantoribus
1098 2679 1145 2722 et
1167 2674 1387 2722 omnibus
1407 2674 1696 2722 officialibus
1712 2676 1893 2738 capelle
1910 2691 1993 2724 sue
2017 2691 2151 2725 sanc-

384 2753 528 2802 titatis
550 2755 679 2818 quod
709 2756 942 2804 visitando
966 2761 1151 2820 septem
1179 2757 1342 2806 altaria
1375 2757 1568 2806 basilice
1601 2774 1638 2806 s.
1664 2759 1800 2806 Petri
1835 2763 2150 2823 assequantur

381 2836 699 2899 indulgentias
718 2839 994 2899 stationum,
1020 2845 1066 2888 et
1088 2842 1215 2903 quod
1237 2841 1435 2904 quilibet
1449 2845 1667 2888 nostrum
1688 2846 1852 2905 posset
1870 2842 1958 2890 sibi
1971 2842 2148 2905 eligere

384 2920 717 2968 confessorum
740 2921 820 2983 qui
845 2937 953 2969 eum
975 2923 1187 2986 plenarie
1215 2924 1264 2970 in
1292 2923 1512 2971 omnibus
1535 2924 1723 2971 casibus
1745 2925 1957 2973 absolvat
1985 2930 2032 2974 et
2051 2926 2153 2988 ple-

382 3002 566 3049 nariam
586 3004 923 3051 remissionem
955 3006 1169 3052 omnium
1199 3010 1509 3068 peccatorum
1535 3022 1729 3053 suorum
1760 3007 2020 3069 impendat.
2055 3008 2150 3056 Sed

384 3086 533 3134 erravi
556 3086 603 3132 in
625 3086 832 3149 petendo
863 3087 1138 3151 hujusmodi
1166 3089 1515 3151 indulgentiam
1549 3089 1808 3136 stationum
1844 3105 1931 3152 pro
1960 3091 2151 3139 visitan-

383 3169 507 3216 tibus
527 3174 712 3232 septem
743 3170 911 3218 altaria
929 3171 1053 3218 dicte
1079 3171 1292 3230 basilice,
1320 3171 1430 3233 quia
1451 3170 1591 3218 debui
1619 3172 1813 3234 petiisse
1847 3188 1933 3236 pro
1954 3173 2149 3221 visitan—

387 3252 508 3299 tibus
538 3252 687 3300 altare
720 3254 872 3316 majus
894 3258 1078 3301 tantum
1109 3254 1325 3316 ejusdem
1354 3253 1569 3310 basilice,
1611 3254 1722 3316 quia
1762 3259 1947 3317 septem
1983 3242 2148 3303 altaria

384 3335 538 3382 solent
556 3335 755 3383 concedi
788 3336 894 3382 loco
924 3342 1108 3398 septem
1140 3336 1449 3384 ecclesiarum
1479 3336 1812 3400 principalium
1851 3338 1990 3384 Urbis
2019 3342 2143 3385 tem-

388 3431 501 3478 pore
522 3418 710 3479 jubilei,
736 3418 810 3465 vel
831 3419 942 3476 alio,
964 3424 1103 3481 prout
1126 3418 1319 3481 petitur.
