2262 3958
295 368 363 402 102
901 363 1131 401 JOHANNIS
1165 362 1459 409 BURCHARDI,
1727 364 1947 407 [Septembre
1969 364 2061 405 1484]

294 469 469 529 tabant,
511 470 623 516 licet
658 469 706 515 in
746 468 831 516 viis
866 466 1036 530 amplis
1078 466 1346 530 potuissent
1384 464 1724 515 convenienter
1765 466 1907 530 primi
1938 466 2051 526 duo,

291 552 461 600 deinde
484 552 560 599 alii
582 556 678 599 tres
699 550 889 597 insimul
911 549 1169 612 equitasse,
1193 546 1501 596 videlicetiad
1527 541 1742 596 dextram
1768 548 2059 596 Alemanno-
2131 595 2152 606 „

291 651 415 694 rum,
445 635 504 682 ad
534 635 773 681 sinistram
805 633 965 696 populi
999 632 1202 691 romani,
1232 631 1403 679 deinde
1432 630 1480 677 in
1506 630 1716 679 cruciate
1746 631 1904 679 medio
1932 631 2058 678 Rho-

290 717 478 775 dianus,
510 731 702 764 crucem
741 715 926 773 ferens,
976 715 1035 761 ad
1077 714 1323 762 dexteram
1363 713 1576 762 Ecclesie
1625 717 1672 761 et
1713 713 1773 761 ad
1810 713 2052 762 sinistram

291 815 534 847 armorum
551 802 675 862 Pape
691 799 858 846 vexilla
880 799 1171 846 deferentes.

357 882 620 930 Duodecim
643 883 751 946 equi
775 882 867 930 albi
890 898 999 930 cum
1021 882 1260 945 coopertis
1282 882 1339 931 de
1357 882 1533 930 velluto
1557 880 1829 929 cremesino
1853 895 1907 929 ac
1930 879 2058 928 sellis

291 969 337 1013 et
364 965 508 1013 frenis
551 965 789 1014 deauratis
824 966 1151 1025 ornatissime,
1185 982 1303 1029 quos
1339 964 1595 1013 duodecim
1635 964 1895 1012 familiares
1932 966 2058 1027 Pape

292 1048 498 1095 vestibus
520 1048 730 1096 rosaceis
751 1048 902 1095 induti
925 1047 1165 1095 ducebant
1184 1063 1272 1112 per
1289 1049 1495 1108 frenum,
1520 1048 1717 1096 baculos
1741 1048 1917 1094 rubeos
1940 1062 2057 1095 auro

290 1130 437 1178 mixto
458 1131 673 1195 depictos
698 1132 868 1194 longos
891 1131 939 1178 in
961 1131 1051 1179 alia
1071 1147 1216 1179 manu
1239 1135 1507 1195 gestantes3
1534 1131 1602 1179 hii
1624 1147 1745 1180 unus
1773 1134 1882 1196 post
1909 1126 2056 1179 alium

293 1218 457 1262 ornate
479 1214 788 1262 incedebant.

355 1299 564 1352 Quatuor
585 1296 710 1344 cives
732 1297 933 1356 romani,
967 1298 1177 1346 scutiferi
1198 1299 1395 1346 honoris
1417 1298 1693 1362 nuncupati,
1719 1298 1898 1346 ornatis
1919 1297 2061 1346 vesti-

288 1380 375 1426 bus
397 1379 565 1438 induti,
590 1378 687 1426 bini
710 1384 756 1427 et
775 1379 871 1427 bini
894 1381 1177 1443 equitantes,
1210 1386 1414 1445 quorum
1444 1382 1641 1445 quilibet
1668 1382 1889 1445 portabat
1909 1396 2056 1429 unum

290 1463 555 1526 cappellum
578 1462 635 1510 de
656 1463 811 1511 veluto
834 1463 1123 1523 cremesino,
1149 1480 1292 1513 aureo
1315 1465 1487 1513 orletto
1510 1464 1859 1514 circumdatum
1881 1467 1928 1512 et
1945 1479 2060 1528 pen-

290 1544 511 1592 dentibus
545 1544 740 1592 sericeis
772 1544 1053 1592 cremesinis
1081 1560 1196 1593 auro
1227 1546 1386 1594 mixtis
1418 1563 1560 1611 supra
1589 1547 1813 1595 baculum
1846 1547 2057 1611 longitu-

289 1628 411 1676 dinis
439 1632 642 1691 quatuor
666 1628 933 1691 palmorum
959 1628 1032 1675 vel
1063 1628 1208 1687 circa,
1240 1630 1414 1678 velluto
1449 1630 1718 1679 cremesino
1748 1634 2048 1694 coopertum,

290 1716 433 1775 caput
449 1711 708 1760 habentem
736 1711 922 1776 largum
956 1713 1006 1760 in
1041 1714 1239 1762 modum
1269 1713 1458 1774 tellerii,
1494 1717 1545 1762 ut
1575 1713 1845 1779 cappellum
1879 1713 2056 1763 substi-

289 1798 442 1843 neret.
2005 1806 2010 1812 ·

353 1877 637 1926 Cubicularii
658 1882 792 1927 extra
811 1895 1054 1928 cameram
1077 1895 1186 1928 cum
1218 1881 1459 1944 cappuciis
1482 1884 1533 1929 ut
1554 1881 1603 1928 in
1625 1881 1824 1945 capella.

355 1964 578 2009 Oratores
605 1961 877 2025 principum
907 1979 1004 2010 non
1031 1963 1219 2027 prelati,
1254 1964 1339 2011 sed
1364 1964 1490 2024 laici,
1519 1980 1576 2013 ‘ac
1604 1980 1713 2013 cum
1734 1964 1802 2012 eis
1824 1965 2049 2014 barones.

352 2044 680 2093 Subdiaconus
702 2060 812 2093 cum
834 2061 994 2106 cruce,
1021 2047 1323 2096 ceroferariis
1346 2053 1393 2096 et
1405 2048 1666 2106 thuribulo,
1685 2064 1850 2098 secum
1870 2049 2054 2099 habens

287 2128 404 2176 alios
426 2128 744 2176 subdiaconos
764 2129 972 2193 collegas
996 2146 1124 2178 suos.

351 2211 614 2259 Duodecim
631 2211 887 2260 familiares
908 2215 1035 2277 Pape
1056 2214 1265 2262 vestibus
1288 2215 1680 2275 rosaceisinduti,
1702 2216 1783 2281 qui
1797 2233 1865 2265 xu
1881 2231 2055 2280 magna

285 2294 524 2342 intorticia
545 2294 651 2342 alba
666 2299 875 2343 'accensa
893 2300 1002 2344 ante
1026 2312 1199 2361 corpus
1223 2298 1396 2347 Christi
1418 2299 1637 2349 ferebant
1650 2301 1917 2365 pedestres.

349 2380 478 2425 Unus
501 2377 746 2425 familiaris
769 2379 966 2427 sacriste
999 2384 1236 2441 equester,
1263 2380 1450 2430 sirecte
1474 2383 1691 2442 memini,
1716 2385 2051 2448 superpellicio

283 2460 490 2517 indutUS,
516 2460 594 2523 qui
617 2476 758 2523 super
780 2461 946 2509 baculo
968 2462 1186 2510 inaurato
1214 2464 1483 2511 lanternam
1510 2464 1695 2512 ferebat
1723 2480 1832 2512 cum
1854 2466 2053 2514 candela

284 2558 488 2591 accensa
514 2559 598 2607 pro
630 2557 831 2605 corpore
867 2545 1069 2604 Christi;
1102 2561 1252 2608 equus
1281 2547 1414 2594 albus
1445 2547 1564 2595 bene
1596 2548 1803 2596 domitus
1828 2553 1875 2598 et
1895 2549 2053 2613 placa-

284 2627 388 2675 bilis
410 2628 581 2675 velluto
604 2627 871 2675 cremesino
894 2633 1149 2694 coopertus
1163 2645 1273 2677 cum
1288 2630 1423 2678 freno
1440 2634 1486 2679 et
1508 2631 1624 2679 sella
1644 2632 1890 2693 inauratis,
1907 2649 2049 2697 quem

283 2710 485 2759 ducebat
531 2711 776 2759 familiaris
822 2711 1016 2760 sacriste
1070 2716 1200 2760 veste
1251 2728 1449 2760 rosacea
1495 2713 1711 2774 indutuS,
1761 2715 1853 2764 alia
1904 2732 2049 2765 manu

282 2795 503 2844 baculum
524 2796 726 2844 rubeum
746 2799 793 2842 ut
815 2794 961 2843 ceteri
981 2810 1049 2841 ΧΠ
1071 2798 1282 2857 portanS,
1306 2810 1415 2843 cum
1428 2811 1627 2860 corpore
1649 2797 1821 2846 Christi
1838 2797 1888 2846 in
1902 2814 2045 2864 capsa

283 2879 507 2926 damasco
541 2895 625 2927 seu
657 2879 915 2927 brucchato
944 2879 1051 2926 albo
1079 2883 1299 2943 coperta3
1330 2879 1538 2943 desuper
1578 2882 1856 2944 portabatur
1889 2883 2049 2932 balda-

282 2962 474 3009 chinum
498 2978 584 3026 per
613 2962 738 3011 cives
768 2978 1011 3022 romanos,
1046 2963 1123 3025 qui
1154 2979 1219 3009 X11
1251 2963 1432 3011 vicibus
1467 2979 1517 3011 se
1548 2969 1809 3024 mutarunt,
1845 2967 1938 3015 hoc
1973 2971 2045 3015 est

281 3045 397 3092 alius
444 3045 552 3093 loco
594 3046 789 3094 alterius
821 3045 1038 3110 portavit,
1075 3051 1215 3107 prout
1245 3050 1293 3092 et
1324 3044 1403 3092 alii
1441 3045 1501 3092 ad
1538 3046 1880 3095 baldachinum
1915 3050 2041 3112 Pape

284 3129 494 3192 deputati
517 3129 771 3178 faciebant.

346 3212 567 3271 Sacrista,
591 3211 781 3276 pluviali
797 3212 904 3260 albo
922 3216 1113 3276 paratus
1132 3216 1180 3260 et
1196 3212 1336 3260 mitra
1350 3214 1569 3278 simplici,
1592 3230 1766 3277 equum
1787 3213 2046 3263 hoccasino

282 3293 388 3340 albo
423 3294 517 3342 sive
557 3296 778 3359 fustagno
819 3301 1100 3360 coopertum
1141 3295 1227 3343 sub
1268 3311 1318 3344 se
1360 3296 1563 3355 habens,
1618 3296 1842 3344 baculum
1868 3288 2046 3344 *album

282 3375 586 3439 longitudinis
608 3379 797 3428 circiter
815 3384 1015 3442 quatuor
1034 3379 1302 3443 palmorum
1323 3395 1468 3427 manu
1488 3379 1653 3427 dextra
1673 3380 1910 3444 portabat.

345 3459 553 3521 Baptista
572 3461 629 3508 de
651 3463 917 3511 Arconibus
949 3466 995 3510 et
1017 3462 1284 3526 Stephanus
1312 3461 1550 3510 Francisci
1578 3462 1703 3510 cives
1735 3462 1938 3523 romani,
1966 3462 2046 3525 qui
