<?xml version="1.0" encoding="UTF-8"?>
<!DOCTYPE html PUBLIC "-//W3C//DTD XHTML 1.0 Transitional//EN"
    "http://www.w3.org/TR/xhtml1/DTD/xhtml1-transitional.dtd">
<html xmlns="http://www.w3.org/1999/xhtml" xml:lang="en" lang="en">
 <head>
  <title>
</title>
<meta http-equiv="Content-Type" content="text/html;charset=utf-8" />
  <meta name='ocr-system' content='tesseract 3.04.00' />
  <meta name='ocr-capabilities' content='ocr_page ocr_carea ocr_par ocr_line ocrx_word'/>
</head>
<body>
  <div class='ocr_page' id='page_1' title='image "./diariumsivererum01burcuoft_0575.png"; bbox 0 0 2262 3958; ppageno 0'>
   <div class='ocr_carea' id='block_1_1' title="bbox 0 0 58 942">
    <p class='ocr_par' dir='ltr' id='par_1_1' title="bbox 0 0 58 942">
     <span class='ocr_line' id='line_1_1' title="bbox 0 0 58 942; baseline 0 0"><span class='ocrx_word' id='word_1_1' title='bbox 0 0 58 942; x_wconf 95' lang='lat' dir='ltr'><strong> </strong></span> 
     </span>
    </p>
   </div>
   <div class='ocr_carea' id='block_1_2' title="bbox 956 258 2001 297">
    <p class='ocr_par' dir='ltr' id='par_1_2' title="bbox 956 258 2001 297">
     <span class='ocr_line' id='line_1_2' title="bbox 956 258 2001 297; baseline 0.003 -3"><span class='ocrx_word' id='word_1_2' title='bbox 956 258 1241 297; x_wconf 85' lang='lat' dir='ltr'><strong>APPENDICE.</strong></span> <span class='ocrx_word' id='word_1_3' title='bbox 1928 261 2001 297; x_wconf 88' lang='lat'><strong>565</strong></span> 
     </span>
    </p>
   </div>
   <div class='ocr_carea' id='block_1_3' title="bbox 191 358 2006 3443">
    <p class='ocr_par' dir='ltr' id='par_1_3' title="bbox 191 358 2006 3443">
     <span class='ocr_line' id='line_1_3' title="bbox 213 358 2006 413; baseline 0.003 -14"><span class='ocrx_word' id='word_1_4' title='bbox 213 360 347 400; x_wconf 82' lang='lat' dir='ltr'><strong>natus</strong></span> <span class='ocrx_word' id='word_1_5' title='bbox 367 358 695 400; x_wconf 84' lang='lat' dir='ltr'><strong>obuersaretur.</strong></span> <span class='ocrx_word' id='word_1_6' title='bbox 720 361 781 401; x_wconf 90' lang='lat' dir='ltr'><strong>Ita</strong></span> <span class='ocrx_word' id='word_1_7' title='bbox 803 363 1006 413; x_wconf 89' lang='lat' dir='ltr'><strong>uterque,</strong></span> <span class='ocrx_word' id='word_1_8' title='bbox 1041 361 1238 402; x_wconf 79' lang='lat' dir='ltr'>certatim</span> <span class='ocrx_word' id='word_1_9' title='bbox 1271 362 1360 403; x_wconf 86' lang='lat' dir='ltr'><strong>vim</strong></span> <span class='ocrx_word' id='word_1_10' title='bbox 1390 360 1532 403; x_wconf 90' lang='lat' dir='ltr'><strong>facere</strong></span> <span class='ocrx_word' id='word_1_11' title='bbox 1561 362 1790 404; x_wconf 85' lang='lat' dir='ltr'><strong>affectibus</strong></span> <span class='ocrx_word' id='word_1_12' title='bbox 1825 364 1934 412; x_wconf 91' lang='lat' dir='ltr'><strong>suis,</strong></span> <span class='ocrx_word' id='word_1_13' title='bbox 1956 375 2006 404; x_wconf 90' lang='lat' dir='ltr'><strong>ac</strong></span> 
     </span>
     <span class='ocr_line' id='line_1_4' title="bbox 213 423 2003 478; baseline 0.003 -12"><span class='ocrx_word' id='word_1_14' title='bbox 213 423 494 466; x_wconf 84' lang='lat' dir='ltr'><strong>dissimulare</strong></span> <span class='ocrx_word' id='word_1_15' title='bbox 511 425 722 476; x_wconf 89' lang='lat' dir='ltr'><strong>pietatem</strong></span> <span class='ocrx_word' id='word_1_16' title='bbox 741 426 918 478; x_wconf 89' lang='lat' dir='ltr'><strong>pietatis</strong></span> <span class='ocrx_word' id='word_1_17' title='bbox 940 426 1087 467; x_wconf 87' lang='lat' dir='ltr'><strong>studio</strong></span> <span class='ocrx_word' id='word_1_18' title='bbox 1105 427 1344 468; x_wconf 84' lang='lat' dir='ltr'><strong>nitebatur.</strong></span> <span class='ocrx_word' id='word_1_19' title='bbox 1366 429 1419 469; x_wconf 91' lang='lat' dir='ltr'><strong>Ut</strong></span> <span class='ocrx_word' id='word_1_20' title='bbox 1437 431 1585 470; x_wconf 91' lang='lat' dir='ltr'><strong>autem</strong></span> <span class='ocrx_word' id='word_1_21' title='bbox 1600 428 1866 470; x_wconf 78' lang='lat' dir='ltr'><strong>Laurentius</strong></span> <span class='ocrx_word' id='word_1_22' title='bbox 1882 430 2003 471; x_wconf 84' lang='lat' dir='ltr'><strong>evita</strong></span> 
     </span>
     <span class='ocr_line' id='line_1_5' title="bbox 211 489 2003 546; baseline 0.003 -16"><span class='ocrx_word' id='word_1_23' title='bbox 211 489 416 539; x_wconf 82' lang='lat' dir='ltr'>decessit,</span> <span class='ocrx_word' id='word_1_24' title='bbox 445 490 527 531; x_wconf 90' lang='lat' dir='ltr'><strong>dici</strong></span> <span class='ocrx_word' id='word_1_25' title='bbox 554 491 625 532; x_wconf 86' lang='lat' dir='ltr'><strong>vix</strong></span> <span class='ocrx_word' id='word_1_26' title='bbox 654 494 815 544; x_wconf 90' lang='lat' dir='ltr'><strong>potest,</strong></span> <span class='ocrx_word' id='word_1_27' title='bbox 839 496 1003 544; x_wconf 87' lang='lat' dir='ltr'><strong>quanta</strong></span> <span class='ocrx_word' id='word_1_28' title='bbox 1025 495 1068 533; x_wconf 89' lang='lat' dir='ltr'><strong>et</strong></span> <span class='ocrx_word' id='word_1_29' title='bbox 1089 493 1381 543; x_wconf 81' lang='lat' dir='ltr'><strong>humanitate,</strong></span> <span class='ocrx_word' id='word_1_30' title='bbox 1404 497 1448 534; x_wconf 88' lang='lat' dir='ltr'><strong>et</strong></span> <span class='ocrx_word' id='word_1_31' title='bbox 1467 495 1688 546; x_wconf 90' lang='lat' dir='ltr'><strong>grauitate</strong></span> <span class='ocrx_word' id='word_1_32' title='bbox 1708 495 1828 536; x_wconf 90' lang='lat' dir='ltr'><strong>ciues</strong></span> <span class='ocrx_word' id='word_1_33' title='bbox 1847 506 2003 536; x_wconf 91' lang='lat' dir='ltr'><strong>omnes</strong></span> 
     </span>
     <span class='ocr_line' id='line_1_6' title="bbox 211 556 2001 613; baseline 0.003 -17"><span class='ocrx_word' id='word_1_34' title='bbox 211 565 318 596; x_wconf 90' lang='lat' dir='ltr'><strong>suos</strong></span> <span class='ocrx_word' id='word_1_35' title='bbox 338 556 492 596; x_wconf 90' lang='lat' dir='ltr'><strong>Petrus</strong></span> <span class='ocrx_word' id='word_1_36' title='bbox 510 560 676 608; x_wconf 88' lang='lat' dir='ltr'><strong>noster,</strong></span> <span class='ocrx_word' id='word_1_37' title='bbox 699 558 757 599; x_wconf 89' lang='lat' dir='ltr'><strong>ad</strong></span> <span class='ocrx_word' id='word_1_38' title='bbox 778 569 826 598; x_wconf 90' lang='lat' dir='ltr'><strong>se</strong></span> <span class='ocrx_word' id='word_1_39' title='bbox 846 559 1025 598; x_wconf 91' lang='lat' dir='ltr'><strong>domum</strong></span> <span class='ocrx_word' id='word_1_40' title='bbox 1053 559 1326 600; x_wconf 89' lang='lat' dir='ltr'><strong>confluentes</strong></span> <span class='ocrx_word' id='word_1_41' title='bbox 1359 560 1593 611; x_wconf 85' lang='lat' dir='ltr'><strong>exceperit,</strong></span> <span class='ocrx_word' id='word_1_42' title='bbox 1628 572 1762 613; x_wconf 88' lang='lat' dir='ltr'><strong>quam</strong></span> <span class='ocrx_word' id='word_1_43' title='bbox 1789 563 1832 602; x_wconf 87' lang='lat' dir='ltr'><strong>et</strong></span> <span class='ocrx_word' id='word_1_44' title='bbox 1859 572 2001 613; x_wconf 90' lang='lat' dir='ltr'><strong>appo-</strong></span> 
     </span>
     <span class='ocr_line' id='line_1_7' title="bbox 209 620 1990 678; baseline 0.003 -16"><span class='ocrx_word' id='word_1_45' title='bbox 209 620 308 671; x_wconf 88' lang='lat' dir='ltr'><strong>site,</strong></span> <span class='ocrx_word' id='word_1_46' title='bbox 329 623 372 662; x_wconf 89' lang='lat' dir='ltr'><strong>et</strong></span> <span class='ocrx_word' id='word_1_47' title='bbox 389 622 508 663; x_wconf 89' lang='lat' dir='ltr'><strong>varie</strong></span> <span class='ocrx_word' id='word_1_48' title='bbox 535 626 578 663; x_wconf 92' lang='lat' dir='ltr'><strong>et</strong></span> <span class='ocrx_word' id='word_1_49' title='bbox 594 623 756 664; x_wconf 85' lang='lat' dir='ltr'><strong>blande</strong></span> <span class='ocrx_word' id='word_1_50' title='bbox 777 624 909 664; x_wconf 85' lang='lat' dir='ltr'><strong>etiam</strong></span> <span class='ocrx_word' id='word_1_51' title='bbox 930 623 1182 664; x_wconf 83' lang='lat' dir='ltr'><strong>dolentibus</strong></span> <span class='ocrx_word' id='word_1_52' title='bbox 1203 624 1641 678; x_wconf 89' lang='lat' dir='ltr'><strong>consolantibusque,</strong></span> <span class='ocrx_word' id='word_1_53' title='bbox 1670 637 1749 678; x_wconf 94' lang='lat' dir='ltr'><strong>pro</strong></span> <span class='ocrx_word' id='word_1_54' title='bbox 1776 629 1990 678; x_wconf 90' lang='lat' dir='ltr'><strong>tempore,</strong></span> 
     </span>
     <span class='ocr_line' id='line_1_8' title="bbox 209 688 1999 744; baseline 0.003 -17"><span class='ocrx_word' id='word_1_55' title='bbox 209 696 426 740; x_wconf 90' lang='lat' dir='ltr'><strong>suamque</strong></span> <span class='ocrx_word' id='word_1_56' title='bbox 459 689 640 740; x_wconf 81' lang='lat' dir='ltr'><strong>operam</strong></span> <span class='ocrx_word' id='word_1_57' title='bbox 674 688 983 740; x_wconf 84' lang='lat' dir='ltr'><strong>pollicentibus</strong></span> <span class='ocrx_word' id='word_1_58' title='bbox 1020 689 1313 740; x_wconf 86' lang='lat' dir='ltr'><strong>responderit.</strong></span> <span class='ocrx_word' id='word_1_59' title='bbox 1338 691 1557 740; x_wconf 85' lang='lat' dir='ltr'><strong>Quantam</strong></span> <span class='ocrx_word' id='word_1_60' title='bbox 1591 691 1763 741; x_wconf 90' lang='lat' dir='ltr'><strong>deinde,</strong></span> <span class='ocrx_word' id='word_1_61' title='bbox 1794 694 1836 732; x_wconf 91' lang='lat' dir='ltr'><strong>et</strong></span> <span class='ocrx_word' id='word_1_62' title='bbox 1864 703 1999 744; x_wconf 91' lang='lat' dir='ltr'><strong>quam</strong></span> 
     </span>
     <span class='ocr_line' id='line_1_9' title="bbox 209 752 2000 806; baseline 0.003 -13"><span class='ocrx_word' id='word_1_63' title='bbox 209 752 418 794; x_wconf 85' lang='lat' dir='ltr'><strong>solertem</strong></span> <span class='ocrx_word' id='word_1_64' title='bbox 434 754 497 794; x_wconf 90' lang='lat' dir='ltr'><strong>rei</strong></span> <span class='ocrx_word' id='word_1_65' title='bbox 517 753 854 795; x_wconf 89' lang='lat' dir='ltr'><strong>constituendae</strong></span> <span class='ocrx_word' id='word_1_66' title='bbox 873 752 1078 794; x_wconf 86' lang='lat' dir='ltr'><strong>familiari</strong></span> <span class='ocrx_word' id='word_1_67' title='bbox 1102 765 1254 795; x_wconf 86' lang='lat' dir='ltr'><strong>curam</strong></span> <span class='ocrx_word' id='word_1_68' title='bbox 1279 755 1559 806; x_wconf 89' lang='lat' dir='ltr'><strong>impenderit,</strong></span> <span class='ocrx_word' id='word_1_69' title='bbox 1581 760 1630 797; x_wconf 93' lang='lat' dir='ltr'><strong>ut</strong></span> <span class='ocrx_word' id='word_1_70' title='bbox 1650 757 2000 799; x_wconf 90' lang='lat' dir='ltr'><strong>necessitudines</strong></span> 
     </span>
     <span class='ocr_line' id='line_1_10' title="bbox 208 818 2001 872; baseline 0.003 -13"><span class='ocrx_word' id='word_1_71' title='bbox 208 828 316 859; x_wconf 83' lang='lat' dir='ltr'><strong>suas</strong></span> <span class='ocrx_word' id='word_1_72' title='bbox 336 818 508 860; x_wconf 88' lang='lat' dir='ltr'><strong>omneis</strong></span> <span class='ocrx_word' id='word_1_73' title='bbox 527 819 797 872; x_wconf 91' lang='lat' dir='ltr'><strong>grauissimo</strong></span> <span class='ocrx_word' id='word_1_74' title='bbox 826 830 933 860; x_wconf 89' lang='lat' dir='ltr'><strong>casu</strong></span> <span class='ocrx_word' id='word_1_75' title='bbox 962 820 1192 870; x_wconf 91' lang='lat' dir='ltr'><strong>perculsas</strong></span> <span class='ocrx_word' id='word_1_76' title='bbox 1215 820 1475 870; x_wconf 90' lang='lat' dir='ltr'><strong>subleuarit,</strong></span> <span class='ocrx_word' id='word_1_77' title='bbox 1498 824 1547 861; x_wconf 90' lang='lat' dir='ltr'><strong>tu</strong></span> <span class='ocrx_word' id='word_1_78' title='bbox 1566 821 1636 863; x_wconf 89' lang='lat' dir='ltr'><strong>vel</strong></span> <span class='ocrx_word' id='word_1_79' title='bbox 1654 822 2001 864; x_wconf 90' lang='lat' dir='ltr'><strong>minutissimum</strong></span> 
     </span>
     <span class='ocr_line' id='line_1_11' title="bbox 206 883 1999 938; baseline 0.003 -14"><span class='ocrx_word' id='word_1_80' title='bbox 206 894 430 937; x_wconf 86' lang='lat' dir='ltr'><strong>quemque</strong></span> <span class='ocrx_word' id='word_1_81' title='bbox 455 895 509 925; x_wconf 85' lang='lat' dir='ltr'><strong>ex</strong></span> <span class='ocrx_word' id='word_1_82' title='bbox 538 883 829 925; x_wconf 87' lang='lat' dir='ltr'><strong>familiaribus</strong></span> <span class='ocrx_word' id='word_1_83' title='bbox 858 884 1093 935; x_wconf 89' lang='lat' dir='ltr'><strong>deiectum,</strong></span> <span class='ocrx_word' id='word_1_84' title='bbox 1125 884 1490 938; x_wconf 87' lang='lat' dir='ltr'><strong>diffidentemque</strong></span> <span class='ocrx_word' id='word_1_85' title='bbox 1520 887 1603 927; x_wconf 89' lang='lat' dir='ltr'><strong>sibi</strong></span> <span class='ocrx_word' id='word_1_86' title='bbox 1633 887 1835 928; x_wconf 90' lang='lat' dir='ltr'><strong>aduersis</strong></span> <span class='ocrx_word' id='word_1_87' title='bbox 1863 888 1999 929; x_wconf 90' lang='lat' dir='ltr'><strong>rebus</strong></span> 
     </span>
     <span class='ocr_line' id='line_1_12' title="bbox 206 948 2002 1004; baseline 0.002 -14"><span class='ocrx_word' id='word_1_88' title='bbox 206 948 446 1003; x_wconf 83' lang='lat' dir='ltr'><strong>collegerit,</strong></span> <span class='ocrx_word' id='word_1_89' title='bbox 468 949 671 999; x_wconf 83' lang='lat' dir='ltr'><strong>erexerit,</strong></span> <span class='ocrx_word' id='word_1_90' title='bbox 709 950 991 1001; x_wconf 86' lang='lat' dir='ltr'><strong>animauerit‚</strong></span> <span class='ocrx_word' id='word_1_91' title='bbox 1026 953 1074 991; x_wconf 92' lang='lat' dir='ltr'><strong>ut</strong></span> <span class='ocrx_word' id='word_1_92' title='bbox 1102 950 1148 991; x_wconf 91' lang='lat' dir='ltr'><strong>in</strong></span> <span class='ocrx_word' id='word_1_93' title='bbox 1180 950 1386 992; x_wconf 89' lang='lat' dir='ltr'><strong>obeunda</strong></span> <span class='ocrx_word' id='word_1_94' title='bbox 1418 962 1596 1004; x_wconf 91' lang='lat' dir='ltr'><strong>quoque</strong></span> <span class='ocrx_word' id='word_1_95' title='bbox 1625 953 1862 1004; x_wconf 88' lang='lat' dir='ltr'><strong>Republica</strong></span> <span class='ocrx_word' id='word_1_96' title='bbox 1891 953 2002 994; x_wconf 91' lang='lat' dir='ltr'><strong>nulli</strong></span> 
     </span>
     <span class='ocr_line' id='line_1_13' title="bbox 204 1014 1999 1068; baseline 0.001 -12"><span class='ocrx_word' id='word_1_97' title='bbox 204 1025 419 1068; x_wconf 86' lang='lat' dir='ltr'><strong>unquam,</strong></span> <span class='ocrx_word' id='word_1_98' title='bbox 453 1017 531 1056; x_wconf 87' lang='lat' dir='ltr'><strong>aut</strong></span> <span class='ocrx_word' id='word_1_99' title='bbox 559 1014 671 1065; x_wconf 92' lang='lat' dir='ltr'><strong>loco,</strong></span> <span class='ocrx_word' id='word_1_100' title='bbox 698 1018 776 1056; x_wconf 91' lang='lat' dir='ltr'><strong>aut</strong></span> <span class='ocrx_word' id='word_1_101' title='bbox 805 1016 1008 1068; x_wconf 89' lang='lat' dir='ltr'><strong>tempori,</strong></span> <span class='ocrx_word' id='word_1_102' title='bbox 1042 1018 1117 1057; x_wconf 87' lang='lat' dir='ltr'><strong>aut</strong></span> <span class='ocrx_word' id='word_1_103' title='bbox 1151 1016 1342 1066; x_wconf 91' lang='lat' dir='ltr'><strong>muneri,</strong></span> <span class='ocrx_word' id='word_1_104' title='bbox 1371 1019 1448 1058; x_wconf 89' lang='lat' dir='ltr'><strong>aut</strong></span> <span class='ocrx_word' id='word_1_105' title='bbox 1466 1017 1635 1058; x_wconf 90' lang='lat' dir='ltr'><strong>homini</strong></span> <span class='ocrx_word' id='word_1_106' title='bbox 1656 1016 1859 1068; x_wconf 89' lang='lat' dir='ltr'><strong>defuerit,</strong></span> <span class='ocrx_word' id='word_1_107' title='bbox 1879 1017 1999 1058; x_wconf 92' lang='lat' dir='ltr'><strong>nulla</strong></span> 
     </span>
     <span class='ocr_line' id='line_1_14' title="bbox 205 1078 2000 1136; baseline 0.003 -16"><span class='ocrx_word' id='word_1_108' title='bbox 205 1078 398 1132; x_wconf 85' lang='lat' dir='ltr'><strong>denique</strong></span> <span class='ocrx_word' id='word_1_109' title='bbox 413 1078 459 1120; x_wconf 91' lang='lat' dir='ltr'><strong>in</strong></span> <span class='ocrx_word' id='word_1_110' title='bbox 476 1082 602 1132; x_wconf 89' lang='lat' dir='ltr'><strong>parte</strong></span> <span class='ocrx_word' id='word_1_111' title='bbox 620 1081 878 1122; x_wconf 86' lang='lat' dir='ltr'><strong>cessauerit.</strong></span> <span class='ocrx_word' id='word_1_112' title='bbox 902 1082 970 1123; x_wconf 90' lang='lat' dir='ltr'><strong>Sic</strong></span> <span class='ocrx_word' id='word_1_113' title='bbox 995 1084 1044 1122; x_wconf 94' lang='lat' dir='ltr'><strong>ut</strong></span> <span class='ocrx_word' id='word_1_114' title='bbox 1078 1093 1175 1123; x_wconf 88' lang='lat' dir='ltr'><strong>eam</strong></span> <span class='ocrx_word' id='word_1_115' title='bbox 1205 1082 1338 1134; x_wconf 91' lang='lat' dir='ltr'><strong>plane</strong></span> <span class='ocrx_word' id='word_1_116' title='bbox 1367 1082 1584 1124; x_wconf 90' lang='lat' dir='ltr'><strong>institisse</strong></span> <span class='ocrx_word' id='word_1_117' title='bbox 1603 1083 1693 1124; x_wconf 88' lang='lat' dir='ltr'><strong>iam</strong></span> <span class='ocrx_word' id='word_1_118' title='bbox 1712 1083 1843 1132; x_wconf 90' lang='lat' dir='ltr'><strong>viam,</strong></span> <span class='ocrx_word' id='word_1_119' title='bbox 1866 1086 2000 1136; x_wconf 89' lang='lat' dir='ltr'><strong>atque</strong></span> 
     </span>
     <span class='ocr_line' id='line_1_15' title="bbox 201 1144 1999 1202; baseline 0.002 -16"><span class='ocrx_word' id='word_1_120' title='bbox 201 1144 262 1186; x_wconf 82' lang='lat' dir='ltr'><strong>ita</strong></span> <span class='ocrx_word' id='word_1_121' title='bbox 281 1144 414 1197; x_wconf 90' lang='lat' dir='ltr'><strong>pleno</strong></span> <span class='ocrx_word' id='word_1_122' title='bbox 432 1146 578 1199; x_wconf 89' lang='lat' dir='ltr'><strong>gradu</strong></span> <span class='ocrx_word' id='word_1_123' title='bbox 597 1146 680 1188; x_wconf 91' lang='lat' dir='ltr'><strong>iter</strong></span> <span class='ocrx_word' id='word_1_124' title='bbox 699 1147 931 1200; x_wconf 87' lang='lat' dir='ltr'><strong>ingressus</strong></span> <span class='ocrx_word' id='word_1_125' title='bbox 951 1147 1168 1198; x_wconf 88' lang='lat' dir='ltr'><strong>videatur,</strong></span> <span class='ocrx_word' id='word_1_126' title='bbox 1200 1148 1327 1189; x_wconf 87' lang='lat' dir='ltr'><strong>breui</strong></span> <span class='ocrx_word' id='word_1_127' title='bbox 1354 1151 1404 1189; x_wconf 88' lang='lat' dir='ltr'><strong>ut</strong></span> <span class='ocrx_word' id='word_1_128' title='bbox 1426 1152 1609 1200; x_wconf 91' lang='lat' dir='ltr'><strong>putetur</strong></span> <span class='ocrx_word' id='word_1_129' title='bbox 1638 1152 1868 1201; x_wconf 87' lang='lat' dir='ltr'><strong>parantem</strong></span> <span class='ocrx_word' id='word_1_130' title='bbox 1885 1161 1999 1202; x_wconf 90' lang='lat' dir='ltr'><strong>quo-</strong></span> 
     </span>
     <span class='ocr_line' id='line_1_16' title="bbox 200 1210 1995 1267; baseline 0.002 -15"><span class='ocrx_word' id='word_1_131' title='bbox 200 1220 288 1262; x_wconf 86' lang='lat' dir='ltr'><strong>que</strong></span> <span class='ocrx_word' id='word_1_132' title='bbox 308 1210 456 1264; x_wconf 89' lang='lat' dir='ltr'><strong>ipsum</strong></span> <span class='ocrx_word' id='word_1_133' title='bbox 475 1212 673 1266; x_wconf 89' lang='lat' dir='ltr'><strong>vestigiis</strong></span> <span class='ocrx_word' id='word_1_134' title='bbox 692 1216 1026 1254; x_wconf 90' lang='lat' dir='ltr'><strong>consecuturus.</strong></span> <span class='ocrx_word' id='word_1_135' title='bbox 1048 1216 1110 1255; x_wconf 87' lang='lat' dir='ltr'><strong>De</strong></span> <span class='ocrx_word' id='word_1_136' title='bbox 1134 1214 1288 1255; x_wconf 89' lang='lat' dir='ltr'><strong>funere</strong></span> <span class='ocrx_word' id='word_1_137' title='bbox 1309 1217 1459 1256; x_wconf 92' lang='lat' dir='ltr'><strong>autem</strong></span> <span class='ocrx_word' id='word_1_138' title='bbox 1480 1215 1589 1255; x_wconf 90' lang='lat' dir='ltr'><strong>nihil</strong></span> <span class='ocrx_word' id='word_1_139' title='bbox 1611 1218 1678 1256; x_wconf 90' lang='lat' dir='ltr'><strong>est</strong></span> <span class='ocrx_word' id='word_1_140' title='bbox 1698 1213 1817 1267; x_wconf 91' lang='lat' dir='ltr'><strong>quod</strong></span> <span class='ocrx_word' id='word_1_141' title='bbox 1838 1215 1995 1256; x_wconf 90' lang='lat' dir='ltr'><strong>dicam.</strong></span> 
     </span>
     <span class='ocr_line' id='line_1_17' title="bbox 201 1277 1998 1333; baseline 0.002 -15"><span class='ocrx_word' id='word_1_142' title='bbox 201 1278 392 1318; x_wconf 87' lang='lat' dir='ltr'><strong>Tantum</strong></span> <span class='ocrx_word' id='word_1_143' title='bbox 411 1277 470 1319; x_wconf 90' lang='lat' dir='ltr'><strong>ad</strong></span> <span class='ocrx_word' id='word_1_144' title='bbox 484 1279 560 1319; x_wconf 91' lang='lat' dir='ltr'><strong>aui</strong></span> <span class='ocrx_word' id='word_1_145' title='bbox 580 1279 831 1332; x_wconf 90' lang='lat' dir='ltr'><strong>exemplum</strong></span> <span class='ocrx_word' id='word_1_146' title='bbox 854 1291 906 1320; x_wconf 86' lang='lat' dir='ltr'><strong>ex</strong></span> <span class='ocrx_word' id='word_1_147' title='bbox 923 1281 1196 1332; x_wconf 90' lang='lat' dir='ltr'><strong>praescripto</strong></span> <span class='ocrx_word' id='word_1_148' title='bbox 1226 1280 1496 1321; x_wconf 90' lang='lat' dir='ltr'><strong>celebratum</strong></span> <span class='ocrx_word' id='word_1_149' title='bbox 1518 1283 1599 1330; x_wconf 89' lang='lat' dir='ltr'><strong>est,</strong></span> <span class='ocrx_word' id='word_1_150' title='bbox 1624 1281 1998 1333; x_wconf 89' lang='lat' dir='ltr'><strong>quemadmodum</strong></span> 
     </span>
     <span class='ocr_line' id='line_1_18' title="bbox 199 1342 1998 1400; baseline 0.002 -16"><span class='ocrx_word' id='word_1_151' title='bbox 199 1342 312 1396; x_wconf 89' lang='lat' dir='ltr'><strong>ipse,</strong></span> <span class='ocrx_word' id='word_1_152' title='bbox 345 1346 394 1384; x_wconf 91' lang='lat' dir='ltr'><strong>ut</strong></span> <span class='ocrx_word' id='word_1_153' title='bbox 418 1343 524 1392; x_wconf 75' lang='lat' dir='ltr'><strong>dixi,</strong></span> <span class='ocrx_word' id='word_1_154' title='bbox 557 1345 752 1386; x_wconf 91' lang='lat' dir='ltr'><strong>moriens</strong></span> <span class='ocrx_word' id='word_1_155' title='bbox 788 1344 1094 1386; x_wconf 88' lang='lat' dir='ltr'><strong>mandauerat.</strong></span> <span class='ocrx_word' id='word_1_156' title='bbox 1131 1348 1238 1387; x_wconf 89' lang='lat' dir='ltr'><strong>Tam</strong></span> <span class='ocrx_word' id='word_1_157' title='bbox 1271 1357 1435 1399; x_wconf 88' lang='lat' dir='ltr'><strong>magno</strong></span> <span class='ocrx_word' id='word_1_158' title='bbox 1469 1350 1618 1388; x_wconf 90' lang='lat' dir='ltr'><strong>autem</strong></span> <span class='ocrx_word' id='word_1_159' title='bbox 1648 1347 1791 1388; x_wconf 91' lang='lat' dir='ltr'><strong>omnis</strong></span> <span class='ocrx_word' id='word_1_160' title='bbox 1820 1347 1998 1400; x_wconf 90' lang='lat' dir='ltr'><strong>generis</strong></span> 
     </span>
     <span class='ocr_line' id='line_1_19' title="bbox 204 1411 1999 1465; baseline 0.002 -15"><span class='ocrx_word' id='word_1_161' title='bbox 204 1411 460 1452; x_wconf 86' lang='lat' dir='ltr'><strong>mortalium</strong></span> <span class='ocrx_word' id='word_1_162' title='bbox 478 1422 711 1463; x_wconf 82' lang='lat' dir='ltr'><strong>concursu,</strong></span> <span class='ocrx_word' id='word_1_163' title='bbox 734 1422 869 1465; x_wconf 88' lang='lat' dir='ltr'><strong>quam</strong></span> <span class='ocrx_word' id='word_1_164' title='bbox 888 1423 1102 1465; x_wconf 90' lang='lat' dir='ltr'><strong>magnum</strong></span> <span class='ocrx_word' id='word_1_165' title='bbox 1123 1423 1367 1464; x_wconf 85' lang='lat' dir='ltr'><strong>numquam</strong></span> <span class='ocrx_word' id='word_1_166' title='bbox 1383 1415 1514 1454; x_wconf 88' lang='lat' dir='ltr'><strong>antea</strong></span> <span class='ocrx_word' id='word_1_167' title='bbox 1531 1413 1879 1453; x_wconf 86' lang='lat' dir='ltr'><strong>meminerimus.</strong></span> <span class='ocrx_word' id='word_1_168' title='bbox 1900 1414 1999 1458; x_wconf 86' lang='lat' dir='ltr'><strong>Pro-</strong></span> 
     </span>
     <span class='ocr_line' id='line_1_20' title="bbox 202 1477 1997 1532; baseline 0 -13"><span class='ocrx_word' id='word_1_169' title='bbox 202 1478 446 1532; x_wconf 87' lang='lat' dir='ltr'><strong>digia·vero</strong></span> <span class='ocrx_word' id='word_1_170' title='bbox 476 1481 666 1518; x_wconf 90' lang='lat' dir='ltr'><strong>mortem</strong></span> <span class='ocrx_word' id='word_1_171' title='bbox 697 1477 835 1519; x_wconf 91' lang='lat' dir='ltr'><strong>ferme</strong></span> <span class='ocrx_word' id='word_1_172' title='bbox 866 1478 975 1519; x_wconf 91' lang='lat' dir='ltr'><strong>haec</strong></span> <span class='ocrx_word' id='word_1_173' title='bbox 1008 1481 1356 1528; x_wconf 87' lang='lat' dir='ltr'><strong>antecesserunt,</strong></span> <span class='ocrx_word' id='word_1_174' title='bbox 1393 1490 1665 1531; x_wconf 91' lang='lat' dir='ltr'><strong>quamquam</strong></span> <span class='ocrx_word' id='word_1_175' title='bbox 1697 1478 1784 1519; x_wconf 90' lang='lat' dir='ltr'><strong>alia</strong></span> <span class='ocrx_word' id='word_1_176' title='bbox 1817 1489 1997 1530; x_wconf 87' lang='lat' dir='ltr'><strong>quoque</strong></span> 
     </span>
     <span class='ocr_line' id='line_1_21' title="bbox 198 1543 1995 1598; baseline -0.001 -13"><span class='ocrx_word' id='word_1_177' title='bbox 198 1544 335 1598; x_wconf 87' lang='lat' dir='ltr'><strong>vulgo</strong></span> <span class='ocrx_word' id='word_1_178' title='bbox 353 1543 574 1585; x_wconf 87' lang='lat' dir='ltr'><strong>feruntur.</strong></span> <span class='ocrx_word' id='word_1_179' title='bbox 596 1543 732 1585; x_wconf 89' lang='lat' dir='ltr'><strong>Nonis</strong></span> <span class='ocrx_word' id='word_1_180' title='bbox 751 1544 982 1596; x_wconf 90' lang='lat' dir='ltr'><strong>aprilibus,</strong></span> <span class='ocrx_word' id='word_1_181' title='bbox 1004 1544 1110 1584; x_wconf 88' lang='lat' dir='ltr'><strong>hora</strong></span> <span class='ocrx_word' id='word_1_182' title='bbox 1135 1543 1271 1585; x_wconf 88' lang='lat' dir='ltr'><strong>ferme</strong></span> <span class='ocrx_word' id='word_1_183' title='bbox 1302 1544 1388 1586; x_wconf 92' lang='lat' dir='ltr'><strong>diei</strong></span> <span class='ocrx_word' id='word_1_184' title='bbox 1417 1545 1560 1594; x_wconf 85' lang='lat' dir='ltr'><strong>tertia,</strong></span> <span class='ocrx_word' id='word_1_185' title='bbox 1589 1545 1734 1586; x_wconf 91' lang='lat' dir='ltr'><strong>triduo</strong></span> <span class='ocrx_word' id='word_1_186' title='bbox 1755 1547 1995 1596; x_wconf 89' lang='lat' dir='ltr'><strong>antequam</strong></span> 
     </span>
     <span class='ocr_line' id='line_1_22' title="bbox 197 1609 1994 1662; baseline -0.001 -10"><span class='ocrx_word' id='word_1_187' title='bbox 197 1611 392 1652; x_wconf 91' lang='lat' dir='ltr'><strong>animam</strong></span> <span class='ocrx_word' id='word_1_188' title='bbox 414 1609 550 1651; x_wconf 90' lang='lat' dir='ltr'><strong>edidit</strong></span> <span class='ocrx_word' id='word_1_189' title='bbox 567 1610 844 1660; x_wconf 86' lang='lat' dir='ltr'><strong>Laurentius,</strong></span> <span class='ocrx_word' id='word_1_190' title='bbox 872 1610 1046 1660; x_wconf 91' lang='lat' dir='ltr'><strong>mulier,</strong></span> <span class='ocrx_word' id='word_1_191' title='bbox 1066 1610 1215 1651; x_wconf 89' lang='lat' dir='ltr'><strong>nescio</strong></span> <span class='ocrx_word' id='word_1_192' title='bbox 1233 1621 1361 1662; x_wconf 87' lang='lat' dir='ltr'><strong>quae,</strong></span> <span class='ocrx_word' id='word_1_193' title='bbox 1384 1611 1490 1651; x_wconf 91' lang='lat' dir='ltr'><strong>dum</strong></span> <span class='ocrx_word' id='word_1_194' title='bbox 1504 1611 1550 1651; x_wconf 90' lang='lat' dir='ltr'><strong>in</strong></span> <span class='ocrx_word' id='word_1_195' title='bbox 1565 1611 1675 1652; x_wconf 90' lang='lat' dir='ltr'><strong>aede</strong></span> <span class='ocrx_word' id='word_1_196' title='bbox 1693 1622 1816 1651; x_wconf 90' lang='lat' dir='ltr'><strong>sacra</strong></span> <span class='ocrx_word' id='word_1_197' title='bbox 1833 1610 1994 1651; x_wconf 89' lang='lat' dir='ltr'><strong>Mariae</strong></span> 
     </span>
     <span class='ocr_line' id='line_1_23' title="bbox 199 1675 1996 1729; baseline -0.002 -10"><span class='ocrx_word' id='word_1_198' title='bbox 199 1676 423 1727; x_wconf 87' lang='lat' dir='ltr'><strong>Novellae,</strong></span> <span class='ocrx_word' id='word_1_199' title='bbox 445 1687 560 1729; x_wconf 87' lang='lat' dir='ltr'><strong>quae</strong></span> <span class='ocrx_word' id='word_1_200' title='bbox 583 1676 756 1723; x_wconf 85' lang='lat' dir='ltr'><strong>dicitur.</strong></span> <span class='ocrx_word' id='word_1_201' title='bbox 793 1675 1091 1717; x_wconf 86' lang='lat' dir='ltr'><strong>declamitanti</strong></span> <span class='ocrx_word' id='word_1_202' title='bbox 1119 1687 1142 1717; x_wconf 92' lang='lat' dir='ltr'><strong>e</strong></span> <span class='ocrx_word' id='word_1_203' title='bbox 1167 1676 1336 1728; x_wconf 91' lang='lat' dir='ltr'><strong>pulpito</strong></span> <span class='ocrx_word' id='word_1_204' title='bbox 1359 1676 1434 1718; x_wconf 89' lang='lat' dir='ltr'><strong>dat</strong></span> <span class='ocrx_word' id='word_1_205' title='bbox 1462 1688 1659 1728; x_wconf 88' lang='lat' dir='ltr'><strong>operam,</strong></span> <span class='ocrx_word' id='word_1_206' title='bbox 1682 1679 1864 1729; x_wconf 91' lang='lat' dir='ltr'><strong>repente</strong></span> <span class='ocrx_word' id='word_1_207' title='bbox 1881 1676 1996 1717; x_wconf 90' lang='lat' dir='ltr'><strong>inter</strong></span> 
     </span>
     <span class='ocr_line' id='line_1_24' title="bbox 197 1740 1992 1795; baseline 0 -11"><span class='ocrx_word' id='word_1_208' title='bbox 197 1740 442 1785; x_wconf 84' lang='lat' dir='ltr'><strong>confertam</strong></span> <span class='ocrx_word' id='word_1_209' title='bbox 474 1742 626 1795; x_wconf 90' lang='lat' dir='ltr'><strong>populi</strong></span> <span class='ocrx_word' id='word_1_210' title='bbox 655 1742 987 1783; x_wconf 84' lang='lat' dir='ltr'><strong>multitudinem</strong></span> <span class='ocrx_word' id='word_1_211' title='bbox 1025 1741 1310 1794; x_wconf 89' lang='lat' dir='ltr'><strong>expauefacta</strong></span> <span class='ocrx_word' id='word_1_212' title='bbox 1343 1746 1715 1795; x_wconf 89' lang='lat' dir='ltr'><strong>consternataque</strong></span> <span class='ocrx_word' id='word_1_213' title='bbox 1749 1743 1992 1795; x_wconf 87' lang='lat' dir='ltr'><strong>consurgit,</strong></span> 
     </span>
     <span class='ocr_line' id='line_1_25' title="bbox 195 1807 1993 1863; baseline -0.002 -12"><span class='ocrx_word' id='word_1_214' title='bbox 195 1809 517 1863; x_wconf 84' lang='lat' dir='ltr'><strong>lymphatoque</strong></span> <span class='ocrx_word' id='word_1_215' title='bbox 547 1819 696 1859; x_wconf 88' lang='lat' dir='ltr'><strong>cursu,</strong></span> <span class='ocrx_word' id='word_1_216' title='bbox 720 1811 763 1850; x_wconf 89' lang='lat' dir='ltr'><strong>et</strong></span> <span class='ocrx_word' id='word_1_217' title='bbox 784 1807 986 1849; x_wconf 88' lang='lat' dir='ltr'><strong>terrificis</strong></span> <span class='ocrx_word' id='word_1_218' title='bbox 1016 1808 1299 1859; x_wconf 88' lang='lat' dir='ltr'><strong>clamoribus,</strong></span> <span class='ocrx_word' id='word_1_219' title='bbox 1325 1823 1344 1846; x_wconf 94' lang='lat'>«</span> <span class='ocrx_word' id='word_1_220' title='bbox 1367 1810 1485 1851; x_wconf 90' lang='lat' dir='ltr'><strong>Heus</strong></span> <span class='ocrx_word' id='word_1_221' title='bbox 1511 1809 1638 1858; x_wconf 89' lang='lat' dir='ltr'><strong>heus,</strong></span> <span class='ocrx_word' id='word_1_222' title='bbox 1668 1809 1826 1860; x_wconf 89' lang='lat' dir='ltr'><strong>inquit,</strong></span> <span class='ocrx_word' id='word_1_223' title='bbox 1854 1808 1993 1859; x_wconf 88' lang='lat' dir='ltr'><strong>ciues,</strong></span> 
     </span>
     <span class='ocr_line' id='line_1_26' title="bbox 195 1873 1992 1927; baseline -0.001 -10"><span class='ocrx_word' id='word_1_224' title='bbox 195 1885 256 1918; x_wconf 87' lang='lat' dir='ltr'><strong>an</strong></span> <span class='ocrx_word' id='word_1_225' title='bbox 274 1875 392 1917; x_wconf 91' lang='lat' dir='ltr'><strong>hunc</strong></span> <span class='ocrx_word' id='word_1_226' title='bbox 411 1885 504 1917; x_wconf 90' lang='lat' dir='ltr'><strong>non</strong></span> <span class='ocrx_word' id='word_1_227' title='bbox 522 1875 700 1916; x_wconf 89' lang='lat' dir='ltr'><strong>cernitis</strong></span> <span class='ocrx_word' id='word_1_228' title='bbox 718 1873 1004 1916; x_wconf 87' lang='lat' dir='ltr'><strong>ferocientem</strong></span> <span class='ocrx_word' id='word_1_229' title='bbox 1020 1878 1212 1923; x_wconf 89' lang='lat' dir='ltr'><strong>taurum,</strong></span> <span class='ocrx_word' id='word_1_230' title='bbox 1236 1875 1312 1927; x_wconf 91' lang='lat' dir='ltr'><strong>qui</strong></span> <span class='ocrx_word' id='word_1_231' title='bbox 1332 1875 1548 1926; x_wconf 90' lang='lat' dir='ltr'><strong>templum</strong></span> <span class='ocrx_word' id='word_1_232' title='bbox 1576 1875 1659 1915; x_wconf 91' lang='lat' dir='ltr'><strong>hoc</strong></span> <span class='ocrx_word' id='word_1_233' title='bbox 1683 1874 1844 1927; x_wconf 92' lang='lat' dir='ltr'><strong>ingens</strong></span> <span class='ocrx_word' id='word_1_234' title='bbox 1865 1874 1992 1915; x_wconf 90' lang='lat' dir='ltr'><strong>flam-</strong></span> 
     </span>
     <span class='ocr_line' id='line_1_27' title="bbox 195 1940 1994 1993; baseline -0.002 -10"><span class='ocrx_word' id='word_1_235' title='bbox 195 1941 329 1984; x_wconf 85' lang='lat' dir='ltr'><strong>matis</strong></span> <span class='ocrx_word' id='word_1_236' title='bbox 349 1941 559 1984; x_wconf 90' lang='lat' dir='ltr'><strong>cornibus</strong></span> <span class='ocrx_word' id='word_1_237' title='bbox 579 1941 637 1982; x_wconf 92' lang='lat' dir='ltr'><strong>ad</strong></span> <span class='ocrx_word' id='word_1_238' title='bbox 657 1943 823 1982; x_wconf 90' lang='lat' dir='ltr'><strong>terram</strong></span> <span class='ocrx_word' id='word_1_239' title='bbox 845 1940 1014 1981; x_wconf 75' lang='lat' dir='ltr'><strong>deiicit?</strong></span> <span class='ocrx_word' id='word_1_240' title='bbox 1038 1957 1054 1977; x_wconf 77' lang='lat'>‚</span> <span class='ocrx_word' id='word_1_241' title='bbox 1077 1941 1218 1982; x_wconf 87' lang='lat' dir='ltr'><strong>Prima</strong></span> <span class='ocrx_word' id='word_1_242' title='bbox 1246 1951 1377 1992; x_wconf 93' lang='lat' dir='ltr'><strong>porro</strong></span> <span class='ocrx_word' id='word_1_243' title='bbox 1403 1940 1568 1993; x_wconf 87' lang='lat' dir='ltr'><strong>vigilia,</strong></span> <span class='ocrx_word' id='word_1_244' title='bbox 1598 1952 1699 1981; x_wconf 93' lang='lat' dir='ltr'><strong>cum</strong></span> <span class='ocrx_word' id='word_1_245' title='bbox 1726 1941 1898 1982; x_wconf 91' lang='lat' dir='ltr'><strong>caelum</strong></span> <span class='ocrx_word' id='word_1_246' title='bbox 1913 1951 1994 1980; x_wconf 92' lang='lat' dir='ltr'><strong>nu-</strong></span> 
     </span>
     <span class='ocr_line' id='line_1_28' title="bbox 193 2005 1994 2060; baseline -0.002 -11"><span class='ocrx_word' id='word_1_247' title='bbox 193 2006 328 2050; x_wconf 83' lang='lat' dir='ltr'><strong>bibus</strong></span> <span class='ocrx_word' id='word_1_248' title='bbox 345 2006 401 2048; x_wconf 90' lang='lat' dir='ltr'><strong>de</strong></span> <span class='ocrx_word' id='word_1_249' title='bbox 420 2007 665 2060; x_wconf 90' lang='lat' dir='ltr'><strong>improuiso</strong></span> <span class='ocrx_word' id='word_1_250' title='bbox 685 2006 954 2057; x_wconf 88' lang='lat' dir='ltr'><strong>foedaretur,</strong></span> <span class='ocrx_word' id='word_1_251' title='bbox 977 2007 1185 2048; x_wconf 91' lang='lat' dir='ltr'><strong>continuo</strong></span> <span class='ocrx_word' id='word_1_252' title='bbox 1212 2006 1422 2048; x_wconf 91' lang='lat' dir='ltr'><strong>Basilicae</strong></span> <span class='ocrx_word' id='word_1_253' title='bbox 1455 2007 1596 2058; x_wconf 88' lang='lat' dir='ltr'><strong>ipsius</strong></span> <span class='ocrx_word' id='word_1_254' title='bbox 1620 2007 1841 2048; x_wconf 89' lang='lat' dir='ltr'><strong>maximae</strong></span> <span class='ocrx_word' id='word_1_255' title='bbox 1875 2005 1994 2047; x_wconf 88' lang='lat' dir='ltr'><strong>fasti-</strong></span> 
     </span>
     <span class='ocr_line' id='line_1_29' title="bbox 193 2068 1992 2126; baseline -0.001 -12"><span class='ocrx_word' id='word_1_256' title='bbox 193 2068 340 2126; x_wconf 85' lang='lat' dir='ltr'><strong>gium,</strong></span> <span class='ocrx_word' id='word_1_257' title='bbox 380 2072 503 2125; x_wconf 91' lang='lat' dir='ltr'><strong>quod</strong></span> <span class='ocrx_word' id='word_1_258' title='bbox 537 2084 672 2125; x_wconf 91' lang='lat' dir='ltr'><strong>opere</strong></span> <span class='ocrx_word' id='word_1_259' title='bbox 710 2074 822 2114; x_wconf 91' lang='lat' dir='ltr'><strong>miro</strong></span> <span class='ocrx_word' id='word_1_260' title='bbox 864 2073 1138 2126; x_wconf 86' lang='lat' dir='ltr'><strong>singularem</strong></span> <span class='ocrx_word' id='word_1_261' title='bbox 1180 2076 1270 2114; x_wconf 88' lang='lat' dir='ltr'><strong>toto</strong></span> <span class='ocrx_word' id='word_1_262' title='bbox 1315 2075 1534 2114; x_wconf 89' lang='lat' dir='ltr'><strong>terrarum</strong></span> <span class='ocrx_word' id='word_1_263' title='bbox 1574 2073 1681 2114; x_wconf 89' lang='lat' dir='ltr'><strong>orbe</strong></span> <span class='ocrx_word' id='word_1_264' title='bbox 1724 2072 1992 2113; x_wconf 90' lang='lat' dir='ltr'><strong>testudinem</strong></span> 
     </span>
     <span class='ocr_line' id='line_1_30' title="bbox 196 2137 1990 2191; baseline -0.001 -12"><span class='ocrx_word' id='word_1_265' title='bbox 196 2138 514 2191; x_wconf 87' lang='lat' dir='ltr'><strong>supereminet,</strong></span> <span class='ocrx_word' id='word_1_266' title='bbox 537 2141 703 2180; x_wconf 89' lang='lat' dir='ltr'><strong>tactum</strong></span> <span class='ocrx_word' id='word_1_267' title='bbox 734 2138 788 2180; x_wconf 91' lang='lat' dir='ltr'><strong>de</strong></span> <span class='ocrx_word' id='word_1_268' title='bbox 821 2138 942 2179; x_wconf 92' lang='lat' dir='ltr'><strong>caelo</strong></span> <span class='ocrx_word' id='word_1_269' title='bbox 977 2141 1060 2188; x_wconf 87' lang='lat' dir='ltr'><strong>est,</strong></span> <span class='ocrx_word' id='word_1_270' title='bbox 1093 2138 1154 2179; x_wconf 85' lang='lat' dir='ltr'><strong>ita</strong></span> <span class='ocrx_word' id='word_1_271' title='bbox 1181 2141 1229 2178; x_wconf 92' lang='lat' dir='ltr'><strong>ut</strong></span> <span class='ocrx_word' id='word_1_272' title='bbox 1255 2140 1409 2179; x_wconf 88' lang='lat' dir='ltr'><strong>vastae</strong></span> <span class='ocrx_word' id='word_1_273' title='bbox 1429 2138 1665 2189; x_wconf 89' lang='lat' dir='ltr'><strong>quaepiam</strong></span> <span class='ocrx_word' id='word_1_274' title='bbox 1686 2137 1990 2179; x_wconf 90' lang='lat' dir='ltr'><strong>deiecerentur</strong></span> 
     </span>
     <span class='ocr_line' id='line_1_31' title="bbox 195 2202 1987 2257; baseline -0.002 -11"><span class='ocrx_word' id='word_1_275' title='bbox 195 2204 354 2254; x_wconf 84' lang='lat' dir='ltr'><strong>moleS‚</strong></span> <span class='ocrx_word' id='word_1_276' title='bbox 377 2207 511 2256; x_wconf 89' lang='lat' dir='ltr'><strong>atque</strong></span> <span class='ocrx_word' id='word_1_277' title='bbox 527 2205 574 2245; x_wconf 90' lang='lat' dir='ltr'><strong>in</strong></span> <span class='ocrx_word' id='word_1_278' title='bbox 591 2215 691 2246; x_wconf 89' lang='lat' dir='ltr'><strong>eam</strong></span> <span class='ocrx_word' id='word_1_279' title='bbox 711 2204 997 2257; x_wconf 90' lang='lat' dir='ltr'><strong>potissimum</strong></span> <span class='ocrx_word' id='word_1_280' title='bbox 1018 2207 1204 2256; x_wconf 89' lang='lat' dir='ltr'><strong>partem,</strong></span> <span class='ocrx_word' id='word_1_281' title='bbox 1221 2215 1307 2256; x_wconf 92' lang='lat' dir='ltr'><strong>qua</strong></span> <span class='ocrx_word' id='word_1_282' title='bbox 1324 2204 1517 2245; x_wconf 92' lang='lat' dir='ltr'><strong>Medicae</strong></span> <span class='ocrx_word' id='word_1_283' title='bbox 1531 2202 1987 2253; x_wconf 84' lang='lat' dir='ltr'><strong>conuisunturaedeS,</strong></span> 
     </span>
     <span class='ocr_line' id='line_1_32' title="bbox 193 2268 1989 2322; baseline -0.002 -11"><span class='ocrx_word' id='word_1_284' title='bbox 193 2268 237 2312; x_wconf 86' lang='lat' dir='ltr'><strong>vi</strong></span> <span class='ocrx_word' id='word_1_285' title='bbox 253 2269 448 2322; x_wconf 86' lang='lat' dir='ltr'><strong>quadam</strong></span> <span class='ocrx_word' id='word_1_286' title='bbox 466 2270 703 2320; x_wconf 89' lang='lat' dir='ltr'><strong>horrenda,</strong></span> <span class='ocrx_word' id='word_1_287' title='bbox 726 2273 770 2311; x_wconf 87' lang='lat' dir='ltr'><strong>et</strong></span> <span class='ocrx_word' id='word_1_288' title='bbox 788 2270 972 2322; x_wconf 90' lang='lat' dir='ltr'><strong>impetu,</strong></span> <span class='ocrx_word' id='word_1_289' title='bbox 1008 2281 1229 2311; x_wconf 89' lang='lat' dir='ltr'><strong>marmora</strong></span> <span class='ocrx_word' id='word_1_290' title='bbox 1256 2269 1469 2310; x_wconf 88' lang='lat' dir='ltr'><strong>immania</strong></span> <span class='ocrx_word' id='word_1_291' title='bbox 1490 2271 1817 2320; x_wconf 86' lang='lat' dir='ltr'><strong>torquerentur.</strong></span> <span class='ocrx_word' id='word_1_292' title='bbox 1838 2268 1886 2308; x_wconf 90' lang='lat' dir='ltr'><strong>In</strong></span> <span class='ocrx_word' id='word_1_293' title='bbox 1900 2278 1989 2319; x_wconf 90' lang='lat' dir='ltr'><strong>quo</strong></span> 
     </span>
     <span class='ocr_line' id='line_1_33' title="bbox 193 2334 1989 2388; baseline -0.002 -11"><span class='ocrx_word' id='word_1_294' title='bbox 193 2335 306 2377; x_wconf 87' lang='lat' dir='ltr'><strong>illud</strong></span> <span class='ocrx_word' id='word_1_295' title='bbox 325 2335 458 2377; x_wconf 80' lang='lat' dir='ltr'><strong>etiam</strong></span> <span class='ocrx_word' id='word_1_296' title='bbox 478 2337 698 2388; x_wconf 87' lang='lat' dir='ltr'><strong>praescito</strong></span> <span class='ocrx_word' id='word_1_297' title='bbox 716 2347 806 2377; x_wconf 91' lang='lat' dir='ltr'><strong>non</strong></span> <span class='ocrx_word' id='word_1_298' title='bbox 828 2337 983 2386; x_wconf 90' lang='lat' dir='ltr'><strong>caruit,</strong></span> <span class='ocrx_word' id='word_1_299' title='bbox 1009 2335 1129 2388; x_wconf 91' lang='lat' dir='ltr'><strong>quod</strong></span> <span class='ocrx_word' id='word_1_300' title='bbox 1155 2335 1357 2376; x_wconf 87' lang='lat' dir='ltr'><strong>inaurata</strong></span> <span class='ocrx_word' id='word_1_301' title='bbox 1378 2346 1466 2375; x_wconf 91' lang='lat' dir='ltr'><strong>una</strong></span> <span class='ocrx_word' id='word_1_302' title='bbox 1488 2335 1592 2387; x_wconf 90' lang='lat' dir='ltr'><strong>pila,</strong></span> <span class='ocrx_word' id='word_1_303' title='bbox 1615 2334 1770 2387; x_wconf 89' lang='lat' dir='ltr'><strong>quales</strong></span> <span class='ocrx_word' id='word_1_304' title='bbox 1787 2334 1989 2386; x_wconf 88' lang='lat' dir='ltr'><strong>aliaeque</strong></span> 
     </span>
     <span class='ocr_line' id='line_1_34' title="bbox 192 2399 1988 2455; baseline -0.001 -13"><span class='ocrx_word' id='word_1_305' title='bbox 192 2401 239 2442; x_wconf 90' lang='lat' dir='ltr'><strong>in</strong></span> <span class='ocrx_word' id='word_1_306' title='bbox 260 2401 419 2443; x_wconf 89' lang='lat' dir='ltr'><strong>eodem</strong></span> <span class='ocrx_word' id='word_1_307' title='bbox 434 2399 614 2455; x_wconf 82' lang='lat' dir='ltr'><strong>fastigio</strong></span> <span class='ocrx_word' id='word_1_308' title='bbox 632 2403 978 2454; x_wconf 86' lang='lat' dir='ltr'><strong>conspiciuntur,</strong></span> <span class='ocrx_word' id='word_1_309' title='bbox 999 2413 1187 2443; x_wconf 87' lang='lat' dir='ltr'><strong>excussa</strong></span> <span class='ocrx_word' id='word_1_310' title='bbox 1202 2401 1386 2442; x_wconf 91' lang='lat' dir='ltr'><strong>fulmine</strong></span> <span class='ocrx_word' id='word_1_311' title='bbox 1404 2404 1486 2450; x_wconf 91' lang='lat' dir='ltr'><strong>est,</strong></span> <span class='ocrx_word' id='word_1_312' title='bbox 1508 2412 1564 2442; x_wconf 94' lang='lat' dir='ltr'><strong>ne</strong></span> <span class='ocrx_word' id='word_1_313' title='bbox 1582 2411 1671 2441; x_wconf 91' lang='lat' dir='ltr'><strong>non</strong></span> <span class='ocrx_word' id='word_1_314' title='bbox 1693 2412 1746 2441; x_wconf 89' lang='lat' dir='ltr'><strong>ex</strong></span> <span class='ocrx_word' id='word_1_315' title='bbox 1763 2400 1858 2452; x_wconf 89' lang='lat' dir='ltr'><strong>ipso</strong></span> <span class='ocrx_word' id='word_1_316' title='bbox 1881 2410 1988 2452; x_wconf 90' lang='lat' dir='ltr'><strong>quo-</strong></span> 
     </span>
     <span class='ocr_line' id='line_1_35' title="bbox 192 2466 1983 2520; baseline -0.001 -12"><span class='ocrx_word' id='word_1_317' title='bbox 192 2477 281 2520; x_wconf 87' lang='lat' dir='ltr'><strong>que</strong></span> <span class='ocrx_word' id='word_1_318' title='bbox 296 2466 463 2520; x_wconf 86' lang='lat' dir='ltr'><strong>insigni</strong></span> <span class='ocrx_word' id='word_1_319' title='bbox 489 2468 719 2520; x_wconf 91' lang='lat' dir='ltr'><strong>proprium</strong></span> <span class='ocrx_word' id='word_1_320' title='bbox 746 2469 842 2509; x_wconf 91' lang='lat' dir='ltr'><strong>eius</strong></span> <span class='ocrx_word' id='word_1_321' title='bbox 874 2468 1066 2509; x_wconf 80' lang='lat' dir='ltr'><strong>familiae</strong></span> <span class='ocrx_word' id='word_1_322' title='bbox 1095 2468 1407 2509; x_wconf 89' lang='lat' dir='ltr'><strong>detrimentum</strong></span> <span class='ocrx_word' id='word_1_323' title='bbox 1440 2467 1790 2519; x_wconf 88' lang='lat' dir='ltr'><strong>portenderetur.</strong></span> <span class='ocrx_word' id='word_1_324' title='bbox 1822 2466 1908 2507; x_wconf 88' lang='lat' dir='ltr'><strong>Sed</strong></span> <span class='ocrx_word' id='word_1_325' title='bbox 1940 2469 1983 2506; x_wconf 90' lang='lat' dir='ltr'><strong>et</strong></span> 
     </span>
     <span class='ocr_line' id='line_1_36' title="bbox 191 2531 1984 2587; baseline -0.002 -13"><span class='ocrx_word' id='word_1_326' title='bbox 191 2532 302 2574; x_wconf 89' lang='lat' dir='ltr'><strong>illud</strong></span> <span class='ocrx_word' id='word_1_327' title='bbox 334 2534 641 2584; x_wconf 87' lang='lat' dir='ltr'><strong>memorabile,</strong></span> <span class='ocrx_word' id='word_1_328' title='bbox 677 2534 798 2587; x_wconf 93' lang='lat' dir='ltr'><strong>quod</strong></span> <span class='ocrx_word' id='word_1_329' title='bbox 826 2537 875 2575; x_wconf 89' lang='lat' dir='ltr'><strong>ut</strong></span> <span class='ocrx_word' id='word_1_330' title='bbox 903 2535 1095 2586; x_wconf 90' lang='lat' dir='ltr'><strong>primum</strong></span> <span class='ocrx_word' id='word_1_331' title='bbox 1126 2533 1340 2583; x_wconf 92' lang='lat' dir='ltr'><strong>detonuit,</strong></span> <span class='ocrx_word' id='word_1_332' title='bbox 1377 2534 1525 2574; x_wconf 86' lang='lat' dir='ltr'><strong>statim</strong></span> <span class='ocrx_word' id='word_1_333' title='bbox 1558 2543 1736 2585; x_wconf 89' lang='lat' dir='ltr'><strong>quoque</strong></span> <span class='ocrx_word' id='word_1_334' title='bbox 1770 2531 1984 2573; x_wconf 87' lang='lat' dir='ltr'><strong>serenitas</strong></span> 
     </span>
     <span class='ocr_line' id='line_1_37' title="bbox 191 2598 1985 2651; baseline -0.002 -11"><span class='ocrx_word' id='word_1_335' title='bbox 191 2598 379 2641; x_wconf 89' lang='lat' dir='ltr'><strong>reddita.</strong></span> <span class='ocrx_word' id='word_1_336' title='bbox 402 2600 497 2650; x_wconf 83' lang='lat' dir='ltr'><strong>Qua</strong></span> <span class='ocrx_word' id='word_1_337' title='bbox 518 2603 669 2642; x_wconf 89' lang='lat' dir='ltr'><strong>autem</strong></span> <span class='ocrx_word' id='word_1_338' title='bbox 688 2604 816 2642; x_wconf 88' lang='lat' dir='ltr'><strong>nocte</strong></span> <span class='ocrx_word' id='word_1_339' title='bbox 845 2601 954 2642; x_wconf 92' lang='lat' dir='ltr'><strong>obiit</strong></span> <span class='ocrx_word' id='word_1_340' title='bbox 975 2601 1252 2651; x_wconf 88' lang='lat' dir='ltr'><strong>Laurentius,</strong></span> <span class='ocrx_word' id='word_1_341' title='bbox 1277 2599 1404 2641; x_wconf 91' lang='lat' dir='ltr'><strong>stella</strong></span> <span class='ocrx_word' id='word_1_342' title='bbox 1425 2600 1556 2641; x_wconf 89' lang='lat' dir='ltr'><strong>solito</strong></span> <span class='ocrx_word' id='word_1_343' title='bbox 1577 2599 1748 2648; x_wconf 87' lang='lat' dir='ltr'><strong>clarior,</strong></span> <span class='ocrx_word' id='word_1_344' title='bbox 1782 2609 1831 2639; x_wconf 90' lang='lat' dir='ltr'><strong>ac</strong></span> <span class='ocrx_word' id='word_1_345' title='bbox 1857 2608 1985 2650; x_wconf 89' lang='lat' dir='ltr'><strong>gran—</strong></span> 
     </span>
     <span class='ocr_line' id='line_1_38' title="bbox 193 2664 1986 2719; baseline -0.002 -12"><span class='ocrx_word' id='word_1_346' title='bbox 193 2666 304 2714; x_wconf 84' lang='lat' dir='ltr'><strong>dior,</strong></span> <span class='ocrx_word' id='word_1_347' title='bbox 327 2665 586 2707; x_wconf 85' lang='lat' dir='ltr'><strong>suburbano</strong></span> <span class='ocrx_word' id='word_1_348' title='bbox 613 2667 863 2716; x_wconf 90' lang='lat' dir='ltr'><strong>imminens,</strong></span> <span class='ocrx_word' id='word_1_349' title='bbox 895 2667 940 2707; x_wconf 90' lang='lat' dir='ltr'><strong>in</strong></span> <span class='ocrx_word' id='word_1_350' title='bbox 967 2678 1081 2719; x_wconf 91' lang='lat' dir='ltr'><strong>quos</strong></span> <span class='ocrx_word' id='word_1_351' title='bbox 1107 2667 1304 2707; x_wconf 90' lang='lat' dir='ltr'><strong>animam</strong></span> <span class='ocrx_word' id='word_1_352' title='bbox 1330 2666 1507 2719; x_wconf 88' lang='lat' dir='ltr'><strong>agebat,</strong></span> <span class='ocrx_word' id='word_1_353' title='bbox 1539 2666 1613 2706; x_wconf 92' lang='lat' dir='ltr'><strong>illo</strong></span> <span class='ocrx_word' id='word_1_354' title='bbox 1643 2666 1741 2717; x_wconf 92' lang='lat' dir='ltr'><strong>ipso</strong></span> <span class='ocrx_word' id='word_1_355' title='bbox 1774 2664 1986 2715; x_wconf 86' lang='lat' dir='ltr'><strong>temporis</strong></span> 
     </span>
     <span class='ocr_line' id='line_1_39' title="bbox 191 2729 1984 2785; baseline -0.002 -13"><span class='ocrx_word' id='word_1_356' title='bbox 191 2731 376 2773; x_wconf 89' lang='lat' dir='ltr'><strong>articulo</strong></span> <span class='ocrx_word' id='word_1_357' title='bbox 395 2731 611 2780; x_wconf 88' lang='lat' dir='ltr'><strong>decidere,</strong></span> <span class='ocrx_word' id='word_1_358' title='bbox 635 2732 923 2785; x_wconf 84' lang='lat' dir='ltr'><strong>extinguique</strong></span> <span class='ocrx_word' id='word_1_359' title='bbox 942 2733 1053 2780; x_wconf 90' lang='lat' dir='ltr'><strong>visa,</strong></span> <span class='ocrx_word' id='word_1_360' title='bbox 1077 2743 1165 2784; x_wconf 90' lang='lat' dir='ltr'><strong>quo</strong></span> <span class='ocrx_word' id='word_1_361' title='bbox 1187 2735 1461 2783; x_wconf 88' lang='lat' dir='ltr'><strong>compertum</strong></span> <span class='ocrx_word' id='word_1_362' title='bbox 1484 2730 1643 2771; x_wconf 91' lang='lat' dir='ltr'><strong>deinde</strong></span> <span class='ocrx_word' id='word_1_363' title='bbox 1669 2733 1737 2771; x_wconf 90' lang='lat' dir='ltr'><strong>est</strong></span> <span class='ocrx_word' id='word_1_364' title='bbox 1765 2740 1867 2770; x_wconf 91' lang='lat' dir='ltr'><strong>eum</strong></span> <span class='ocrx_word' id='word_1_365' title='bbox 1896 2729 1984 2770; x_wconf 86' lang='lat' dir='ltr'><strong>vita</strong></span> 
     </span>
     <span class='ocr_line' id='line_1_40' title="bbox 193 2794 1982 2851; baseline -0.002 -13"><span class='ocrx_word' id='word_1_366' title='bbox 193 2797 482 2851; x_wconf 89' lang='lat' dir='ltr'><strong>demigrasse.</strong></span> <span class='ocrx_word' id='word_1_367' title='bbox 504 2797 618 2848; x_wconf 88' lang='lat' dir='ltr'><strong>Quin</strong></span> <span class='ocrx_word' id='word_1_368' title='bbox 639 2798 888 2838; x_wconf 90' lang='lat' dir='ltr'><strong>excurrisse</strong></span> <span class='ocrx_word' id='word_1_369' title='bbox 905 2798 1038 2838; x_wconf 90' lang='lat' dir='ltr'><strong>etiam</strong></span> <span class='ocrx_word' id='word_1_370' title='bbox 1056 2797 1174 2838; x_wconf 86' lang='lat' dir='ltr'><strong>faces</strong></span> <span class='ocrx_word' id='word_1_371' title='bbox 1198 2798 1399 2838; x_wconf 89' lang='lat' dir='ltr'><strong>trinoctio</strong></span> <span class='ocrx_word' id='word_1_372' title='bbox 1420 2799 1634 2848; x_wconf 90' lang='lat' dir='ltr'><strong>perpetuo</strong></span> <span class='ocrx_word' id='word_1_373' title='bbox 1655 2795 1709 2836; x_wconf 94' lang='lat' dir='ltr'><strong>de</strong></span> <span class='ocrx_word' id='word_1_374' title='bbox 1728 2794 1982 2836; x_wconf 89' lang='lat' dir='ltr'><strong>Faesulanis</strong></span> 
     </span>
     <span class='ocr_line' id='line_1_41' title="bbox 191 2861 1983 2916; baseline -0.002 -12"><span class='ocrx_word' id='word_1_375' title='bbox 191 2863 435 2913; x_wconf 90' lang='lat' dir='ltr'><strong>montibus,</strong></span> <span class='ocrx_word' id='word_1_376' title='bbox 459 2875 684 2916; x_wconf 88' lang='lat' dir='ltr'><strong>supraque</strong></span> <span class='ocrx_word' id='word_1_377' title='bbox 704 2864 749 2904; x_wconf 91' lang='lat' dir='ltr'><strong>id</strong></span> <span class='ocrx_word' id='word_1_378' title='bbox 769 2863 1001 2915; x_wconf 89' lang='lat' dir='ltr'><strong>templum,</strong></span> <span class='ocrx_word' id='word_1_379' title='bbox 1033 2874 1121 2915; x_wconf 93' lang='lat' dir='ltr'><strong>quo</strong></span> <span class='ocrx_word' id='word_1_380' title='bbox 1151 2863 1364 2916; x_wconf 89' lang='lat' dir='ltr'><strong>reliquiae</strong></span> <span class='ocrx_word' id='word_1_381' title='bbox 1398 2862 1647 2903; x_wconf 89' lang='lat' dir='ltr'><strong>conduntur</strong></span> <span class='ocrx_word' id='word_1_382' title='bbox 1666 2861 1858 2902; x_wconf 89' lang='lat' dir='ltr'><strong>Medicae</strong></span> <span class='ocrx_word' id='word_1_383' title='bbox 1877 2871 1983 2913; x_wconf 90' lang='lat' dir='ltr'><strong>gen-</strong></span> 
     </span>
     <span class='ocr_line' id='line_1_42' title="bbox 192 2926 1976 2981; baseline -0.002 -11"><span class='ocrx_word' id='word_1_384' title='bbox 192 2929 264 2975; x_wconf 84' lang='lat' dir='ltr'><strong>tis.</strong></span> <span class='ocrx_word' id='word_1_385' title='bbox 287 2929 550 2971; x_wconf 90' lang='lat' dir='ltr'><strong>scintillasse</strong></span> <span class='ocrx_word' id='word_1_386' title='bbox 567 2929 782 2979; x_wconf 91' lang='lat' dir='ltr'><strong>nonnihil,</strong></span> <span class='ocrx_word' id='word_1_387' title='bbox 808 2939 998 2981; x_wconf 87' lang='lat' dir='ltr'><strong>moxque</strong></span> <span class='ocrx_word' id='word_1_388' title='bbox 1025 2927 1265 2970; x_wconf 89' lang='lat' dir='ltr'><strong>euanuisse</strong></span> <span class='ocrx_word' id='word_1_389' title='bbox 1297 2927 1511 2969; x_wconf 89' lang='lat' dir='ltr'><strong>feruntur.</strong></span> <span class='ocrx_word' id='word_1_390' title='bbox 1536 2927 1673 2978; x_wconf 81' lang='lat' dir='ltr'><strong>Quid?</strong></span> <span class='ocrx_word' id='word_1_391' title='bbox 1693 2926 1811 2978; x_wconf 89' lang='lat' dir='ltr'><strong>quod</strong></span> <span class='ocrx_word' id='word_1_392' title='bbox 1829 2929 1871 2967; x_wconf 88' lang='lat' dir='ltr'><strong>et</strong></span> <span class='ocrx_word' id='word_1_393' title='bbox 1890 2926 1976 2967; x_wconf 89' lang='lat' dir='ltr'><strong>leo-</strong></span> 
     </span>
     <span class='ocr_line' id='line_1_43' title="bbox 191 2989 1978 3049; baseline -0.004 -11"><span class='ocrx_word' id='word_1_394' title='bbox 191 3007 300 3038; x_wconf 89' lang='lat' dir='ltr'><strong>num</strong></span> <span class='ocrx_word' id='word_1_395' title='bbox 317 3007 495 3049; x_wconf 89' lang='lat' dir='ltr'><strong>quoque</strong></span> <span class='ocrx_word' id='word_1_396' title='bbox 514 2995 841 3036; x_wconf 90' lang='lat' dir='ltr'><strong>nobilissimum</strong></span> <span class='ocrx_word' id='word_1_397' title='bbox 858 3006 951 3047; x_wconf 90' lang='lat' dir='ltr'><strong>par,</strong></span> <span class='ocrx_word' id='word_1_398' title='bbox 974 2995 1070 3046; x_wconf 91' lang='lat' dir='ltr'><strong>ipsa</strong></span> <span class='ocrx_word' id='word_1_399' title='bbox 1091 3005 1179 3046; x_wconf 90' lang='lat' dir='ltr'><strong>qua</strong></span> <span class='ocrx_word' id='word_1_400' title='bbox 1197 2994 1369 3046; x_wconf 90' lang='lat' dir='ltr'><strong>publice</strong></span> <span class='ocrx_word' id='word_1_401' title='bbox 1389 2989 1668 3035; x_wconf 72' lang='lat' dir='ltr'><strong>co&#39;ntinentur</strong></span> <span class='ocrx_word' id='word_1_402' title='bbox 1688 3003 1837 3041; x_wconf 90' lang='lat' dir='ltr'><strong>cauea,</strong></span> <span class='ocrx_word' id='word_1_403' title='bbox 1858 2991 1919 3032; x_wconf 92' lang='lat' dir='ltr'><strong>sic</strong></span> <span class='ocrx_word' id='word_1_404' title='bbox 1933 2991 1978 3032; x_wconf 91' lang='lat' dir='ltr'><strong>in</strong></span> 
     </span>
     <span class='ocr_line' id='line_1_44' title="bbox 192 3057 1982 3116; baseline -0.004 -12"><span class='ocrx_word' id='word_1_405' title='bbox 192 3073 391 3116; x_wconf 89' lang='lat' dir='ltr'><strong>pugnam</strong></span> <span class='ocrx_word' id='word_1_406' title='bbox 410 3061 612 3103; x_wconf 89' lang='lat' dir='ltr'><strong>ferociter</strong></span> <span class='ocrx_word' id='word_1_407' title='bbox 632 3061 863 3110; x_wconf 90' lang='lat' dir='ltr'><strong>concurrit,</strong></span> <span class='ocrx_word' id='word_1_408' title='bbox 886 3063 934 3101; x_wconf 88' lang='lat' dir='ltr'><strong>ut</strong></span> <span class='ocrx_word' id='word_1_409' title='bbox 954 3061 1066 3101; x_wconf 89' lang='lat' dir='ltr'><strong>alter</strong></span> <span class='ocrx_word' id='word_1_410' title='bbox 1083 3061 1278 3112; x_wconf 89' lang='lat' dir='ltr'><strong>pessime</strong></span> <span class='ocrx_word' id='word_1_411' title='bbox 1298 3063 1519 3111; x_wconf 90' lang='lat' dir='ltr'><strong>acceptus,</strong></span> <span class='ocrx_word' id='word_1_412' title='bbox 1536 3059 1646 3099; x_wconf 89' lang='lat' dir='ltr'><strong>alter</strong></span> <span class='ocrx_word' id='word_1_413' title='bbox 1666 3058 1798 3098; x_wconf 86' lang='lat' dir='ltr'><strong>etiam</strong></span> <span class='ocrx_word' id='word_1_414' title='bbox 1815 3057 1903 3097; x_wconf 89' lang='lat' dir='ltr'><strong>leto</strong></span> <span class='ocrx_word' id='word_1_415' title='bbox 1925 3057 1982 3096; x_wconf 87' lang='lat' dir='ltr'><strong>sit</strong></span> 
     </span>
     <span class='ocr_line' id='line_1_45' title="bbox 194 3122 1981 3179; baseline -0.004 -10"><span class='ocrx_word' id='word_1_416' title='bbox 194 3129 339 3170; x_wconf 85' lang='lat' dir='ltr'><strong>datus.</strong></span> <span class='ocrx_word' id='word_1_417' title='bbox 367 3128 526 3169; x_wconf 86' lang='lat' dir='ltr'><strong>Arretii</strong></span> <span class='ocrx_word' id='word_1_418' title='bbox 547 3137 725 3179; x_wconf 90' lang='lat' dir='ltr'><strong>quoque</strong></span> <span class='ocrx_word' id='word_1_419' title='bbox 745 3137 882 3178; x_wconf 89' lang='lat' dir='ltr'><strong>supra</strong></span> <span class='ocrx_word' id='word_1_420' title='bbox 901 3137 1047 3166; x_wconf 86' lang='lat' dir='ltr'><strong>arcem</strong></span> <span class='ocrx_word' id='word_1_421' title='bbox 1074 3126 1232 3177; x_wconf 88' lang='lat' dir='ltr'><strong>ipsam,</strong></span> <span class='ocrx_word' id='word_1_422' title='bbox 1263 3126 1468 3178; x_wconf 90' lang='lat' dir='ltr'><strong>geminae</strong></span> <span class='ocrx_word' id='word_1_423' title='bbox 1497 3124 1654 3176; x_wconf 89' lang='lat' dir='ltr'><strong>perdiu</strong></span> <span class='ocrx_word' id='word_1_424' title='bbox 1674 3123 1840 3164; x_wconf 88' lang='lat' dir='ltr'><strong>arsisse</strong></span> <span class='ocrx_word' id='word_1_425' title='bbox 1860 3122 1981 3162; x_wconf 87' lang='lat' dir='ltr'><strong>flam-</strong></span> 
     </span>
     <span class='ocr_line' id='line_1_46' title="bbox 193 3187 1981 3246; baseline -0.004 -12"><span class='ocrx_word' id='word_1_426' title='bbox 193 3205 308 3243; x_wconf 88' lang='lat' dir='ltr'><strong>mae,</strong></span> <span class='ocrx_word' id='word_1_427' title='bbox 330 3194 457 3246; x_wconf 91' lang='lat' dir='ltr'><strong>quasi</strong></span> <span class='ocrx_word' id='word_1_428' title='bbox 475 3194 678 3235; x_wconf 88' lang='lat' dir='ltr'><strong>Castores</strong></span> <span class='ocrx_word' id='word_1_429' title='bbox 698 3191 914 3242; x_wconf 87' lang='lat' dir='ltr'><strong>feruntur,</strong></span> <span class='ocrx_word' id='word_1_430' title='bbox 942 3203 992 3232; x_wconf 88' lang='lat' dir='ltr'><strong>ac</strong></span> <span class='ocrx_word' id='word_1_431' title='bbox 1014 3192 1118 3243; x_wconf 91' lang='lat' dir='ltr'><strong>lupa</strong></span> <span class='ocrx_word' id='word_1_432' title='bbox 1145 3190 1387 3232; x_wconf 90' lang='lat' dir='ltr'><strong>identidem</strong></span> <span class='ocrx_word' id='word_1_433' title='bbox 1415 3190 1498 3230; x_wconf 92' lang='lat' dir='ltr'><strong>sub</strong></span> <span class='ocrx_word' id='word_1_434' title='bbox 1529 3188 1762 3230; x_wconf 88' lang='lat' dir='ltr'><strong>moenibus</strong></span> <span class='ocrx_word' id='word_1_435' title='bbox 1785 3187 1981 3228; x_wconf 89' lang='lat' dir='ltr'><strong>ululatus</strong></span> 
     </span>
     <span class='ocr_line' id='line_1_47' title="bbox 193 3253 1980 3310; baseline -0.004 -10"><span class='ocrx_word' id='word_1_436' title='bbox 193 3258 408 3300; x_wconf 90' lang='lat' dir='ltr'><strong>terrificos</strong></span> <span class='ocrx_word' id='word_1_437' title='bbox 436 3259 645 3300; x_wconf 89' lang='lat' dir='ltr'><strong>edidisse.</strong></span> <span class='ocrx_word' id='word_1_438' title='bbox 669 3259 857 3310; x_wconf 87' lang='lat' dir='ltr'><strong>Quidam</strong></span> <span class='ocrx_word' id='word_1_439' title='bbox 878 3258 988 3298; x_wconf 92' lang='lat' dir='ltr'><strong>illud</strong></span> <span class='ocrx_word' id='word_1_440' title='bbox 1013 3257 1145 3298; x_wconf 86' lang='lat' dir='ltr'><strong>etiam</strong></span> <span class='ocrx_word' id='word_1_441' title='bbox 1164 3258 1230 3306; x_wconf 85' lang='lat' dir='ltr'><strong>(ut</strong></span> <span class='ocrx_word' id='word_1_442' title='bbox 1250 3258 1354 3296; x_wconf 90' lang='lat' dir='ltr'><strong>sunt</strong></span> <span class='ocrx_word' id='word_1_443' title='bbox 1373 3254 1567 3308; x_wconf 87' lang='lat' dir='ltr'><strong>ingenia)</strong></span> <span class='ocrx_word' id='word_1_444' title='bbox 1591 3265 1669 3306; x_wconf 92' lang='lat' dir='ltr'><strong>pro</strong></span> <span class='ocrx_word' id='word_1_445' title='bbox 1695 3256 1894 3294; x_wconf 89' lang='lat' dir='ltr'><strong>monstro</strong></span> <span class='ocrx_word' id='word_1_446' title='bbox 1912 3253 1980 3294; x_wconf 91' lang='lat' dir='ltr'><strong>in-</strong></span> 
     </span>
     <span class='ocr_line' id='line_1_48' title="bbox 193 3318 1980 3377; baseline -0.004 -11"><span class='ocrx_word' id='word_1_447' title='bbox 193 3327 506 3377; x_wconf 90' lang='lat' dir='ltr'><strong>terpretantur,</strong></span> <span class='ocrx_word' id='word_1_448' title='bbox 530 3324 650 3377; x_wconf 91' lang='lat' dir='ltr'><strong>quod</strong></span> <span class='ocrx_word' id='word_1_449' title='bbox 676 3323 1075 3365; x_wconf 87' lang='lat' dir='ltr'><strong>excellentissimus</strong></span> <span class='ocrx_word' id='word_1_450' title='bbox 1109 3322 1183 3376; x_wconf 87' lang='lat' dir='ltr'><strong>(ita</strong></span> <span class='ocrx_word' id='word_1_451' title='bbox 1216 3322 1334 3363; x_wconf 87' lang='lat' dir='ltr'><strong>enim</strong></span> <span class='ocrx_word' id='word_1_452' title='bbox 1367 3321 1630 3370; x_wconf 84' lang='lat' dir='ltr'><strong>habebatur)</strong></span> <span class='ocrx_word' id='word_1_453' title='bbox 1659 3319 1793 3360; x_wconf 90' lang='lat' dir='ltr'><strong>huius</strong></span> <span class='ocrx_word' id='word_1_454' title='bbox 1821 3318 1980 3359; x_wconf 88' lang='lat' dir='ltr'><strong>aetatis</strong></span> 
     </span>
     <span class='ocr_line' id='line_1_49' title="bbox 193 3386 1978 3443; baseline -0.004 -10"><span class='ocrx_word' id='word_1_455' title='bbox 193 3391 406 3442; x_wconf 90' lang='lat' dir='ltr'><strong>medicus,</strong></span> <span class='ocrx_word' id='word_1_456' title='bbox 429 3391 608 3443; x_wconf 90' lang='lat' dir='ltr'><strong>quando</strong></span> <span class='ocrx_word' id='word_1_457' title='bbox 631 3402 703 3432; x_wconf 91' lang='lat' dir='ltr'><strong>ars</strong></span> <span class='ocrx_word' id='word_1_458' title='bbox 721 3401 823 3432; x_wconf 88' lang='lat' dir='ltr'><strong>eum</strong></span> <span class='ocrx_word' id='word_1_459' title='bbox 851 3389 1157 3443; x_wconf 87' lang='lat' dir='ltr'><strong>praescitaque</strong></span> <span class='ocrx_word' id='word_1_460' title='bbox 1177 3386 1436 3438; x_wconf 83' lang='lat' dir='ltr'><strong>fefellerant,</strong></span> <span class='ocrx_word' id='word_1_461' title='bbox 1456 3387 1654 3428; x_wconf 91' lang='lat' dir='ltr'><strong>animum</strong></span> <span class='ocrx_word' id='word_1_462' title='bbox 1677 3386 1978 3439; x_wconf 90' lang='lat' dir='ltr'><strong>desponderit,</strong></span> 
     </span>
    </p>
   </div>
  </div>
 </body>
</html>
