2262 3958
348 296 420 336 218
956 294 1188 333 JOHANNIS
1221 294 1514 344 eunomiani,
1804 298 2012 344 [Nm-ambre
2027 302 2121 344 1486]

352 415 448 449 non
469 399 685 458 absolvit,
711 399 795 447 sed
814 397 1032 463 permisit
1052 398 1379 448 celebrantem
1399 399 1644 451 absolvere
1671 419 1680 450 z
1705 402 1797 452 alia
1824 419 1958 452 more
1981 404 2120 454 solito

355 487 465 531 sunt
491 483 756 532 observata.

419 566 556 614 Feria
574 565 731 624 tertia,
757 568 818 612 24
839 564 1019 613 mensis
1042 565 1272 625 octobris,
1295 566 1343 614 in
1366 566 1548 630 capella
1579 568 1762 632 majore
1791 570 1953 634 palatii
1983 586 2126 635 apos-

354 648 502 708 tolici,
519 651 574 696 R.
602 651 652 696 P.
676 651 733 696 D.
756 649 887 696 Titus
909 649 1163 713 episcopus
1188 647 1452 697 Castrensis
1474 648 1522 695 in
1541 649 1851 712 patrimonio,
1873 652 2128 701 celebravit

355 730 551 780 missam
572 731 814 795 publicam
848 747 935 796 pro
964 732 1124 780 anima
1149 733 1274 780 bone
1310 731 1544 780 memorie
1574 731 1703 780 Petri
1737 731 1917 781 titulis.
1942 734 2125 784 Nicolai

354 815 480 864 inter
509 814 743 878 imagines
775 815 1028 863 cardinalis
1060 816 1270 864 Paduani
1290 816 1404 864 alias
1433 815 1624 864 Fuscari
1646 816 1924 880 nuncupati,
1960 832 2130 866 secun-

355 898 469 946 dum
491 913 678 946 morem
706 898 889 962 capelle
911 902 1091 959 nostre,
1119 902 1247 963 Papa
1276 899 1475 948 absente
1498 903 1543 948 et
1564 898 1755 947 RRmis.
1781 902 1879 949 DD.
1903 900 2128 965 Andaga-

354 980 505 1040 vensi,
548 981 904 1030 Rechanatensi
947 986 993 1030 et
1039 998 1077 1030 s,
1131 983 1390 1032 Clementis
1434 982 1753 1031 cardinalibus
1803 983 2128 1047 presentibus.

359 1064 634 1124 Celebrans,
680 1069 789 1128 post
823 1064 1038 1125 missam,
1091 1066 1306 1126 absolvit,
1347 1070 1392 1114 et
1428 1066 1520 1115 alia
1558 1067 1808 1115 observata
1847 1072 1958 1117 sunt
1991 1081 2126 1116 more

356 1145 511 1194 solit0.

422 1230 648 1289 SabbatO,
667 1234 726 1278 28
743 1230 922 1278 mensis
938 1231 1166 1291 octobriS‚
1191 1236 1424 1281 venerunt
1441 1236 1656 1281 oratores
1681 1235 1807 1298 regis
1830 1238 2124 1287 Francorum

355 1319 402 1363 et
431 1316 533 1362 DD.
567 1313 955 1362 Florentinorum
985 1315 1045 1363 ad
1073 1316 1268 1375 Urbem,
1293 1316 1372 1380 qui
1394 1332 1422 1363 a
1449 1316 1812 1380 particularibus
1838 1319 2123 1382 quibusdam

355 1397 521 1447 amicis
552 1398 733 1463 recepti
760 1399 951 1447 fuerunt
977 1403 1023 1448 et
1045 1414 1193 1462 usque
1225 1399 1284 1446 ad
1318 1400 1514 1447 domum
1543 1398 1737 1462 hospitii
1766 1399 1857 1460 sui,
1892 1405 1945 1450 ut
1975 1404 2122 1452 moris

356 1486 446 1540 est,
486 1482 725 1530 associati.
760 1482 939 1530 Eadem
969 1481 1045 1530 die
1087 1484 1171 1530 SS.
1202 1484 1259 1530 D.
1299 1483 1355 1529 N.
1394 1481 1594 1544 signavit
1629 1483 1836 1531 rotulum
1885 1487 2122 1550 expectati

353 1580 536 1625 varum,
568 1581 678 1614 cum
716 1565 1028 1630 prerogativis
1054 1580 1142 1629 pro
1165 1564 1487 1623 conclavistis3
1529 1581 1672 1628 quem
1700 1571 1861 1616 tamen
1885 1571 1942 1616 R.
1975 1571 2028 1617 P.
2059 1572 2118 1619 D.

354 1648 607 1713 episcopus
639 1649 903 1710 Auriensis,
943 1649 1171 1708 datariUS,
1202 1649 1416 1713 pluribus
1443 1648 1610 1697 diebus
1637 1649 1703 1698 sic
1731 1650 1971 1714 signatum
1995 1653 2134 1719 apud-

351 1746 402 1779 se
421 1732 631 1780 retinuit.

419 1814 555 1862 Feria
593 1815 750 1875 tertia,
797 1819 848 1864 31
889 1815 1070 1864 mensis
1110 1815 1336 1875 octobris,
1377 1815 1535 1879 vigilia
1574 1817 1790 1865 omnium
1826 1823 2118 1882 sanctorum,

353 1898 543 1946 fuerunt
565 1913 762 1962 vespere
783 1897 978 1961 papales
1000 1897 1048 1944 in
1069 1897 1252 1961 capella
1280 1898 1463 1961 majore
1491 1898 1652 1961 palatii
1681 1900 1927 1964 apostolici
1950 1903 2123 1966 quibus

353 1983 483 2045 Papa
497 1980 712 2029 interfuit
734 1986 780 2029 et
809 1980 921 2028 fecit
943 1979 1156 2028 officium
1177 1995 1310 2028 more
1333 1980 1490 2029 solito.

417 2063 503 2113 Die
537 2063 771 2126 sequenti,
808 2063 930 2111 festo
968 2063 1182 2111 omnium
1205 2068 1499 2126 sanctorum,
1525 2069 1690 2114 Rmus.
1721 2069 1776 2116 D.
1804 2068 2057 2116 cardinalis
2078 2085 2117 2117 s.
2158 2115 2166 2123 ,

352 2148 610 2198 Clementis
638 2146 844 2196 cantavit
883 2147 1082 2195 missam
1118 2148 1385 2197 solemnem
1418 2149 1467 2196 in
1497 2149 1693 2198 basilica
1727 2166 1766 2198 s,
1814 2151 1959 2212 Petri,
1994 2155 2123 2217 Papa

350 2236 576 2298 presente
603 2250 612 2280 :
639 2246 916 2279 sermonem
943 2231 1056 2280 fecit
1084 2234 1141 2280 D.
1179 2232 1422 2281 Johannes
1459 2234 1664 2294 Puscha,
1691 2235 1966 2299 capellanus
1993 2237 2117 2286 Rmi.

352 2319 409 2365 D.
435 2315 688 2363 cardinalis
708 2331 747 2362 s.
772 2314 932 2363 Marci.
955 2314 1059 2362 Alia
1081 2316 1242 2363 omnia
1268 2331 1402 2365 more
1425 2317 1564 2365 solito
1587 2322 1698 2366 sunt
1718 2319 1984 2368 observata.

416 2398 596 2446 Eadem
617 2398 711 2457 die,
737 2397 865 2446 circa
883 2398 1054 2445 horam
1073 2398 1372 2461 vigesimam,
1404 2401 1486 2447 SS.
1516 2402 1573 2448 D.
1600 2403 1676 2460 N.,
1707 2401 1900 2451 indutus
1922 2403 2116 2463 amictu,

350 2482 474 2541 alba,
499 2481 708 2550 cingulo,
729 2481 851 2529 stola
863 2481 1075 2530 violacea
1089 2485 1136 2529 et
1149 2497 1300 2546 cappa
1321 2482 1510 2530 scarlati
1534 2483 1634 2531 sine
1653 2484 1808 2544 mitra,
1827 2485 2118 2549 precedente

350 2580 493 2613 cruce
521 2569 569 2612 et
593 2564 932 2623 cardinalibus,
966 2564 1637 2629 archiepiscopo‘Arelatensi
1673 2567 1828 2631 primo
1865 2569 2118 2619 assistente

350 2648 563 2698 fimbrias
582 2652 822 2712 portante,
847 2648 973 2696 venit
1002 2649 1063 2697 ad
1083 2649 1315 2712 capellam
1343 2651 1578 2714 majorem
1609 2651 1788 2715 palatii,
1812 2651 1862 2700 in
1882 2668 1975 2716 qua
1994 2653 2119 2702 dicte

351 2737 458 2781 sunt
482 2747 678 2796 vespere
708 2735 755 2780 et
775 2731 932 2794 vigilie
955 2748 1041 2795 pro
1063 2733 1322 2781 defunctis.
1363 2736 1490 2798 Papa
1510 2739 1620 2784 ante
1647 2736 1870 2799 primam,
1901 2742 2119 2800 quartam

351 2821 398 2864 et
419 2816 670 2880 septimam
690 2815 923 2864 lectiones
945 2815 1060 2864 dixit
1081 2816 1223 2865 Pater
1248 2825 1418 2877 noster,
1454 2818 1549 2867 alta
1575 2834 1691 2868 voce
1717 2825 1763 2867 et
1781 2819 1914 2880 illud,
1935 2825 2120 2869 secreta

348 2916 484 2960 voce,
506 2899 778 2964 complevit.
802 2900 908 2948 Alia
928 2900 1090 2949 omnia
1124 2916 1258 2950 more
1281 2901 1420 2949 solito
1454 2905 1564 2949 sunt
1596 2902 1861 2951 observata.
1897 2903 2117 2968 Acolythi

351 2983 412 3031 ad
438 2983 705 3032 orationem
746 2986 853 3046 post
881 2983 1172 3048 Maqnifi'cat
1198 2991 1244 3031 et
1270 2983 1570 3045 Benedictm,
1595 2988 1855 3034 tenuerunt
1893 2984 2118 3035 candela-

352 3066 438 3115 bra
457 3070 566 3115 ante
586 3069 763 3131 Papam
786 3066 835 3114 in
858 3054 1021 3131 cappis
1049 3067 1152 3115 sine
1181 3067 1339 3115 cottis,

414 3149 555 3198 Feria
574 3149 754 3213 quinta,
782 3153 809 3197 2
831 3150 1120 3210 novembris,
1159 3153 1286 3214 Papa
1316 3154 1510 3213 paratus
1539 3151 1732 3212 amictu,
1757 3152 1880 3212 alba,
1905 3152 2114 3216 cingulo,

351 3233 472 3281 stola
490 3232 720 3293 violacea,
744 3233 935 3298 pluviali
954 3233 1103 3282 rubeo
1119 3233 1317 3282 etmitra
1330 3233 1642 3297 simplicibUS,
1660 3236 1951 3298 precedente
1973 3251 2116 3284 cruce

350 3319 396 3362 et
415 3316 754 3377 cardinalibus,
773 3317 902 3366 venit
917 3317 977 3365 ad
998 3316 1230 3381 capellam
1244 3317 1498 3380 majorem,
1515 3317 1595 3365 ubi
1615 3320 1778 3366 Rmus.
1794 3321 1849 3366 D.
1866 3318 2116 3367 cardinalis

350 3397 730 3448 Rechanatensis
756 3399 1013 3449 celebravit
1031 3400 1228 3448 missam
1249 3399 1508 3463 publicam.
1533 3403 1647 3450 Post
1666 3402 1878 3460 missam,
1898 3400 2119 3450 Pontifex
