2262 3958
344 325 413 362 174
946 319 1179 356 JOHANNIS
1212 318 1507 366 concussam,
1691 298 1700 307 '
1840 320 1994 362 [semer
2014 319 2104 360 uss]

345 441 546 476 numero
571 428 664 474 300
682 424 754 472 vel
775 424 918 481 circa,
943 421 1115 484 quibus
1132 421 1180 468 in
1201 421 1358 484 platea
1371 421 1586 485 predicta
1601 422 1886 482 constitutiS,
1912 421 2109 470 recessit

343 508 454 557 inde
487 524 598 557 cum
632 506 872 555 cardinale
914 507 1147 565 Senense,
1190 510 1237 554 et
1273 509 1441 568 gentes
1474 505 1685 568 predicte
1723 521 1780 554 eo
1817 506 1983 554 ordine
2017 519 2111 568 quo

342 597 566 641 venerant
587 590 729 638 etiam
748 589 926 653 optime
948 588 1254 638 recedebant.

412 675 639 733 Sabbato,
687 671 854 720 ultima
898 670 1186 730 decembriS,
1221 669 1380 733 vigilia
1415 671 1793 720 circumcisionis
1830 675 1886 721 D.
1932 672 2108 732 Nostri,

350 759 543 806 suerunt
562 771 760 820 vespere
781 754 975 819 papales
995 753 1042 801 in
1063 753 1246 817 capella
1264 753 1496 817 predicta,
1522 756 1649 817 Papa
1668 758 1910 816 presente,
1935 754 2012 802 cui
2027 769 2115 817 per

350 856 563 889 errorem
591 840 687 888 sive
715 838 1057 902 negligentiam
1086 852 1182 885 non
1210 836 1301 885 feci
1329 836 1552 884 assistere
1581 839 1773 884 Rmum.
1810 838 1864 884 D.
1897 835 2122 884 cardina--

349 923 446 971 lem
462 920 870 970 Mediolanensem
888 919 1098 984 priorem
1115 920 1521 985 presbyterorum,
1544 920 1602 968 de
1615 936 1707 983 quo
1729 935 1817 983 per
1836 923 2028 968 Rmum.
2052 921 2109 967 D.

352 1004 643 1053 cardinalem
703 1020 742 1051 s.
792 1004 939 1052 Marci
990 1004 1056 1051 fui
1106 1003 1414 1068 postmodum
1470 1003 1810 1066 reprehensus.
1872 1005 1923 1050 ln
1973 1016 2114 1051 mane

351 1086 588 1150 sequenti,
636 1085 758 1133 festo
798 1085 1198 1146 circumcisionis,
1236 1089 1399 1133 Rmus.
1443 1088 1499 1134 D.
1538 1086 1790 1134 cardinalis
1834 1086 2114 1150 Agrigensis

349 1169 604 1219 celebravit
635 1168 684 1215 in
712 1168 839 1216 dicta
861 1169 1061 1233 capella,
1103 1185 1237 1217 more
1278 1169 1435 1226 solito,
1477 1168 1674 1216 missam
1709 1170 1962 1232 majorem,
1988 1170 2116 1233 Pap'a

343 1257 585 1317 presente.
627 1254 914 1299 Sermonem
943 1251 1055 1300 fecit
1079 1251 1273 1314 quidam
1305 1251 1454 1300 frater
1482 1252 1741 1311 minorum,
1775 1252 1935 1300 affinis
1967 1268 2116 1315 quon-

341 1337 451 1386 dam
473 1335 728 1384 cardinalis
749 1334 1119 1383 Mediolanensis
1140 1331 1250 1382 Cum
1272 1334 1486 1383 omnium
1511 1334 1836 1382 assistentium
1855 1335 2013 1384 laude.
2068 1336 2070 1339 ’

405 1418 544 1468 Feria
564 1417 743 1481 quinta,
771 1421 797 1466 5
817 1417 996 1466 mensis
1007 1418 1232 1482 januarii,
1253 1417 1409 1481 vigilia
1423 1418 1696 1482 epiphanie,
1713 1417 2116 1482 fueruntvespere

340 1502 533 1567 papales
560 1501 609 1548 in
636 1500 764 1549 dicta
791 1500 991 1563 capella,
1025 1500 1152 1563 Papa
1177 1504 1421 1563 presente,
1450 1504 1498 1548 et
1525 1500 1574 1547 in
1600 1500 1677 1548 die
1705 1499 1954 1564 sequenti,
1971 1499 2119 1548 missa

342 1586 568 1635 solemnis
602 1585 651 1633 in
679 1583 874 1633 basilica
910 1599 949 1630 s.
984 1581 1278 1654 Petri-quam
1309 1582 1566 1630 celebravit
1592 1586 1755 1632 Rmus.
1787 1585 1840 1632 D.
1866 1582 2118 1632 cardinalis

340 1668 719 1733 Andegavensis,
752 1670 880 1731 Papa
910 1666 1326 1730 etiam‘presente.
1355 1668 1582 1731 Appensa
1607 1667 1694 1715 fuit
1721 1683 1816 1715 una
1846 1666 1976 1716 bulla
1995 1667 2120 1717 cele-

343 1752 511 1801 brandi
533 1751 729 1815 antiqua
757 1751 815 1799 de
849 1765 974 1798 anno
1001 1749 1156 1813 primo
1191 1753 1246 1798 D.
1275 1752 1331 1798 N.
1367 1750 1634 1798 Innocentii
1654 1754 1851 1814 propter
1878 1751 2119 1800 defectum

343 1851 463 1883 nove
485 1835 637 1893 bulle;
667 1834 725 1882 de
748 1849 844 1896 qua
863 1837 1023 1881 tamen
1059 1832 1218 1880 fienda
1249 1832 1354 1880 heri
1385 1847 1494 1881 sero
1517 1831 1845 1880 caudatarium
1875 1832 1989 1880 dicti
2012 1848 2120 1881 car-

344 1917 513 1966 dinalis
561 1916 850 1966 celebrantis
884 1916 1139 1964 aviseram.
1173 1918 1457 1964 Sermonem
1490 1915 1604 1964 fecit
1630 1915 1824 1978 quidam
1855 1917 2115 1974 Romanus,

348 2001 606 2065 discipulus
628 1998 903 2063 Pomponii'3
928 1998 1069 2046 nimi’s
1094 2002 1375 2062 arroganter
1401 1999 1581 2067 absque
1606 1999 1822 2047 omnium
1840 1999 2000 2048 laude.

410 2085 547 2132 Feria
567 2083 747 2147 quinta,
773 2086 801 2130 2
820 2082 1000 2130 mensis
1021 2081 1266 2141 februarii,
1301 2082 1423 2130 festo
1444 2082 1788 2146 purificationis
1809 2083 1949 2132 beate
1969 2082 2119 2131 Marie

348 2167 559 2232 virginis,
583 2169 666 2215 SS.
682 2169 739 2214 D.
755 2169 793 2215 N
802 2203 833 2225 .,
854 2169 1047 2229 paratus
1066 2180 1200 2212 more
1220 2164 1379 2224 solito,
1402 2164 1530 2213 venit
1553 2165 1614 2213 ad
1631 2165 1864 2230 capellam
1885 2166 2120 2230 majorem

347 2251 426 2299 ubi
450 2252 575 2299 facta
599 2255 670 2299 est
704 2249 792 2297 sibi
813 2265 841 2297 a
870 2247 1190 2296 cardinalibus
1218 2247 1267 2295 in
1305 2248 1468 2312 cappis
1503 2249 1800 2308 reverentia;
1835 2248 1986 2298 ultimi
2025 2249 2121 2297 duo

349 2332 538 2390 diaconi
558 2332 843 2380 assisterunt
871 2334 997 2395 Pape
1028 2331 1141 2378 dum
1175 2331 1267 2379 duo
1300 2330 1442 2395 primi
1474 2331 1752 2385 assistentes
1773 2331 1962 2380 diaconi
1982 2347 2121 2396 para-

353 2421 517 2464 menta
537 2415 834 2478 acciperent3
860 2415 1033 2477 quibus
1063 2414 1257 2478 paratis,
1295 2414 1536 2463 redierunt
1559 2415 1618 2461 ad
1639 2414 1959 2463 assistentiam
1976 2417 2025 2463 et
2043 2414 2121 2462 alii

355 2499 449 2548 duo
465 2499 526 2547 ad
544 2498 651 2546 loca
673 2513 773 2546 sua.
795 2500 914 2545 Tum
934 2499 1060 2560 Papa
1077 2497 1319 2544 benedixit
1337 2497 1560 2545 candelas
1582 2497 1642 2544 ad
1663 2497 1902 2546 sinistram
1925 2514 2060 2546 suam
2074 2498 2122 2546 in

357 2581 531 2645 angulo
558 2580 637 2629 ubi
660 2579 828 2644 prelati
853 2578 1132 2627 assistentes
1158 2579 1326 2627 sedere
1354 2579 1508 2628 solent
1529 2580 1732 2643 positaS,
1756 2580 1947 2629 interim
1971 2581 2123 2630 cardi—

357 2663 491 2711 nales
508 2677 676 2710 omnes
693 2678 779 2709 sua
788 2665 1070 2725 paramenta
1090 2666 1377 2724 receperunt
1395 2661 1443 2708 in
1457 2661 1575 2710 locis
1598 2663 1711 2710 suis.
1728 2662 1881 2711 Finita
1899 2663 2124 2712 benedic-

356 2745 506 2804 tione,
528 2744 949 2794 vicecancellarius
981 2743 1111 2791 dedit
1140 2744 1362 2792 candelas
1391 2747 1534 2808 Pape,
1568 2750 1667 2793 tum
1696 2747 1824 2810 Papa
1841 2745 1930 2794 sibi
1951 2751 1999 2795 et
2018 2746 2121 2795 aliis

353 2843 489 2876 more
508 2831 758 2876 consueto.
783 2829 897 2874 Post
918 2826 1183 2874 cardinales
1210 2827 1414 2875 accessit
1443 2827 1707 2891 imperator
1738 2828 2123 2893 constantinopo-

351 2911 527 2960 litanus
551 2911 627 2960 cui
653 2913 781 2973 Papa
806 2910 917 2957 dare
945 2909 1089 2956 voluit
1118 2925 1261 2957 unam
1289 2909 1539 2958 candelam
1570 2910 1627 2958 de
1659 2927 1771 2959 cera
1802 2911 1950 2960 rubea
1976 2926 2121 2975 quam

358 2994 690 3043 assistentibus
711 2993 825 3041 dare
854 2992 996 3049 solet3
1028 2991 1113 3039 sed
1133 2991 1210 3040 ille
1235 2992 1398 3040 dicens
1419 2992 1576 3040 albam
1599 2993 1686 3040 sibi
1709 2993 1872 3040 deberi
1892 2998 1942 3041 ut
1969 2993 2123 3041 cardi*

356 3077 470 3135 nali,
507 3077 674 3124 habuit
707 3076 863 3124 albam
906 3074 1213 3121 ordinariam.
1264 3074 1484 3122 Ordinavi
1526 3074 1653 3137 quod
1697 3075 1961 3124 cardinales
1997 3089 2123 3140 genu

356 3159 580 3222 primum,
617 3157 788 3206 deinde
816 3172 1010 3204 manum
1042 3156 1088 3203 in
1122 3156 1396 3219 receptione
1428 3157 1652 3204 candela1
1655 3173 1733 3204 um
1761 3159 2121 3207 oscularentur:

362 3241 419 3288 id
430 3241 656 3290 cardinali
680 3257 719 3288 s.
742 3239 888 3288 Marci
910 3255 1007 3286 non
1022 3239 1217 3302 placuit,
1241 3254 1461 3288 asserens
1482 3255 1677 3287 manum
1694 3245 1920 3304 tanquam
1936 3242 2123 3306 dignius

360 3326 630 3373 membrum
650 3329 697 3372 et
713 3324 867 3388 primo
887 3321 1051 3370 deberi
1070 3322 1291 3370 osculari.

429 3408 691 3455 Cardinalis
725 3424 764 3455 s.
814 3405 1070 3453 Clementis
1106 3405 1433 3454 celebraturus
1473 3420 1616 3454 unam
1657 3409 1839 3457 tantam
1876 3382 2121 3458 candelam
