2262 3958
367 333 434 370 156
963 325 1195 362 JOHANNIS
1229 323 1522 372 BURCHARDI,
1802 330 2009 369 [Novembre
2031 333 2121 375 1485]

370 432 516 481 Marie
544 433 601 480 de
631 431 827 494 Populo,
868 428 1059 476 familiis
1090 431 1215 493 Pape
1250 431 1297 476 et
1326 427 1635 477 cardinalium
1664 431 1983 494 presentibus,
2016 431 2130 480 Mis-

372 531 473 564 sam
506 516 746 579 publicam
780 512 1035 560 celebravit
1059 515 1114 560 R.
1147 515 1198 560 P.
1225 515 1281 560 D.
1314 513 1588 560 Leonardus
1616 513 1868 578 episcopus
1889 515 2132 579 Albenga-

371 599 532 647 nensis
550 597 751 646 vicarius
774 596 930 656 Urbis,
957 611 1229 644 sermonem
1247 595 1359 643 fecit
1380 598 1436 643 D.
1461 594 1725 643 Hieremias
1747 597 2134 661 consanguineus

373 681 625 730 cardinalis
646 679 935 731 Vulterrani.
962 681 1065 735 Quo
1085 679 1235 738 finito,
1262 682 1358 726 RR.
1384 682 1475 726 PP.
1508 680 1609 726 DD.
1633 678 1840 727 Thomas
1865 680 2133 741 Exinensis,

374 767 519 813 Ursus
557 762 870 822 TheanensiS,
904 763 1144 810 Marianus
1182 762 1506 811 Slandatensis
1541 767 1588 811 et
1618 763 1844 811 Silvester
1872 764 2137 828 Clugiensis

374 847 584 910 episcopi
621 861 715 894 una
752 861 860 894 cum
889 846 1161 894 celebrante
1191 845 1495 893 absolverunt
1531 845 1660 894 circa
1689 847 1972 895 catalectum
2003 863 2136 897 more

374 930 530 978 solito.

438 1011 556 1059 Dedi
588 1017 748 1060 autem
773 1012 903 1076 prius
929 1013 1205 1061 schedulam
1234 1028 1320 1076 pro
1341 1011 1493 1060 'rebus
1521 1011 2137 1075 exequiarum'ordinandis

373 1098 428 1142 R.
455 1097 504 1142 P.
528 1097 584 1142 D.
628 1095 840 1154 Falconi,
867 1098 950 1144 SS.
984 1099 1039 1143 D.
1073 1099 1127 1145 N.
1164 1099 1289 1160 Pape
1318 1096 1530 1159 generali
1558 1096 1877 1157 thesaurario,
1906 1096 1986 1159 qui
2009 1096 2137 1144 ordi-

374 1177 498 1224 navit
514 1181 655 1240 prout
675 1178 724 1224 in
747 1178 916 1226 eadem
936 1179 1164 1227 schedula
1185 1179 1532 1237 continebatur,
1567 1179 1704 1242 cujus
1725 1182 1864 1226 tenor
1890 1183 1992 1228 erat
2011 1179 2099 1227 iste
2123 1196 2133 1228 :

437 1261 528 1306 Pro
559 1259 809 1319 catalecto,
845 1260 1086 1308 intorticia
1118 1266 1324 1324 quatuor
1349 1262 1580 1310 librarum
1608 1277 1809 1308 numero
1836 1278 2001 1321 xxt1113

438 1344 527 1388 Pro
550 1342 813 1391 elevatione
836 1345 1121 1392 sacramenti
1143 1346 1337 1408 majoris
1358 1345 1503 1393 misse
1525 1361 1727 1394 numero
1748 1361 1832 1394 vm
1852 1362 1862 1404 ;

438 1427 527 1472 Pro
550 1425 823 1473 celebrante
846 1430 893 1474 et
914 1431 1080 1475 orante
1101 1427 1339 1476 intorticia
1368 1444 1420 1488 11,

437 1511 528 1555 Pro
551 1508 808 1571 sepultura,
833 1525 885 1556 11.

438 1591 485 1639 Si
503 1591 768 1639 cardinales
790 1592 1043 1653 intersunt,
1070 1594 1264 1642 cuilibet
1284 1594 1424 1642 detur
1438 1611 1470 1642 1.

437 1677 487 1721 ln
517 1691 703 1722 summa
725 1674 840 1723 fiant
862 1675 1102 1724 intorticia
1123 1693 1219 1724 L1111
1239 1677 1469 1725 librarum
1491 1679 1752 1742 quodlibet.

433 1758 605 1805 Facule
652 1762 836 1821 septem
883 1758 1112 1806 librarum
1162 1760 1372 1822 quelibet
1416 1756 1722 1824 profunestis'
1739 1766 1786 1809 et
1818 1762 2011 1825 prelatis
2049 1779 2139 1810 nu·
2191 1818 2202 1829 ⁶

374 1857 507 1890 mero
535 1857 667 1901 cxxv,

437 1925 610 1973 Facule
649 1924 787 1971 unius
833 1923 954 1971 libre
1005 1940 1091 1987 pro
1147 1924 1375 1973 ministris
1427 1926 1730 1975 cubiculariis
1776 1932 1822 1975 et
1861 1929 2137 1993 capellanis,

373 2009 573 2055 numero
595 2023 666 2066 cc,

432 2092 605 2139 Facule
628 2091 785 2139 medie
799 2091 919 2140 libre
935 2108 1021 2155 pro
1044 2092 1267 2140 fratribus
1289 2097 1336 2140 et
1351 2092 1590 2140 scutiferis
1612 2108 1813 2142 numero
1835 2109 1907 2154 cc,
1929 2109 2016 2157 pro
2038 2094 2140 2143 aliis

375 2175 526 2223 tribus
546 2174 719 2234 unciis,

440 2261 531 2306 Pro
552 2258 710 2305 missis
731 2259 883 2307 bassis
903 2260 1100 2308 candele
1122 2260 1180 2307 de
1202 2259 1511 2322 quadraginta
1524 2275 1610 2322 pro
1630 2259 1749 2307 libre
1770 2275 1815 2319 v,

442 2341 751 2389 Provideatur
770 2342 828 2389 de
851 2342 1122 2390 celebrante
1145 2347 1352 2402 oraturo,

446 2427 658 2481 Quatuor
691 2424 884 2488 prelatis
917 2425 996 2487 qui
1035 2425 1303 2484 absolvant,
1341 2440 1544 2487 quorum
1575 2425 1774 2487 quilibet
1804 2425 1980 2472 habeat
2010 2440 2143 2472 suam

379 2509 568 2556 mitram
589 2509 797 2572 planam,
960 2573 962 2575 Ι

445 2591 686 2640 Catalecto
719 2609 807 2655 pro
840 2591 1061 2651 ecclesia,
1094 2591 1303 2639 scamnis
1337 2606 1424 2654 pro
1452 2590 1672 2651 funestis,
1699 2589 1906 2638 scamnis
1926 2605 2014 2653 pro
2041 2605 2148 2653 pre-

377 2676 485 2725 latis
514 2680 561 2724 et
594 2676 876 2734 oratoribus,
906 2675 1048 2739 pallio
1075 2691 1161 2738 pro
1191 2674 1442 2732 catalectO,
1473 2673 1617 2721 armis
1656 2689 1741 2737 pro
1768 2673 1930 2737 pallio,
1960 2673 2146 2721 duobus

380 2759 678 2808 candelabris
706 2759 892 2822 magnis
919 2774 1005 2821 pro
1035 2757 1292 2821 sepultura,
1329 2757 1531 2804 diacono
1559 2759 1606 2804 et
1628 2756 1919 2804 subdiacono
1940 2755 2147 2805 cantori-

378 2844 466 2890 bus
490 2846 634 2906 Pape,
659 2846 706 2890 et
726 2858 812 2905 pro
835 2842 903 2889 eis
924 2847 1116 2906 paretur
1135 2841 1410 2905 prandium3

436 2927 505 2976 De
527 2926 820 2991 presbyteris
843 2925 921 2988 qui
942 2925 1113 2973 missas
1135 2926 1300 2973 bassas
1323 2925 1584 2985 celebrent,
1609 2941 1758 2988 usque
1777 2924 1838 2972 ad
1864 2927 2055 2972 centum
2074 2923 2148 2970 vel

381 3010 526 3070 circa,
552 3024 752 3073 quorum
775 3009 967 3057 cuilibet
988 3009 1124 3057 detur
1143 3024 1229 3072 pro
1253 3008 1559 3072 eleemosyna
1579 3023 1700 3055 unus
1714 3006 1949 3066 carlenus,

443 3097 511 3142 De
534 3093 692 3156 aliquo
713 3108 856 3155 super
877 3092 1153 3140 attendente
1175 3092 1253 3154 qui
1279 3095 1557 3154 computum
1589 3090 1842 3137 missarum
1869 3092 2048 3147 teneat,

449 3180 518 3225 De
541 3176 725 3224 duobus
746 3175 818 3223 vel
835 3175 1047 3239 pluribus
1076 3175 1153 3238 qui
1184 3189 1344 3221 ceram
1371 3171 1578 3220 fideliter
1604 3171 1872 3219 custodiant
1893 3175 1941 3220 et
1961 3169 2147 3219 clericis

386 3259 775 3308 ceremoniarum
796 3250 1068 3306 ministrent
1082 3273 1168 3322 per
1188 3272 1271 3306 eos
1290 3254 1683 3304 distribuendam.

451 3343 649 3391 Familia
673 3343 887 3392 defuncti
914 3342 1143 3391 vestiatur
1162 3344 1209 3387 et
1226 3343 1335 3386 ante
1366 3338 1527 3386 omnia
1547 3338 1741 3386 cuilibet
1772 3338 1912 3386 detur
1944 3337 2151 3384 biretum

387 3442 591 3488 nlgrum.
