2262 3958
356 323 428 358 222
801 347 804 350 .
961 315 979 350 J
985 314 1193 351 OHANNlS
1226 313 1504 351 BURCHARDI
1510 343 1520 360 ,
1800 316 1942 357 [Novem
1949 316 2008 350 bre
2031 318 2121 360 1486]

355 427 541 488 gnatos,
572 420 807 478 videlicet,
840 417 1162 481 imperatoris,
1194 417 1572 465 vicecancellarii
1593 421 1639 466 et
1669 419 1882 467 omnium
1916 419 2121 468 aliorum

358 504 685 563 cardinalium,
711 501 925 551 omnium
951 500 1224 564 principum
1255 506 1301 549 et
1329 500 1617 563 scriptorum
1636 502 1881 551 literarum
1903 501 2127 566 apostoli-

357 603 544 647 carum3
570 591 616 636 et
636 601 804 635 omnes
834 584 976 633 rotuli
997 582 1288 648 hujusmodi,
1320 582 1401 646 qui
1435 583 1605 631 eodem
1633 583 1707 631 die
1740 583 1789 630 in
1822 583 2025 647 registro
2047 598 2126 631 re-

355 669 537 734 dempti
550 669 758 727 fuerunt,
778 667 948 716 eodem
971 683 1079 715 sero
1101 666 1241 714 simul
1261 665 1434 729 portati
1453 665 1513 713 ad
1533 665 1885 726 cancellariam,
1910 665 2123 730 exceptis

356 753 523 802 rotulis
544 751 848 800 familiarium
875 750 999 798 Rmi.
1027 753 1084 798 D.
1110 748 1485 798 vicecancellarii
1504 752 1551 797 et
1572 749 1859 812 scriptorum
1879 749 2124 798 literarum

357 836 746 901 apostolicarum,
789 834 870 898 qui
906 834 1098 882 fuerunt
1135 833 1291 898 primo
1336 832 1573 896 registrati
1615 836 1662 881 et
1693 833 1754 880 ad
1792 831 2125 881 cancellariam

357 919 517 980 missi;
541 919 608 968 ita
628 918 758 983 quod
777 933 986 981 unquam
1013 917 1090 965 alii
1121 915 1278 976 rotuli,
1302 932 1388 980 pro
1420 916 1665 979 predictis,
1702 916 1761 963 ad
1791 914 2126 964 cancellariam

358 1003 687 1061 mitterentur;
720 1001 785 1049 illi
814 1001 1156 1065 expediverunt
1194 1001 1346 1048 bullas
1375 1017 1506 1059 suas;
1543 1016 1655 1048 nam
1691 999 2046 1049 abbreviator-es
2066 998 2125 1047 de

357 1103 502 1151 parco
523 1085 692 1150 majori
715 1089 761 1134 et
780 1085 858 1133 alii
877 1085 1019 1133 hodie
1042 1085 1170 1133 circa
1187 1085 1359 1133 horam
1382 1102 1445 1133 xx
1459 1090 1689 1133 venerunt
1710 1084 1769 1133 ad
1790 1082 2126 1133 cancellariam

358 1174 405 1219 et
441 1170 619 1218 ibidem
655 1172 938 1217 manserunt
975 1184 1126 1231 usque
1149 1168 1210 1216 ad
1236 1172 1450 1232 quartam
1486 1169 1656 1217 horam
1694 1168 1846 1216 noctis
1869 1168 1952 1216 ‘vel
1978 1168 2123 1216 circa.

357 1254 537 1300 Tamen
559 1251 962 1315 expectativarum
986 1251 1306 1315 expeditione,
1332 1252 1564 1316 expeditis
1596 1252 1738 1300 bullis
1765 1267 1851 1315 pro
1877 1251 2124 1315 predictis,

354 1340 589 1384 venerunt
606 1335 667 1383 ad
687 1335 1023 1402 cancellariam
1051 1335 1189 1383 rotuli
1222 1335 1425 1382 aliorum
1454 1335 1767 1383 cardinalium
1789 1338 1836 1383 et
1856 1333 2127 1399 principum

357 1418 762 1483 supradictorum,
798 1434 942 1482 super
968 1418 1139 1482 quibus
1173 1418 1393 1482 expedite
1418 1418 1608 1466 fuerunt
1635 1418 1761 1466 bulle
1789 1433 1876 1482 pro
1906 1417 2128 1467 omnibus

356 1503 685 1552 indifferenter
705 1502 754 1550 in
774 1502 888 1566 ipsis
904 1502 1070 1550 rotulis
1099 1502 1376 1562 nominatiS,
1403 1502 1483 1564 qui
1512 1501 1666 1550 bullas
1699 1518 1809 1550 suas
1831 1505 2023 1566 paratas
2044 1501 2130 1550 ha·-

358 1587 592 1645 buerunt,
625 1590 672 1634 et
693 1589 974 1633 manserunt
1006 1585 1134 1632 bulle
1161 1585 1437 1648 hujusmodi
1468 1585 1576 1650 (hoc
1609 1589 1679 1633 est
1706 1585 1883 1634 familie
1909 1584 2129 1634 vicecan-

358 1669 538 1718 cellarii
561 1674 608 1718 et
629 1669 913 1733 scriptorum
939 1668 1326 1734 apostolicorum)
1350 1667 1590 1732 expedite,
1607 1672 1791 1718 retente
1820 1673 1866 1717 et
1893 1667 2128 1718 custodite

357 1754 549 1802 fuerunt
575 1753 624 1800 in
657 1752 943 1801 cancellaria
971 1767 1058 1816 pro
1080 1752 1395 1801 custodiendo
1420 1768 1573 1815 usque
1611 1752 1660 1800 in
1687 1752 1813 1801 diem
1845 1752 2125 1812 crastinum,

359 1838 397 1886 si
424 1838 546 1886 bene
575 1835 790 1885 memini.
825 1836 1006 1884 Eodem
1032 1835 1107 1883 die
1141 1835 1268 1883 circa
1308 1835 1480 1882 horam
1507 1850 1622 1882 xxm
1658 1835 1782 1883 facta
1806 1838 1879 1883 est
1917 1834 2129 1883 secunda

359 1921 599 1986 expeditio
632 1935 718 1983 per
744 1935 987 1968 cameram
1017 1918 1420 1982 expectativarum
1453 1919 1755 1968 familiarium
1778 1922 1904 1984 Pape
1925 1935 2127 1969 numero

357 2019 440 2051 ccc
458 2003 533 2051 vel
554 2002 703 2062 circa3
730 2018 896 2050 omnes
918 2002 1010 2050 hac
1032 2008 1174 2052 nocte
1199 2002 1445 2067 plumbata
1474 1994 1683 2051 fuerunt.

423 2085 560 2134 Feria
584 2085 740 2144 tertia,
770 2088 826 2132 14
846 2086 1137 2146 novembris,
1160 2086 1210 2134 in
1240 2103 1379 2135 mane
1408 2086 1536 2135 circa
1564 2087 1735 2135 horam
1761 2101 1865 2134 xlm
1884 2086 1933 2134 in
1953 2085 2127 2150 palatio

358 2168 620 2233 apostolico
649 2168 776 2232 apud
799 2184 837 2215 S.
863 2171 1076 2230 Petrum,
1100 2169 1149 2217 in
1171 2168 1278 2218 aula
1298 2174 1407 2218 ante
1430 2185 1672 2218 cameram
1694 2166 2005 2234 apostolicam
2024 2183 2132 2232 per-

360 2252 589 2302 sonaliter
606 2252 892 2300 constitutus
915 2255 969 2300 R.
996 2252 1044 2300 in
1071 2252 1260 2301 Christo
1279 2256 1330 2301 P.
1357 2254 1588 2302 Dominus
1609 2253 1666 2301 Α.
1692 2250 1946 2316 episcopus
1966 2250 2131 2299 Tibur-

360 2337 506 2394 tinus,
536 2335 593 2383 de
626 2335 851 2384 mandato
877 2338 961 2384 SS.
998 2338 1053 2383 D.
1084 2339 1140 2384 N.
1162 2352 1303 2400 pape,
1326 2340 1377 2384 ut
1399 2337 1620 2397 asseruit,
1648 2335 1854 2384 decrevit
1875 2350 2130 2400 processus

361 2434 505 2482 super
525 2418 746 2466 omnibus
769 2418 931 2481 gratiis
954 2419 1261 2482 expectativis
1283 2419 1331 2466 in
1359 2421 1568 2468 secunda
1591 2420 1894 2483 expeditione
1918 2417 2129 2483 expediri

317 2533 320 2535 -
362 2502 534 2550 eodem
567 2501 711 2549 modo
740 2506 881 2564 prout
911 2517 1053 2565 supra
1081 2501 1131 2549 in
1163 2501 1318 2566 prima
1341 2503 1642 2566 expeditione
1673 2508 1892 2551 notatum
1919 2506 2009 2562 est,
2030 2505 2128 2550 tam

360 2599 448 2647 pro
470 2584 748 2633 absentibus
779 2601 923 2648 quam
944 2601 1030 2649 pro
1051 2585 1370 2649 presentibus.
1397 2589 1452 2634 Et
1473 2603 1617 2651 super
1641 2586 1915 2651 hujusmodi
1936 2601 2129 2651 proces-

362 2683 499 2714 suum
520 2667 732 2727 decretO,
757 2667 843 2715 fuit
862 2668 988 2716 facta
1001 2684 1087 2732 per
1109 2671 1192 2717 SS.
1219 2671 1273 2716 D.
1291 2671 1347 2718 N.
1371 2670 1576 2732 quedam
1595 2669 1888 2731 constitutio,
1913 2685 1998 2719 sue
2019 2685 2128 2719 can-

362 2748 554 2798 cellarie
573 2750 837 2813 apostolice
858 2751 1043 2814 regula,
1069 2751 1195 2800 inter
1214 2752 1328 2800 alias
1350 2752 1538 2817 regulas
1561 2768 1647 2801 suo
1666 2752 1833 2802 ordine
1853 2752 2121 2816 registrata.

428 2833 606 2883 Eadem
630 2833 724 2893 die,
745 2851 772 2883 a
792 2850 934 2883 mane
955 2850 1105 2899 usque
1121 2836 1180 2883 ad
1191 2837 1361 2884 horam
1382 2852 1452 2884 ΧΠ
1467 2842 1513 2884 et
1535 2852 1561 2885 a
1580 2852 1644 2885 xx
1664 2852 1813 2900 usque
1835 2835 1895 2884 ad
1911 2838 2122 2894 noctem,

364 2915 804 2966 abbreviatoresde
831 2934 977 2981 parco
1004 2919 1187 2983 majore
1220 2923 1266 2968 et
1293 2920 1370 2967 alii
1392 2920 1587 2969 fuerunt
1607 2920 1655 2968 in
1682 2919 1964 2968 cancellaria
1988 2932 2130 2982 expe-

364 3000 550 3049 dientes
563 3000 738 3064 gratias
754 3002 1072 3065 expectativas
1095 3019 1238 3067 super
1256 3003 1422 3051 rotulis
1441 3003 1751 3067 supradictis:
1777 3003 1889 3052 etin
1909 3001 2130 3051 omnibus

363 3083 503 3132 bullis
526 3088 623 3132 tam
648 3084 755 3133 heri
777 3101 883 3134 sero
906 3101 1047 3149 quam
1067 3087 1211 3134 hodie
1234 3086 1483 3150 expeditis,
1515 3102 1604 3150 que
1625 3086 1769 3134 hodie
1803 3086 1863 3134 ad
1881 3085 2142 3149 plumbum

366 3168 510 3217 misse
534 3173 659 3229 sunt,
685 3169 916 3233 scriptum
945 3171 1031 3218 suit
1069 3170 1279 3234 expedita
1309 3173 1363 3218 18
1394 3169 1509 3217 Καί.
1544 3169 1792 3216 decembris
1820 3183 1943 3216 anno
1970 3167 2133 3224 terti0;

366 3252 502 3300 multi
526 3268 584 3300 ex
604 3253 799 3316 plumbo
827 3269 935 3301 suas
957 3253 1109 3302 bullas
1135 3253 1406 3301 habuerunt
1429 3251 1615 3311 furtive,
1639 3252 1717 3299 alii
1738 3252 1785 3299 in
1806 3251 2002 3315 plumbo
2021 3264 2134 3313 pro-

368 3349 531 3382 cessus
562 3335 757 3384 decerni
788 3336 1096 3384 obtinuerunt
1128 3340 1330 3385 secrete.-
1362 3338 1541 3383 Tamen
1569 3339 1615 3382 et
1650 3334 1745 3394 alii,
1771 3333 2007 3383 favoribus
2037 3347 2135 3379 ma=

370 3416 629 3479 gistrorum
650 3419 849 3483 plumbi,
883 3420 1034 3469 bullas
1057 3434 1114 3469 ex
1139 3419 1336 3484 plumbo
1369 3418 1654 3478 habuerunt,
1677 3417 1789 3466 licet
1809 3432 1867 3465 ex
1889 3418 2022 3479 parte
2045 3417 2128 3463 SS.-
