2262 3958
310 339 381 375 390
916 336 1146 373 „IOHANNIS
1180 336 1473 384 BURCHARDI,
1808 339 1962 384 [sanvier
1982 340 2075 384 1490]

311 439 658 488 Alexandrinus
697 454 816 485 unus
851 453 913 486 ex
952 438 1073 486 sacri
1106 438 1267 502 palatii
1301 453 1556 487 causarum
1589 440 1882 490 auditoribus
1914 442 2076 490 locum

313 529 499 582 tenens,
529 523 614 570 sed
631 537 826 569 causam
855 521 971 568 mihi
1003 537 1099 568 non
1128 515 1346 585 allegavit
1372 539 1381 570 ε
1407 522 1522 570 dixit
1549 526 1728 582 tamen,
1758 524 1795 571 si
1817 524 2004 585 vellem,
2029 524 2079 572 in

313 607 456 654 domo
493 605 610 652 mihi
646 620 839 652 causam
877 604 1121 667 allegaret.
1167 605 1319 652 Retuli
1356 605 1528 653 horum
1561 605 1794 669 judicium
1834 610 1972 656 Rmo.
2018 610 2076 656 D.

313 689 538 738 cardinali
559 688 778 746 Senensi,
802 687 880 750 qui
900 687 1015 736 dixit
1036 690 1092 737 D.
1111 688 1382 737 Johannem
1403 704 1509 737 esse
1530 689 1578 736 in
1600 689 1731 737 brevi
1753 701 2074 752 recessurum,

314 774 568 834 propterea
595 787 696 819 rem
718 770 785 817 sic
806 769 855 816 in
876 785 1111 834 suspenso
1136 770 1454 831 dimitterem;
1486 771 1553 818 sic
1574 771 1753 819 factum
1775 776 1865 831 est,
1890 771 1929 820 si
1950 776 2080 822 recte

312 852 535 911 memini3
573 852 718 901 credo
760 856 921 901 tamen
955 854 1141 917 utrique
1176 869 1344 903 eorum
1382 859 1629 903 oratorum
1665 871 1758 919 que
1785 855 1981 919 prefatis
2019 858 2077 904 D.

315 937 542 1001 episcopo
563 936 884 984 Alexandrino
908 941 954 984 et
975 937 1140 986 Felino
1163 938 1260 986 visa
1285 943 1395 986 sunt
1418 938 1705 1002 explicasse.

380 1019 519 1067 Feria
540 1019 767 1079 secunda,
795 1023 845 1066 11
873 1020 986 1067 dicti
1007 1020 1186 1068 mensis
1208 1021 1429 1085 januarii,
1458 1021 1586 1069 venit
1606 1022 1665 1069 ad
1687 1023 1866 1071 Urbem
1888 1025 1945 1070 D.
1972 1023 2085 1070 Ber-

313 1103 491 1151 nardus
522 1102 657 1151 Stich
690 1103 938 1163 Badensis,
970 1104 1196 1152 heraldus
1231 1105 1524 1153 serenissimi
1560 1105 1865 1169 imperatoris
1899 1107 1967 1153 D..
1984 1104 2084 1152 Fri-

314 1186 462 1234 derici
491 1173 817 1233 Romanorum
850 1185 1152 1249 imperatoris
1191 1203 1382 1251 semper
1411 1188 1617 1252 augusti,
1645 1188 1725 1251 qui
1754 1187 1829 1236 die
1861 1187 2080 1251 sequenti

314 1269 480 1316 martis
505 1272 560 1315 12
583 1268 762 1316 mensis
779 1269 985 1332 januarii
1007 1273 1116 1317 ante
1137 1270 1389 1332 prandium
1412 1271 1671 1318 associatus
1695 1275 1767 1319 est
1784 1270 1843 1319 ab
1866 1270 1996 1318 Illus.
2019 1272 2077 1318 D.

314 1353 509 1412 Jacobo,
542 1352 669 1399 lllus.
705 1354 761 1399 D.
794 1351 1127 1415 Christophori
1160 1353 1451 1401 marchionis
1483 1353 1713 1401 Badensis
1739 1352 2079 1417 primogenito,

315 1454 370 1486 ac
395 1438 500 1500 ejus
533 1435 713 1483 familia
749 1439 795 1483 et
823 1451 900 1482 me
933 1452 954 1483 :·
975 1435 1201 1499 equitavit
1228 1436 1287 1484 ad
1313 1436 1542 1500 palatium
1575 1437 1636 1484 ad
1663 1438 1747 1485 SS.
1780 1439 1837 1484 D.
1864 1438 2084 1484 nostrum

316 1537 344 1567 a
381 1536 476 1583 quo
521 1519 690 1567 habuit
732 1518 1025 1566 audientiam
1064 1519 1303 1579 adstatim,
1342 1520 1557 1583 predicto
1593 1518 1874 1568 marchione
1916 1521 1964 1567 et
2004 1532 2083 1567 me

315 1603 645 1667 presentibus;
694 1618 805 1650 cum
846 1603 929 1650 SS.
973 1605 1030 1649 D.
1073 1605 1126 1651 N.
1165 1603 1357 1650 fuerunt
1396 1603 1649 1651 cardinalis
1690 1605 2080 1662 Beneventanus,

316 1686 650 1745 Tornacensis,
680 1684 987 1734 Cortonensis
1021 1689 1068 1733 et
1103 1686 1161 1733 de
1195 1685 1460 1745 Tiburtino,
1487 1685 1729 1748 episcopi;
1767 1686 2084 1750 Hieronymus

317 1769 556 1817 Balbanus
593 1773 641 1816 et
678 1768 923 1815 Johannes
961 1771 1129 1817 Petrus
1165 1768 1502 1828 Arrivabenus,
1547 1769 1808 1816 secretarii.
1851 1766 2085 1817 Heraldu's

319 1853 612 1916 presentavit
641 1851 805 1899 literas
834 1851 1128 1899 serenissimi
1156 1851 1464 1899 Maximiliani
1492 1854 1819 1899 Romanorum
1846 1851 1973 1914 regis
1995 1851 2080 1899 SS.

320 1937 375 1982 D.
401 1939 586 1993 nostro,
610 1934 690 1997 qui
721 1949 801 1981 eas
830 1933 1019 1981 tradidit
1047 1936 1104 1981 D.
1135 1934 1341 1981 Johanni
1362 1933 1654 1981 Arrivabeno
1675 1933 1850 1981 ibidem
1871 1933 2083 1997 presenti

316 2017 564 2080 legendas,
590 2017 671 2080 qui
692 2016 914 2064 adstatim
935 2032 1016 2064 eas
1036 2016 1151 2080 legit
1181 2032 1190 2064 :
1217 2016 1551 2064 continebatur
1570 2015 1618 2063 in
1638 2015 1788 2064 literis
1817 2031 1867 2063 se
1894 2029 2087 2078 semper

319 2100 532 2148 animum
547 2100 773 2148 habuisse
794 2104 845 2146 ut
866 2099 1178 2147 christianum
1199 2115 1364 2162 regem
1380 2099 1535 2158 decet,
1553 2098 1602 2146 in
1624 2097 1953 2146 defensionem
1974 2097 2085 2145 fidei

319 2183 555 2232 catholice
577 2187 624 2231 et
653 2198 851 2231 romane
875 2182 1117 2242 Ecclesie3
1147 2182 1439 2231 intellexisse
1469 2185 1673 2230 Turcum
1703 2196 1929 2245 magnam
1958 2180 2082 2228 clas-

321 2282 422 2314 sem
456 2282 626 2329 parare
663 2270 831 2314 contra
866 2281 1118 2313 romanum
1154 2265 1432 2330 pontificem
1465 2265 1525 2313 ad
1555 2265 1857 2314 liberandum
1891 2265 2088 2314 fratrem

320 2367 461 2399 suum
487 2351 612 2414 apud
637 2351 720 2398 SS.
754 2352 809 2396 D.
843 2353 1063 2397 nostrum
1091 2349 1405 2408 existentem3
1439 2354 1695 2412 propterea
1726 2349 1775 2395 in
1799 2348 2087 2412 adjutorium

321 2449 518 2482 romane
557 2432 771 2481 Ecclesie
815 2431 1170 2495 quamprimum
1214 2435 1485 2490 venturum,
1529 2431 1657 2492 quod
1691 2430 1729 2477 si
1767 2429 1869 2478 fieri
1898 2433 2082 2493 posset,

321 2517 459 2565 citius
490 2516 668 2564 dietam
701 2515 992 2563 celebrasset
1023 2515 1071 2561 in
1113 2514 1305 2577 oppido,
1329 2514 1440 2561 licet
1478 2513 1557 2560 ubi
1590 2513 1649 2560 de
1677 2511 1935 2560 concordia
1960 2512 2088 2560 inter

321 2598 682 2648 serenissimum
699 2598 1041 2662 imperatorem
1063 2600 1387 2644 Romanorum
1403 2596 1672 2659 genitorem
1694 2610 1833 2642 suum
1854 2598 1903 2643 et
1922 2609 2088 2658 regem

323 2681 562 2745 Hungarie
586 2686 898 2741 tractaretur3
926 2697 1019 2744 qua
1037 2681 1218 2740 habita,
1245 2680 1516 2743 expeditam
1536 2679 1585 2726 in
1607 2679 1792 2726 ltaliam
1815 2694 1866 2726 se
1889 2693 2088 2741 operam

321 2765 568 2822 daturum3
603 2763 850 2827 scripsisse
877 2767 1134 2827 propterea
1155 2762 1481 2826 potentatibus
1511 2761 1661 2821 ltalie,
1693 2761 1820 2823 quod
1846 2759 1978 2823 genti
1999 2772 2083 2807 sue

321 2847 525 2895 liberum
545 2862 740 2910 passum
762 2846 932 2893 darent
962 2850 1009 2894 et
1034 2831 1181 2894 victui
1208 2845 1483 2894 necessaria
1509 2845 1553 2893 ei
1581 2843 1924 2902 ministrarent,
1947 2845 2089 2906 prout

324 2931 368 2977 in
393 2930 531 2993 copia
549 2930 685 2978 litere
707 2929 908 2993 allegate
930 2929 1257 2977 contineretur
1281 2946 1290 2976 :
1317 2929 1514 2992 rogabat
1536 2931 1791 2992 propterea
1809 2925 2090 2990 pontificem

326 3018 375 3061 ut
397 3012 703 3061 concordiam
723 3012 848 3060 inter
868 3012 1209 3074 imperatorem
1229 3017 1273 3060 et
1294 3027 1460 3074 regem
1482 3009 1721 3073 Hungarie
1750 3009 1907 3056 facere
1928 3007 2088 3055 veHet.

328 3098 473 3161 Copia
491 3098 707 3162 predicta
727 3101 828 3145 erat
847 3097 903 3143 ad
923 3097 1095 3145 ducem
1114 3097 1445 3154 Venetiarum,
1465 3098 1512 3141 et
1529 3095 1632 3157 ejus
1648 3091 1941 3140 continentia
1961 3091 2094 3155 quasi

325 3182 372 3228 in
392 3182 530 3229 litera
549 3180 806 3245 pontificiS,
831 3185 1030 3244 excepto
1053 3180 1181 3243 quod
1199 3180 1257 3227 ab
1274 3194 1331 3227 eo
1346 3179 1556 3225 favorem
1572 3191 1667 3223 non
1684 3176 1878 3238 petebat
1893 3180 1941 3221 et
1961 3189 2095 3221 man-

327 3264 467 3311 dabat
486 3265 573 3312 sibi
595 3264 721 3326 quod
748 3264 1134 3327 contingentibus
1157 3263 1252 3310 suis
1273 3276 1467 3325 passum
1488 3260 1622 3307 daret
1644 3263 1691 3306 et.
1711 3255 1987 3305 necessaria
2005 3255 2092 3302 mi-

327 3346 566 3394 nistraret.
595 3346 749 3394 Lectis
769 3346 936 3406 literis,
962 3348 1047 3394 SS.
1070 3349 1127 3393 D.
1150 3348 1206 3394 N.
1231 3344 1346 3391 dixit
1365 3342 1564 3390 heraldo
1587 3342 1747 3390 literas
1772 3339 2081 3396 intellexisse,

325 3428 532 3490 desuper
548 3429 666 3476 velle
683 3430 948 3477 deliberare
970 3433 1015 3477 et
1032 3428 1236 3492 principi
1254 3426 1546 3490 respondere
1562 3443 1572 3486 ;
1589 3442 1665 3474 me
1687 3426 1828 3473 verba
1849 3419 2091 3487 pontificis
