2262 3958
367 309 436 343 338
966 303 1199 339 «IOHANNIS
1234 303 1527 350 BURCHARDI,
1906 308 2012 349 [Mars
2036 309 2125 352 1489]

366 409 765 472 turchopellerius
790 407 990 471 predicti
1008 408 1322 471 prohibentes
1345 423 1403 455 ne
1424 410 1631 456 Turcum
1652 409 1848 458 accedat
1866 426 1876 468 ;
1909 409 1994 457 sed
2014 425 2125 458 cum

366 492 645 540 Franciscus
677 491 791 538 Cibo
823 490 1136 557 intellexisset
1167 496 1408 539 oratorem
1431 492 1637 538 Turcum
1658 491 1787 541 adire
1823 492 1962 551 velle,
1989 492 2134 557 jussit

366 579 418 622 ut
451 573 783 622 admitteretur
829 590 838 621 :
879 589 974 636 quo
1012 574 1155 632 facto,
1198 573 1485 622 mandarunt
1519 573 1652 637 prior
1679 578 1727 623 et
1759 576 2126 639 turcopellerius

363 657 562 720 predicti
603 662 653 705 ut
701 657 879 705 familia
913 656 1117 705 oratoris
1151 672 1243 720 que
1280 673 1418 705 arcus
1452 661 1616 705 tensos
1650 657 1752 706 sine
1786 662 1950 708 tamen
1980 659 2128 724 sagit-

367 740 428 787 tis
471 741 717 800 tenebant,
748 741 918 789 cordas
952 741 1046 789 sive
1078 756 1252 789 sennas
1283 739 1333 805 (5²)
1372 740 1695 803 deponerent,
1734 745 1782 789 et
1827 741 1895 790 sic
1923 741 2132 794 inermes

368 821 654 870 accederent
686 839 695 870 ε
728 822 796 870 sic
829 822 1027 870 factum.
1067 824 1198 869 Tunc
1230 827 1542 870 accesserunt
1568 823 1648 871 ille
1671 839 1836 888 eques,
1861 825 1938 874 isti
1964 826 2135 890 pedes-

365 910 462 954 tres
493 922 659 954 versus
692 908 921 966 Turcum,
974 921 1119 969 quem
1157 922 1268 953 cum
1306 906 1465 954 videre
1497 907 1706 971 cepisset
1744 924 1800 956 ac
1835 925 1986 974 prope
2021 925 2133 959 eum

365 988 556 1037 circiter
585 988 900 1053 quadraginta
921 989 1141 1052 passibus
1173 989 1418 1049 existeret,
1443 994 1606 1038 orator
1627 991 1876 1041 descendit
1903 1009 1962 1042 ex
1983 1009 2128 1057 equo,

367 1076 414 1119 et
450 1072 586 1120 valde
625 1072 831 1121 honesto
871 1088 1017 1136 passu
1040 1073 1245 1121 accessit
1278 1088 1429 1135 usque
1462 1089 1612 1137 prope
1638 1074 1774 1122 illum
1801 1075 1992 1124 circiter
2019 1092 2134 1140 pas-

367 1154 496 1202 sibus
533 1156 823 1218 quindecim.
872 1158 992 1203 Tum
1031 1171 1118 1219 per
1151 1173 1319 1220 passus
1360 1155 1570 1218 quinque
1612 1157 1685 1204 vel
1711 1157 1855 1216 circa,
1895 1157 2130 1217 ambiens,

368 1253 417 1285 se
441 1238 687 1287 interram
720 1255 865 1302 super
883 1239 1103 1286 dextrum
1134 1239 1258 1287 latus
1285 1239 1430 1286 etiam
1461 1239 1614 1302 capite
1643 1240 1912 1303 prostravit,
1948 1245 1996 1290 et
2025 1256 2139 1289 mox

369 1337 571 1385 surgens
611 1322 762 1370 tribus
797 1316 1016 1386 passibus
1057 1339 1141 1371 seu
1181 1326 1385 1385 quatuor
1419 1321 1524 1369 aliis
1553 1323 1788 1383 ambiens,
1829 1339 1972 1387 super
2003 1339 2134 1388 ,genu

370 1404 620 1454 dexterum
642 1406 950 1469 genuflexum
973 1422 1024 1455 se
1045 1406 1230 1454 habens
1256 1410 1303 1454 et
1331 1410 1509 1454 terram
1530 1411 1732 1470 tangens
1754 1406 1951 1455 dextera
1969 1421 2132 1465 mann,

369 1488 499 1536 illam
520 1505 633 1536 mox
665 1489 926 1538 osculatus.
956 1492 1081 1550 ,Tum
1111 1489 1285 1538 iterum
1318 1506 1520 1554 surgens
1544 1494 1591 1538 et
1617 1490 1760 1538 tantis
1786 1490 2006 1555 passibus
2031 1506 2135 1539 am-

369 1572 504 1620 biens
533 1589 681 1636 usque
703 1573 763 1621 ad
784 1576 1007 1634 Turcum,
1041 1589 1204 1622 coram
1239 1589 1333 1636 quo
1359 1574 1660 1637 genuflexus,
1690 1574 1815 1622 illius
1847 1589 2023 1638 equum
2048 1589 2136 1638 per

367 1656 542 1719 pedem
564 1656 786 1705 dextrum
809 1655 904 1705 sive
930 1656 1173 1704 sinistrum
1201 1661 1249 1705 et
1276 1657 1416 1705 Turci
1443 1657 1618 1720 pedem
1642 1657 1861 1706 dextrum
1887 1655 2137 1721 amplexus

369 1742 458 1798 est,
485 1739 624 1787 simul
646 1744 692 1788 et
712 1740 887 1804 pedem
908 1739 1058 1803 ipsius
1079 1739 1217 1787 Turci
1249 1740 1490 1788 osculatus
1521 1744 1607 1789 est.
1631 1743 1751 1788 Tum
1780 1756 1982 1804 surgens
2010 1756 2137 1804 genu

369 1823 589 1870 dextrum
619 1823 744 1871 illius
774 1828 847 1871 ter
873 1823 987 1871 hinc
1020 1827 1067 1872 et
1089 1823 1200 1871 inde
1229 1823 1472 1871 osculatus
1502 1827 1590 1883 est,
1623 1823 1697 1871 cui
1730 1826 1912 1872 Turcus
1939 1840 2136 1872 manum

368 1906 615 1954 dexteram
637 1907 697 1954 ad
720 1907 905 1966 collum,
922 1906 1192 1970 porrigens,
1223 1906 1300 1953 ille
1331 1910 1486 1954 vestes
1514 1906 1734 1954 similiter
1766 1907 2009 1955 osculatus
2026 1910 2131 1966 est;

369 2005 462 2052 que
484 1989 646 2037 omnia
665 1989 768 2052 ipse
784 1989 1087 2050 orator,adeo
1116 1988 1389 2036 cordialiter
1411 1988 1571 2044 facere
1592 1988 1717 2036 visus
1739 1992 1830 2048 est,
1852 1989 1980 2051 quod
1997 1987 2134 2052 quasi

371 2071 485 2120 ssere
504 2071 562 2120 ab
578 2071 801 2119 omnibus
819 2071 944 2119 visus
967 2075 1056 2120 est.
1083 2074 1264 2119 Turcus
1288 2075 1448 2119 autem
1475 2071 1661 2119 nullum
1691 2071 1879 2135 signum
1906 2071 1973 2119 illi
1993 2071 2138 2120 facie·

369 2154 466 2214 bat,
497 2155 582 2203 sed
609 2158 658 2203 ut
678 2154 902 2219 princeps
932 2155 1097 2203 firmus
1122 2155 1258 2203 illum
1282 2154 1565 2218 expectabat
1586 2159 1632 2203 et
1659 2155 1818 2202 nullus
1838 2154 1974 2203 alteri
1998 2154 2136 2218 quic-

367 2255 513 2302 quam
530 2239 736 2299 dicebat,
757 2239 843 2287 sed
854 2239 990 2287 factis
1012 2255 1097 2303 per
1112 2243 1355 2287 oratorem
1371 2238 1668 2298 reverentiis,
1687 2240 1870 2286 Turcus
1882 2237 1948 2286 illi
1962 2252 2131 2286 coram

366 2339 416 2371 se
446 2322 587 2370 stanti
615 2323 756 2371 unico
781 2323 926 2371 verbo
949 2322 1207 2380 annuebat,
1233 2326 1284 2369 ut
1305 2338 1482 2385 equum
1504 2321 1806 2380 ascenderet,
1832 2320 1912 2384 qui
1931 2320 1998 2368 illi
2020 2335 2131 2384 pro-

365 2406 496 2469 prius
518 2406 748 2454 adductus
771 2410 844 2454 est
863 2410 914 2453 ut
936 2421 1045 2454 eum
1070 2405 1353 2453 ascenderet
1376 2421 1386 2463 ;
1418 2403 1619 2452 recessit
1646 2402 1791 2466 igitur
1815 2403 1958 2466 plano
1985 2418 2131 2466 passu

365 2505 392 2536 a
415 2492 586 2549 Turco,
610 2493 660 2536 ut
678 2505 853 2551 equum
876 2504 1015 2536 suum
1037 2487 1338 2546 ascenderet,
1365 2491 1413 2534 et
1435 2502 1582 2549 eques
1602 2490 1712 2534 ante
1741 2488 1947 2534 Turcum
1970 2485 2127 2534 rediit.

432 2572 627 2620 Interim
678 2572 804 2619 venit
853 2588 974 2619 unus
1019 2587 1077 2619 ex
1130 2570 1310 2617 familia
1360 2569 1499 2617 Turci
1538 2573 1586 2617 et
1626 2568 1884 2617 familiares
1920 2568 2132 2632 singulos

367 2653 568 2701 oratoris
603 2652 849 2716 amplexus
885 2657 973 2700 est.
1006 2654 1126 2700 Tum
1153 2652 1325 2716 singuli
1347 2656 1456 2700 ante
1489 2655 1698 2700 Turcum
1732 2651 2129 2716 genuflectentes,

367 2741 545 2784 terram
566 2737 761 2784 dextera
781 2736 1042 2798 tangebant
1056 2739 1103 2782 et
1115 2735 1359 2796 dexteram
1372 2735 1713 2783 osculabantur
1727 2751 1737 2793 ;
1757 2739 1858 2783 tum
1874 2734 2130 2800 genuflexi,

368 2820 469 2883 ejus
494 2818 603 2881 equi
631 2823 679 2866 et
709 2818 883 2882 pedem
916 2819 1164 2866 dexterum
1194 2818 1335 2866 Turci
1369 2819 1735 2882 amplectentes,
1760 2819 1933 2883 pedem
1954 2817 2128 2882 primo,

366 2903 537 2952 deinde
574 2919 699 2967 genu
738 2903 863 2950 illius
905 2906 1015 2949 sunt
1054 2901 1271 2950 osculati.
1319 2902 1626 2950 Paucissimis
1664 2902 1820 2951 verbis
1858 2904 2038 2949 Turcus
2084 2905 2133 2949 et

365 2991 525 3035 orator
557 3003 608 3035 se
630 2986 951 3046 absolverunt,
978 2985 1139 3049 sicque
1167 2988 1346 3034 Turcus
1378 2986 1556 3034 Urbem
1590 2988 1759 3049 postea
1788 2987 1860 3046 est
1885 2984 2130 3048 ingressus

364 3070 528 3118 ordine
551 3069 823 3134 supradicto
843 3068 921 3133 (1).

408 3244 440 3277 1.
468 3242 663 3278 Matthaeus
691 3242 830 3278 ssossus
859 3242 1029 3278 confirme
1055 3241 1086 3277 le
1112 3240 1200 3277 recit
1228 3239 1273 3276 de
1296 3239 1498 3276 Burchard.
1519 3237 1613 3286 Voy.
1636 3240 1657 3275 a
1678 3237 1926 3287 l’Appendice,
1949 3247 1991 3274 n⁰
2011 3237 2070 3283 33,
2092 3237 2127 3273 la

359 3300 462 3336 lettre
479 3303 526 3336 ou
546 3301 570 3336 il
593 3300 707 3337 decrit
725 3300 871 3337 l’entree
892 3300 1086 3337 solennelle
1106 3302 1127 3336 a
1145 3298 1260 3336 Rome
1281 3299 1329 3335 du
1350 3298 1471 3346 prinee
1498 3301 1670 3343 ottoman,
1694 3298 1782 3334 dont
1802 3297 1826 3333 il
1845 3301 1944 3334 traee
1965 3308 2013 3332 un
2036 3307 2125 3343 por-

359 3358 531 3406 traitpris
557 3371 618 3395 sur
636 3360 669 3396 le
689 3359 749 3397 vif.
772 3361 820 3396 Le
840 3364 938 3397 texte
957 3360 986 3396 si
1001 3359 1116 3408 precis
1137 3359 1181 3395 de
1201 3357 1400 3402 Burchard,
1423 3357 1467 3393 de
1482 3357 1637 3403 Bessus,
1657 3356 1702 3393 de
1721 3357 1854 3394 Petrus
1875 3354 2122 3392 Beneficiatus

361 3417 435 3464 (ces
455 3418 551 3454 deux
579 3419 738 3455 derniers
758 3421 779 3455 a
804 3418 1050 3467 l'Appendice,
1071 3420 1130 3453 n⁰⁵
1148 3418 1207 3463 33,
1234 3417 1310 3464 36),
1337 3415 1476 3452 infirme
1504 3415 1709 3453 l'assertion
1739 3415 1794 3452 dev
1811 3415 1846 3451 J.
1873 3414 1984 3451 Bosio
2011 3413 2123 3461 (Dell'
