2262 3958
157 263 377 306 [Avri11487]
611 262 780 300 RERUM
814 263 1118 301 URBANARUM
1150 260 1501 300 COMMENTARII.
1862 252 1935 290 253

151 363 326 413 deinde
356 366 501 428 Papa,
532 364 723 415 detecto
751 367 925 432 capite,
956 367 1036 416 ivit
1067 367 1128 416 ad
1161 366 1327 415 sedem
1358 362 1464 413 solii
1492 361 1551 410 ad
1579 374 1630 409 se
1665 355 1934 407 communi-

148 447 358 497 candum
379 448 460 512 qui
482 448 662 498 ibidem
690 450 836 499 etiam
860 450 1234 501 communicavit
1267 446 1564 498 cardinalem
1592 460 1631 492 s.
1658 439 1853 504 Georgii
1886 443 1933 487 et

150 533 207 579 D.
231 531 499 581 Mattheum
529 533 646 582 Cibo
678 534 1045 594 subdiaconum,
1073 533 1248 582 deinde
1277 549 1328 582 se
1355 528 1623 597 purificavit
1651 525 1737 575 sed
1757 522 1933 587 digitos

148 627 248 661 non
267 613 437 674 abluit,
463 620 655 681 sumpta
671 617 721 665 in
748 616 883 665 altari
908 632 996 680 per
1023 616 1282 664 diaconum
1310 614 1370 662 de
1396 612 1544 662 calice
1574 611 1798 661 sacrificii
1823 627 1934 676 par-

149 695 297 746 ticula
316 702 365 747 et
385 700 618 765 sanguine
637 716 692 749 ac
712 700 1051 765 purificatione
1078 715 1165 764 per
1192 714 1276 748 eos
1298 698 1479 747 ibidem
1501 698 1643 746 facta.
1670 695 1934 745 Cardinalis

151 797 192 830 s.
211 782 405 848 Georgii
426 784 646 833 ascendit
664 800 808 848 supra
827 783 1024 847 planum
1047 783 1153 831 solii
1178 785 1330 846 Pape3
1355 782 1512 845 capite
1533 780 1762 828 inclinato
1782 779 1920 827 dixit:

154 865 411 933 Confiteor,
441 875 550 928 etc.,
582 870 711 932 Papa
737 868 882 916 etiam
911 871 1086 916 stante.
1117 866 1272 914 Finita
1298 864 1626 924 confessione,
1659 866 1789 927 Papa
1819 862 1936 911 dixit

148 957 286 1000 more
320 949 462 1000 solito
484 947 584 999 'alte
615 966 626 998 t
654 944 902 1011 Precibus,
941 959 1048 1010 etc„
1074 954 1121 998 et
1152 949 1518 1014 indzclqentiam,
1545 953 1665 1007 etc.,
1699 952 1843 1011 prout
1876 949 1932 994 D.

149 1033 398 1083 Pientinus
418 1033 626 1084 dicebat.
654 1033 850 1083 Interim
866 1034 1122 1082 cardinalis
1144 1050 1183 1082 s.
1210 1032 1404 1098 Georgii
1428 1030 1680 1082 descendit
1704 1030 1765 1078 ad
1786 1029 1936 1077 altare

150 1121 216 1178 et,
253 1117 366 1168 data
397 1118 738 1168 benedictione
758 1135 848 1183 per
875 1121 1072 1184 Papam,
1118 1117 1301 1184 gyravit
1336 1133 1449 1167 cum
1488 1116 1638 1166 calice
1673 1113 1936 1163 cristallino

147 1207 292 1268 prout
320 1203 436 1253 fecit
473 1203 604 1269 prius
650 1203 709 1253 de
753 1209 1059 1254 sacramento
1097 1208 1144 1253 et
1185 1203 1352 1263 calice,
1393 1201 1568 1251 deinde
1609 1199 1742 1249 dedit
1779 1198 1935 1263 ipsum

146 1285 347 1336 calicem
367 1286 662 1336 subdiacono
683 1287 762 1352 qui
782 1288 987 1352 portavit
1009 1288 1166 1352 ipsum
1188 1287 1249 1335 ad
1270 1285 1443 1334 solium
1458 1285 1518 1333 ad
1540 1283 1783 1332 sinistram
1807 1285 1935 1347 Pape

99 1359 106 1367 ⁸
145 1370 226 1420 uhi
256 1370 403 1420 stetit.
436 1373 551 1420 Post
584 1371 938 1421 subdiaconum
974 1372 1067 1421 duo
1102 1372 1345 1420 auditores
1378 1372 1630 1435 portarunt
1656 1366 1935 1432 mappulam

146 1448 399 1519 pulchram
417 1471 505 1520 pro
521 1455 705 1520 gremio
721 1457 866 1520 Pape.
885 1458 1015 1520 Papa
1029 1455 1152 1504 sedit
1167 1459 1275 1520 post
1291 1455 1550 1504 adventum
1569 1450 1872 1511 subdiaconi,
1889 1455 1936 1499 et

147 1537 428 1603 impositum
449 1538 536 1587 fuit
557 1538 767 1588 biretum
792 1543 997 1599 tantum,
1017 1554 1116 1588 non
1133 1539 1301 1598 mitra3
1328 1542 1375 1587 et
1392 1537 1618 1602 mappula
1641 1535 1826 1601 gremio
1849 1550 1934 1583 suo

148 1639 293 1689 super
311 1616 470 1689 posita
488 1640 633 1689 quam
653 1625 750 1674 duo
769 1625 1015 1674 auditores
1040 1624 1243 1689 predicti
1264 1623 1379 1671 hinc
1395 1626 1443 1672 et
1464 1621 1575 1671 inde
1597 1619 1840 1686 genuflexi
1863 1624 1936 1669 te—

149 1700 376 1758 nuerunt.
397 1711 643 1773 Papa,pro
660 1709 1004 1758 commoditate
1027 1725 1129 1768 sua,
1145 1708 1259 1757 fecit
1279 1708 1409 1756 enim
1428 1706 1757 1771 genuflectere
1779 1704 1938 1754 diaco—

145 1805 262 1840 num
280 1807 393 1840 cum
413 1792 565 1841 calice
581 1793 872 1842 sacramenti
890 1793 951 1842 ad
969 1794 1075 1858 ejus
1092 1793 1334 1841 sinistram
1363 1796 1410 1841 et
1434 1790 1689 1840 cardinalis
1707 1789 1936 1839 Senensis

145 1874 264 1924 dixit
280 1873 401 1924 mihi
422 1877 551 1940 quod
563 1881 812 1942 portarem
837 1894 982 1926 unam
1003 1883 1248 1943 patenam,
1268 1881 1321 1925 ut
1337 1878 1467 1940 Papa
1484 1874 1658 1940 majori
1674 1873 1939 1923 commodi-

145 1963 244 2009 tate
257 1965 426 2025 posset
447 1962 810 2011 communicare
832 1962 1083 2028 populum,
1109 1977 1272 2027 quam,
1292 1965 1550 2026 postquam
1579 1962 1932 2024 apportassem‚

145 2043 224 2094 ille
255 2036 563 2110 suPerposuit
594 2046 757 2111 plures
789 2047 975 2096 hostias
1011 2051 1058 2097 et
1078 2052 1306 2112 patenam
1339 2044 1601 2094 tenendam
1624 2043 1756 2092 dedit
1777 2043 1935 2093 cardi-

144 2127 243 2178 nali
264 2130 470 2178 Senensi
491 2131 552 2179 ad
573 2131 823 2181 dexteram
844 2132 935 2181 sibi
955 2132 1147 2181 astanti.
1173 2134 1296 2180 Tum
1317 2133 1554 2179 venerunt
1577 2127 1638 2176 ad
1661 2128 1936 2177 communi-

145 2212 355 2263 candum
399 2214 656 2264 cardinalis
697 2210 926 2265 Senensis
967 2215 1142 2265 deinde
1177 2214 1434 2264 cardinalis
1465 2213 1524 2261 de
1561 2211 1780 2261 Sabellis,
1811 2214 1935 2261 Ante

146 2298 544 2348 communionem
580 2302 707 2364 Papa
743 2301 874 2350 dedit
910 2301 979 2350 eis
1009 2315 1181 2365 pacem
1211 2304 1257 2349 et
1284 2299 1475 2348 iverunt
1505 2296 1566 2344 ad
1597 2296 1747 2345 altare
1776 2296 1857 2346 ubi
1887 2296 1935 2344 in

145 2395 299 2432 cornu
319 2383 521 2449 epistole
542 2386 796 2435 cardinalis
820 2404 858 2434 s,
886 2386 1079 2450 Georgii
1100 2386 1392 2451 presentavit
1413 2384 1456 2435 ei
1469 2385 1671 2434 calicem
1692 2399 1804 2433 cum
1826 2382 1935 2431 vino

145 2481 234 2532 pro
262 2467 600 2532 purificatione
627 2476 675 2520 et
701 2471 981 2536 mappulam
1018 2488 1105 2535 pro
1143 2470 1439 2536 extergendo
1462 2485 1545 2519 ore
1578 2487 1587 2517 ε
1619 2468 1686 2517 illi
1712 2468 1807 2517 duo
1835 2483 1936 2516 car-

146 2551 332 2603 dinales
364 2555 708 2605 communicati
751 2556 999 2606 redierunt
1038 2556 1098 2605 ad
1137 2558 1318 2620 Papam
1366 2555 1427 2604 ad
1463 2553 1787 2604 assistendum
1824 2551 1930 2613 sibi,

147 2638 195 2684 et
211 2635 468 2685 cardinalis
497 2653 535 2685 s.
561 2638 752 2702 Georgii
777 2638 908 2688 dedit
937 2639 1139 2689 calicem
1173 2642 1230 2688 D.
1261 2639 1470 2689 Johanni
1504 2637 1562 2687 de
1595 2637 1813 2689 Venetiis
1853 2636 1932 2701 qui

146 2720 448 2786 evangelium
469 2721 518 2771 in
539 2719 684 2787 greco
713 2723 899 2773 dixerat
920 2728 968 2773 et
988 2724 1264 2791 mappulam
1294 2726 1352 2774 D.
1376 2722 1625 2774 Demetrio
1648 2722 1728 2787 qui
1751 2721 1931 2788 episto-

143 2803 240 2854 lam
266 2804 316 2854 in
339 2821 485 2872 greco
508 2807 710 2872 legerat.
745 2808 779 2856 li
807 2808 902 2858 duo
926 2813 1162 2859 steterunt
1188 2808 1399 2875 apodiati
1430 2808 1493 2858 ad
1513 2807 1792 2857 columnam
1818 2811 1928 2855 ante

143 2905 298 2939 cornu
327 2889 529 2955 epistole
563 2891 724 2941 altaris
756 2909 843 2958 pro
877 2893 1215 2958 purificatione
1252 2893 1526 2943 oratoribus
1561 2890 1928 2942 communicatis

144 2973 319 3036 danda,
355 2979 403 3025 et
431 2976 634 3026 sacrista
660 2978 859 3028 tenebat
887 2995 1033 3043 super
1062 2978 1197 3028 altari
1228 2979 1457 3028 caraffam
1483 2977 1579 3027 vini
1599 2976 1861 3025 infundens
1882 2975 1930 3023 iu

143 3057 346 3108 calicem
367 3075 454 3125 pro
472 3060 810 3126 purificatione
838 3063 1029 3127 quando
1067 3078 1188 3127 opus
1213 3067 1334 3112 erat.
1365 3061 1628 3113 Cardinalis
1650 3078 1688 3110 s.
1714 3058 1927 3124 Georgii,

141 3146 343 3208 accepto
373 3144 601 3207 scabello,
633 3145 755 3195 sedit
784 3145 832 3195 in
860 3162 1013 3196 cornu
1036 3146 1238 3212 epistole
1270 3163 1422 3212 usque
1447 3146 1509 3196 ad
1535 3145 1684 3195 finem
1714 3159 1934 3193 commu·

140 3226 299 3275 nionis
334 3243 470 3278 more
507 3236 758 3280 consueto,
809 3234 1063 3282 Venerunt
1107 3236 1268 3282 autem
1306 3231 1366 3281 ad
1400 3229 1799 3281 communionem
1836 3229 1931 3279 hoc

141 3310 311 3361 ordine
353 3330 362 3360 :
400 3317 509 3378 post
534 3314 777 3379 predictos
819 3315 1108 3377 cardinaleS,
1144 3316 1275 3366 venit
1303 3316 1569 3382 imperator
1599 3315 1933 3365 constantino-

139 3395 381 3460 politanus
409 3397 490 3462 qui
514 3414 712 3450 manum
740 3402 868 3467 Pape
898 3405 1085 3451 tantum
1117 3406 1227 3451 ante
1260 3400 1657 3450 communionem
1687 3386 1930 3449 osculatus
