2262 3958
899 279 1182 318 APPENDICE.
1205 309 1207 311 .
1867 279 1940 315 535

145 383 465 438 preclarissime
485 383 648 425 athleta
670 384 911 434 occurristi,
942 383 1167 437 subiitque
1198 384 1395 425 mentem
1427 381 1491 422 tui
1527 380 1707 433 quidem
1743 382 1936 423 nominis

103 483 109 491 .
143 451 260 494 fama
281 450 559 503 percelebris,
581 461 667 503 que
687 450 853 492 nedum
884 450 1162 498 christianos,
1189 459 1343 490 verum
1364 450 1615 488 exterorum
1643 446 1757 488 fines
1788 451 1830 489 et
1860 459 1936 489 us-

145 528 234 573 que
251 515 310 559 ad
328 515 457 558 indos
473 515 734 568 penetrauit.
751 515 927 557 Accedit
946 516 1100 557 adhoc
1119 513 1223 556 fidei
1237 514 1484 566 integritaS,
1507 513 1640 554 animi
1658 514 1938 567 generositas

148 582 399 635 mentisque
418 581 791 636 magnanimitas,
811 592 898 634 qua
918 581 982 631 tu',
1005 581 1158 632 tuique
1178 579 1498 621 commilitones
1517 579 1677 631 prediti
1699 583 1816 620 sunt.
1841 580 1939 621 Pre-

146 651 267 690 terea
293 647 572 701 precellentis
605 646 814 699 triumphi
845 647 986 699 gloria
1026 657 1162 698 quam
1202 644 1453 698 (obsidione
1483 656 1569 696 qua
1603 645 1780 698 genitor
1813 657 1940 687 meus

150 714 343 757 Rhodios
363 711 655 766 oppugnauit)
686 711 835 763 adepti
865 711 989 752 estis.
1019 710 1196 751 Illustre
1217 709 1394 762 quidem
1415 709 1586 751 facinus
1613 723 1623 751 :
1647 711 1941 752 othumanno-

148 790 250 822 rum
266 779 476 822 familiam
497 778 649 832 (supra
669 777 947 830 octingentos
976 787 1119 817 annos
1143 775 1338 827 tropheis
1358 775 1593 826 triumphis
1613 779 1748 828 atque
1769 777 1940 818 ouatio-

147 846 280 888 nibus
299 843 581 902 celebratam)
602 843 761 886 virtute
774 841 934 884 'vestra
955 841 1246 894 propulsasse
1270 852 1279 880 :
1301 840 1471 892 ingenti
1491 841 1640 893 itaque
1661 845 1736 882 tue
1767 842 1941 884 virtutis

148 910 440 955 admiratione
466 909 667 958 allectus,
691 911 734 949 te
754 910 1022 959 tuorumque
1041 906 1233 947 militum
1254 908 1400 946 cetum
1432 905 1597 946 nedum
1628 906 1759 948 dilexi
1788 919 1942 948 verum

148 977 313 1032 amani,
328 975 444 1019 colui
457 978 500 1018 et
513 973 764 1028 magnifeci.
774 974 928 1014 Vestre
943 972 1108 1026 quippe
1121 971 1311 1020 virtutiS,
1328 973 1450 1012 tante
1465 974 1570 1012 sunt
1581 971 1696 1012 vires
1712 975 1762 1013 ut
1778 973 1942 1014 nedum

149 1055 231 1087 sue
247 1042 396 1098 gentis
414 1053 571 1085 verum
592 1043 842 1083 exterarum
862 1039 1093 1080 nationum
1122 1037 1298 1079 animos
1321 1037 1529 1079 alliciant.
1552 1039 1639 1080 Nec
1655 1050 1812 1092 parum
1832 1043 1946 1082 attu-

146 1109 196 1151 lit
222 1106 332 1151 mihi
359 1106 520 1149 fiducie
547 1106 668 1162 quod
699 1104 1118 1147 tu'christianorum
1151 1103 1401 1156 principum
1431 1103 1634 1146 fauorem
1665 1106 1943 1159 gratiamque

147 1173 267 1218 haud
299 1172 520 1216 immerito
549 1171 869 1224 complecteris,
893 1170 1012 1225 quod
1042 1181 1121 1223 per
1146 1172 1190 1211 te
1210 1169 1275 1210 tui
1302 1170 1480 1224 quidem
1510 1171 1704 1213 nominis
1735 1173 1946 1225 splendor

147 1241 193 1283 in
211 1240 426 1283 orientem
445 1237 535 1281 late
555 1237 813 1279 diffunditur
836 1250 845 1277 ε
865 1236 979 1278 Nulli
1000 1239 1117 1277 certe
1138 1235 1300 1276 mirum
1318 1236 1456 1277 videri
1479 1235 1625 1286 debet,
1650 1238 1687 1278 si
1708 1249 1943 1290 personam

147 1309 224 1348 tue
243 1304 348 1348 fidei
367 1304 666 1353 crederemus,
688 1303 765 1356 qui
787 1302 1101 1357 magnanimus
1126 1305 1169 1342 et
1188 1301 1546 1353 sapientissimus
1566 1302 1782 1355 genitoris
1803 1307 1945 1357 prete-

147 1373 256 1414 ritas
287 1370 472 1426 iniurias
501 1369 866 1423 paruipenderes‚
899 1371 942 1410 et
975 1367 1118 1410 filium
1145 1367 1309 1408 tiranni
1341 1366 1398 1408 ad
1429 1370 1473 1408 te
1502 1366 1833 1421 confugientem
1856 1379 1946 1410 non

148 1441 504 1491 contempneres,
518 1447 675 1478 verum
692 1435 893 1484 consilio,
917 1434 1080 1475 auxilio
1102 1436 1235 1486 atque
1255 1432 1448 1487 presidio
1466 1431 1659 1474 foueres.
1683 1433 1768 1474 Sed
1786 1434 1946 1475 tacitus

150 1503 336 1546 forsitan
356 1502 525 1557 cogitas
545 1512 634 1554 quo
667 1500 764 1542 iure
796 1511 896 1542 cum
914 1510 1131 1553 germano
1164 1498 1219 1540 de
1244 1509 1383 1552 regno
1409 1498 1480 1539 hic
1509 1498 1734 1540 contendit
1766 1500 1842 1552 qui
1872 1499 1949 1540 mi-

149 1579 233 1612 noi·
249 1571 318 1624 est
336 1571 459 1610 natu.
479 1569 635 1611 Fateor
652 1566 834 1609 fratrem
850 1566 974 1618 prius
991 1566 1036 1606 in
1057 1565 1202 1606 lucem
1223 1564 1427 1617 prodisse
1452 1577 1462 1605 :
1483 1564 1564 1606 hac
1582 1576 1762 1618 quoque
1777 1565 1949 1606 ratione

150 1634 335 1690 imperio
368 1634 598 1677 exclusum
624 1634 677 1674 iri
706 1631 941 1675 contendo.
974 1632 1100 1673 Patre
1132 1630 1251 1672 enim
1281 1630 1461 1683 genitus
1497 1633 1565 1671 est
1596 1642 1686 1672 non
1718 1642 1839 1684 rege,
1873 1631 1949 1682 qui

152 1700 369 1751 (nondum
392 1700 689 1755 principatum
718 1699 926 1751 adeptus)
957 1698 1106 1750 ipsum
1137 1696 1306 1750 genuit.
1338 1695 1568 1737 Possideat
1599 1696 1735 1751 igitur
1758 1707 1948 1750 quorum

151 1771 280 1820 pater
297 1765 422 1821 (dum
443 1777 546 1821 eum
567 1765 778 1817 suscepit)
799 1764 978 1818 potitur.
1002 1764 1094 1816 Ego
1114 1773 1219 1804 vero
1238 1773 1261 1803 a
1283 1764 1408 1816 patre
1437 1773 1542 1815 rege
1562 1762 1866 1815 imperialibus
1885 1762 1949 1802 in-

151 1831 255 1875 fulis
275 1835 448 1880 ornate,
469 1831 665 1886 genituS,
694 1834 827 1872 natus
857 1829 1161 1881 educatusque
1196 1839 1309 1868 sum.
1334 1828 1421 1868 Nec
1442 1830 1612 1879 patrem
1632 1828 1736 1879 vidi,
1759 1827 1949 1881 cognoui

153 1900 290 1952 atque
309 1897 439 1946 colui,
470 1897 558 1938 nisi
585 1908 752 1950 regem,
782 1896 1094 1947 imperatorem
1120 1905 1171 1935 ac
1196 1893 1437 1946 principem
1458 1905 1607 1934 rerum
1628 1894 1832 1946 potitum.
1854 1895 1948 1945 Quo

155 1964 221 2016 fit,
238 1967 289 2007 ut
301 1963 472 2017 optimo
491 1963 587 2005 iure
606 1962 727 2016 quod
748 1965 874 2014 pater
891 1960 1006 2014 (cum
1038 1971 1110 2001 me
1142 1959 1314 2013 genuit)
1342 1959 1556 2011 possedit,
1592 1959 1699 2000 mihi
1732 1959 1947 2001 debeatur

151 2032 272 2073 nato.
306 2031 364 2071 At
388 2020 616 2071 mittamus
648 2027 742 2068 hec.
777 2027 923 2068 Potuit
954 2037 1011 2068 ne
1039 2037 1111 2066 me
1130 2036 1270 2074 regno
1303 2027 1488 2079 paterno
1519 2025 1729 2077 auitoque
1762 2036 1947 2077 prorsus

154 2094 392 2148 expellere,
410 2096 455 2135 et
475 2094 599 2148 regio
626 2093 775 2135 iuveni
804 2091 985 2145 dignam
1018 2091 1267 2143 portionem
1299 2090 1547 2143 denegare?
1571 2091 1753 2143 Regiam
1772 2102 1946 2143 gazam,

152 2160 553 2214 precellentemque
575 2159 892 2212 supellectilem
912 2157 1141 2205 inuadere,
1172 2156 1257 2196 sibi
1276 2156 1498 2196 ascribere
1516 2167 1567 2196 ac
1587 2155 1805 2207 diripere?
1824 2158 1950 2198 Com-

154 2226 378 2268 militones
403 2225 468 2279 (ut
487 2226 596 2267 mihi
623 2224 784 2266 infensi
805 2221 972 2275 essent)
994 2222 1124 2264 donis
1158 2232 1453 2273 corrumpere,
1488 2220 1661 2262 allicere
1697 2225 1830 2274 atque
1862 2233 1953 2264 mo-

153 2303 284 2342 uerez
305 2295 351 2335 et
369 2303 440 2335 me
461 2292 518 2334 ad
544 2291 771 2334 interitum
791 2300 935 2342 usque
955 2290 1139 2342 urgere?
1159 2289 1193 2330 Ο
1214 2286 1361 2329 fratris
1393 2298 1500 2329 seua
1523 2286 1780 2329 crudelitas!
1802 2287 1836 2328 t)
1856 2299 1954 2341 ger-

156 2359 278 2406 mani
294 2361 532 2402 contumax
552 2358 776 2411 tyrannis!
800 2355 834 2397 O
854 2354 1086 2408 sanguinis
1108 2365 1208 2396 ceca
1230 2353 1470 2405 cupiditas!
1491 2352 1630 2394 Pudet
1648 2352 1728 2395 hec
1746 2353 1800 2395 de
1817 2352 1952 2395 fratre

154 2425 295 2478 queri.
316 2424 403 2467 Sed
421 2424 542 2477 quod
561 2434 653 2464 non
673 2421 851 2464 erubuit
881 2432 954 2463 me
985 2423 1166 2473 paterna
1199 2419 1445 2461 hereditate
1467 2418 1672 2471 spoliare,
1702 2430 1865 2471 equum
1886 2422 1956 2461 est

156 2502 228 2539 me
246 2488 424 2544 (iniuria
444 2487 699 2542 spoliatum)
720 2499 869 2530 coram
889 2487 973 2537 his,
993 2486 1050 2528 ad
1072 2497 1187 2539 quos
1208 2485 1429 2539 confugio,
1452 2485 1570 2527 haud
1591 2486 1839 2528 verecunde
1859 2498 1958 2529 con·

155 2555 297 2611 queri.
319 2555 401 2608 Qui
417 2555 535 2598 enim
558 2554 715 2597 medici
734 2565 914 2612 operam
937 2552 1061 2605 petit,
1088 2552 1287 2594 dolorem
1308 2555 1351 2593 et
1370 2552 1534 2593 vulnus
1563 2550 1742 2605 detegat
1770 2563 1955 2594 necesse

157 2625 240 2665 est.
258 2621 325 2666 Ad
342 2625 386 2663 te
405 2620 584 2674 confugi
604 2620 874 2663 Rhodiorum
901 2618 1153 2661 felicissime
1174 2618 1394 2671 princeps,
1420 2628 1591 2669 vosque
1610 2618 1855 2670 amplector
1870 2618 1955 2659 for-

156 2687 318 2730 tissimi
336 2686 515 2737 milites,
535 2686 758 2728 facessant
776 2685 913 2738 igitur
932 2688 1112 2736 paterne
1138 2683 1404 2725 contumelie
1430 2696 1439 2724 :
1462 2684 1520 2726 ad
1538 2683 1832 2724 calamitatem
1853 2684 1955 2736 (qua

157 2752 349 2807 premor)
371 2755 565 2794 mentem
585 2754 844 2793 conuertere
864 2750 974 2792 velis
994 2750 1269 2792 inclitissime
1297 2750 1478 2799 athleta,
1507 2749 1583 2802 qui
1604 2750 1799 2790 hostium
1819 2750 1956 2790 armis

159 2819 300 2862 audes
319 2818 528 2860 resistere
548 2820 591 2859 et
612 2817 860 2870 principum
879 2815 1116 2858 calamitati
1138 2816 1223 2858 scis
1245 2815 1502 2856 subuenire.
1526 2815 1775 2856 Percuciam
1793 2815 1956 2867 quippe

159 2897 260 2929 cum
277 2884 528 2928 christianis
547 2886 812 2936 perpetuum
833 2881 978 2930 fedus,
1002 2893 1082 2925 nec
1102 2892 1179 2923 eos
1199 2881 1332 2923 armis
1353 2882 1565 2922 lacessire
1583 2881 1789 2926 conabor.
1813 2883 1956 2933 pater-

160 2954 296 3007 nique
314 2951 487 3005 imperii
517 2949 716 3003 pertione
742 2959 833 2989 non
866 2947 1048 3000 indigna
1080 2950 1331 2997 contentus,
1353 2947 1490 2988 armis
1517 2945 1690 2998 positiS,
1713 2946 1953 2998 quiescam.

161 3021 249 3062 Nec
265 3019 496 3060 immemor
515 3014 833 3057 beneficiorum
857 3014 899 3066 (a
922 3016 965 3054 te
986 3011 1310 3065 susceptorum)
1333 3024 1424 3054 ero.
1447 3012 1634 3064 imploro
1662 3015 1789 3053 tuum
1816 3012 1957 3064 presi-

163 3086 301 3133 dium,
320 3084 479 3124 inuoco
498 3081 746 3134 principum
767 3079 1003 3122 christiane
1023 3079 1251 3132 religionis
1271 3079 1484 3119 auxilium
1512 3083 1559 3119 ut
1587 3081 1629 3119 et
1658 3078 1763 3119 mihi
1785 3081 1828 3118 et
1848 3077 1957 3130 ipsis

163 3149 397 3192 consulant
416 3148 617 3201 germani
642 3147 866 3193 semeiam,
889 3145 1162 3186 vindicantes
1189 3155 1268 3197 pro
1297 3144 1471 3185 inimico
1492 3145 1698 3193 amicum,
1723 3154 1801 3197 pro
1830 3143 1958 3184 hoste

163 3215 402 3268 hospitem,
431 3225 510 3266 pro
536 3212 674 3255 infido
693 3211 832 3254 fidum
863 3211 917 3252 R.
953 3212 997 3252 P.
1034 3210 1371 3251 christianorum
1403 3209 1716 3251 vendicabunt.
1749 3210 1870 3262 Rege
1902 3209 1958 3250 si-

164 3283 300 3334 lente,
320 3281 535 3335 magister
553 3280 613 3322 ita
632 3280 846 3332 loquutus
866 3281 933 3319 est
956 3276 1025 3331 (1).

209 3433 239 3464 1.
265 3431 335 3464 Des
362 3430 395 3463 le
427 3429 537 3463 debut
558 3428 601 3462 de
622 3437 689 3462 son
715 3429 812 3468 recit,
837 3427 1008 3461 Caoursin
1035 3436 1055 3459 a
1079 3426 1237 3468 prevenu
1262 3425 1294 3458 le
1321 3425 1455 3459 lecteur
1480 3424 1566 3467 qu'il
1593 3424 1690 3458 ullait
1714 3426 1880 3458 raconter
1904 3424 1956 3458 les
