2262 3958
335 325 405 362 264
934 316 1165 353 JOHANNIS
1200 314 1493 362 ssuaannni,
1907 321 1988 363 [Mai
2009 322 2101 363 μετ]

332 426 429 473 lam
452 427 498 472 et
519 424 576 471 de
599 421 831 486 cappella,
855 419 935 466 ivit
962 422 1070 483 post
1102 432 1297 466 crucem
1326 416 1456 465 solus
1484 423 1593 466 ante
1620 434 1788 468 omnes
1812 421 2098 472 cardinales.

335 510 387 555 ln
407 506 590 569 capella
612 504 741 552 stetit
762 506 870 567 post
893 505 1081 550 Rmum.
1109 504 1165 549 D.
1189 500 1448 549 Ascanium
1475 500 1694 550 ultimum
1715 503 1973 552 diaconum
1996 521 2102 554 car-

335 589 559 637 dinalem.
585 587 657 635 Ad
678 586 875 649 gradum
908 584 1184 633 inferiorem
1212 584 1337 632 sedis
1363 600 1447 631 seu
1478 584 1582 632 solii
1611 587 1755 648 Pape,
1781 602 1839 635 ex
1873 589 2101 637 mandato

337 675 481 735 Pape,
506 670 614 717 dedi
634 669 797 716 locum
818 667 1083 732 Magnificis
1111 669 1210 715 DD.
1234 667 1429 714 Alberto
1451 667 1582 715 fratri
1603 667 1828 717 bastardo
1850 670 2003 731 ducis,
2041 674 2099 720 D.

340 752 557 817 Corrigii,
582 755 639 799 D.
664 752 722 800 de
745 751 902 815 Carpi,
930 753 986 798 D.
1017 750 1301 813 Theophilo,
1339 750 1500 798 comiti
1525 750 1731 797 Johanni
1762 751 1821 800 de
1850 753 2034 816 Bojano
2057 760 2105 803 et

341 835 600 884 secretario
622 835 773 894 ducis,
796 835 877 898 qui
898 834 1042 882 etiam
1059 837 1130 881 est
1150 833 1322 881 nobilis
1341 833 1560 881 dominus
1583 838 1868 882 castrorum.
1890 835 2105 884 Aliorum

342 923 505 966 autem
526 917 730 966 militum
752 921 799 966 et
819 917 1020 982 predicti
1047 917 1181 965 ducis
1211 916 1388 964 familie
1412 916 1648 964 intrarunt
1669 918 1935 981 cappellam
1955 935 2106 983 usque

342 1002 402 1049 ad
429 1016 683 1049 numerum
713 999 1059 1064 quinquaginta
1090 1000 1161 1048 vel
1187 999 1331 1059 circa,
1363 1014 1531 1048 omnes
1554 1000 1895 1049 honestissime
1929 1002 2104 1061 ornati,

341 1084 569 1132 cathenas
593 1098 760 1131 aureas
787 1083 846 1131 ad
870 1083 1045 1131 collum
1067 1083 1320 1142 habenteS,
1345 1082 1424 1145 qui
1447 1086 1681 1130 steterunt
1703 1084 1819 1132 recti
1846 1089 1974 1132 retro
1995 1086 2111 1134 ban-

340 1167 484 1215 chum
529 1169 817 1213 RRmorum.
862 1168 960 1213 DD.
997 1166 1309 1213 cardinalium
1349 1166 1776 1229 presbyterorum3
1819 1167 1912 1216 alia
1949 1168 2110 1216 omnia

341 1250 589 1297 observata
607 1252 716 1296 sunt
734 1263 869 1297 more
893 1252 1140 1297 consueto.
1159 1250 1277 1296 Cum
1299 1250 1382 1296 SS.
1400 1250 1456 1295 D.
1475 1250 1529 1296 N.
1549 1248 1783 1312 inciperet
1799 1266 1989 1298 versum
2009 1269 2017 1299 :
2036 1251 2115 1299 Sit

341 1348 510 1380 nomen
543 1332 728 1380 Domini
760 1331 1065 1391 benedictum,
1099 1347 1186 1395 pro
1221 1331 1555 1379 benedictione
1587 1331 1759 1391 danda,
1785 1333 2110 1395 genuflectere

343 1416 415 1463 Ill.
443 1415 616 1463 ducem
643 1414 911 1477 predictum
934 1419 981 1462 et
1000 1414 1094 1462 hoc
1115 1414 1243 1462 idem
1274 1413 1516 1461 observari
1541 1413 1666 1461 volui
1689 1418 1786 1461 tam
1814 1414 1863 1461 in
1883 1414 2113 1463 benedic-

348 1499 571 1557 tionibuS,
593 1498 812 1546 videlicet
832 1500 962 1561 Papa
993 1497 1251 1560 incipiente
1281 1513 1291 1545 :
1322 1497 1550 1544 Precibus
1578 1504 1624 1544 et
1641 1498 1816 1544 meritis
1836 1505 1942 1557 etc„
1968 1514 2112 1561 quam

345 1587 454 1646 post
473 1582 669 1629 missam
696 1597 705 1629 :
728 1581 807 1628 Sit
830 1597 999 1628 nomen
1025 1581 1221 1628 Domini
1241 1587 1325 1627 etc.
1338 1597 1357 1638 ,·
1385 1584 1433 1627 et
1456 1579 1520 1627 ita
1547 1595 1715 1629 omnes
1743 1580 1868 1640 laici,
1900 1581 2045 1630 etiam
2075 1581 2113 1629 si

347 1681 430 1713 rex
449 1671 594 1724 esset,
620 1665 945 1728 genuflectere
963 1664 1156 1712 debent.

415 1749 593 1798 Diebus
626 1748 852 1812 peractis,
895 1749 979 1795 SS.
1020 1750 1075 1795 D.
1116 1750 1171 1795 N.
1213 1747 1453 1795 mandavit
1485 1747 1603 1794 mihi
1637 1751 1689 1795 ut
1723 1747 2114 1797 reformationem

347 1834 527 1898 capelle
563 1832 810 1880 Sanctitati
851 1847 933 1879 sue
968 1831 1239 1879 ordinarem
1268 1835 1315 1878 et
1347 1831 1395 1877 in
1430 1830 1614 1894 scriptis
1649 1831 1936 1894 redigerem,
1969 1847 2114 1895 quam

347 1917 585 1966 Sanctitas
620 1933 706 1964 sua
732 1916 780 1962 in
813 1913 1100 1962 consistorio
1133 1929 1404 1977 proponere
1443 1918 1489 1961 et
1522 1914 1788 1977 approbare
1817 1915 2111 1965 intendebat.

347 2002 455 2050 Feci
472 2001 617 2064 igitur
637 1999 766 2045 illam
789 1997 1031 2060 registrari
1064 1996 1187 2044 libro
1218 1996 1602 2044 ceremoniarum
1627 2013 1772 2045 manu
1800 2013 1909 2046 mea
1923 1999 2120 2062 propria

349 2086 543 2148 scripto,
566 2083 648 2130 fol.
668 2097 822 2130 Lxxxx
841 2099 850 2128 :
871 2096 1013 2143 quam
1027 2080 1262 2128 Sanctitas
1283 2095 1369 2127 sua
1388 2079 1463 2127 die
1479 2080 1590 2127 lune
1616 2083 1669 2127 21
1697 2080 1841 2143 hujus
1858 2080 1908 2127 in
1929 2085 2117 2129 secreto

350 2166 636 2216 consistorio
677 2181 763 2228 per
795 2167 988 2211 Rmum.
1030 2166 1087 2210 D.
1123 2162 1417 2210 cardinalem
1446 2164 1711 2210 Senensem
1739 2162 1901 2226 legere
1931 2163 2042 2212 fecit
2071 2168 2119 2212 et

351 2249 629 2314 approbavit
668 2248 725 2295 de
761 2246 1075 2295 cardinalium
1112 2262 1350 2293 consensu
1384 2246 1442 2294 de
1474 2245 1615 2293 verbo
1646 2246 1704 2293 ad
1734 2246 1952 2306 verbum,
1978 2251 2120 2310 prout

351 2333 527 2381 ibidem
547 2335 742 2379 notatur
763 2334 810 2378 et
831 2331 1126 2378 observatur.
1151 2331 1219 2376 Ex
1243 2345 1335 2392 qua
1355 2329 1548 2391 quidem
1571 2329 1910 2378 reformatione
1933 2334 2120 2378 extrac-

352 2420 450 2462 tum
483 2414 575 2462 feci
609 2419 656 2461 et
690 2414 748 2461 de
775 2412 1000 2460 mandato
1031 2412 1303 2459 Sanctitatis
1338 2427 1421 2458 sue
1447 2412 1637 2458 RRmis.
1672 2414 1773 2459 DD.
1799 2411 2118 2459 cardinalibus

350 2497 761 2556 vicecancellario,
798 2495 1067 2552 Portuensi,
1098 2494 1444 2542 Tusculanensi
1475 2498 1523 2541 et
1551 2494 1827 2554 Albanensi,
1853 2494 2115 2558 episcopis;

351 2579 715 2637 Mediolanensi,
735 2577 1022 2636 Veronensi,
1059 2576 1427 2635 Rechanatensi,
1461 2577 1744 2637 Turonensi,
1771 2577 1828 2625 de
1857 2577 2118 2626 Comitibus

353 2670 400 2713 et
439 2662 702 2721 Parmensi,
754 2659 1069 2724 presbyteris3
1111 2659 1330 2719 Senens1,
1380 2675 1419 2706 s.
1467 2660 1672 2723 Georgii,
1722 2660 2004 2718 camerario,
2059 2659 2118 2708 de

354 2747 573 2805 Sabellis,
604 2746 662 2793 de
691 2744 923 2792 Columna
950 2746 997 2791 et
1021 2743 1246 2801 Ascanio,
1267 2742 1497 2803 diaconis,
1528 2743 1621 2791 hoc
1643 2759 1783 2791 mane
1802 2742 2119 2807 personaliter

354 2828 640 2894 presentavi,
667 2826 845 2874 tenoris
878 2826 937 2873 de
964 2826 1109 2873 verbo
1140 2825 1200 2872 ad
1232 2825 1446 2883 verbum,
1478 2829 1620 2888 prout
1653 2825 1701 2872 in
1731 2826 1857 2874 dicto
1889 2826 2011 2874 libro
2032 2827 2116 2875 fol.

354 2929 569 2962 Lxxxxm
600 2910 929 2974 registratum3
956 2913 1148 2972 rogatus
1181 2911 1227 2955 et
1247 2908 1305 2955 de
1326 2908 1551 2956 mandato
1575 2910 1659 2957 SS.
1685 2911 1740 2957 D.
1768 2911 1824 2957 N.
1863 2909 2116 2968 mandanS,

355 2996 481 3059 quod
503 2996 594 3055 illa,
615 3009 703 3058 per
727 2993 982 3056 magistros
1010 2991 1263 3039 domorum
1294 3007 1504 3051 suarum,
1538 2993 1715 3041 familie
1735 2993 1969 3057 publicari
1997 2993 2122 3042 face-

356 3084 462 3127 rent
480 3084 526 3127 et
547 3094 633 3142 per
653 3091 822 3124 omnes
844 3074 1107 3132 observari3
1129 3074 1258 3136 quod
1276 3073 1446 3136 singuli
1469 3090 1519 3121 se
1540 3075 1750 3122 facturos
1766 3075 2003 3123 dixerunt.

419 3162 557 3210 Feria
577 3160 758 3224 quinta,
786 3162 846 3206 24
867 3158 1045 3207 mensis
1067 3157 1178 3204 maii
1202 3156 1422 3219 predicti,
1453 3155 1630 3204 festum
1661 3157 1956 3205 ascensionis
1978 3160 2036 3205 D.
2060 3158 2118 3205 N.

351 3251 465 3296 Jesu
499 3244 692 3303 Christi,
722 3247 887 3290 Rmus.
926 3244 983 3289 D.
1021 3239 1274 3288 cardinalis
1309 3255 1347 3286 S.
1389 3238 1645 3287 Clementis
1683 3239 1796 3288 fecit
1826 3240 2039 3289 officium
2068 3239 2116 3286 in

351 3330 549 3378 basilica
569 3327 795 3393 principis
817 3325 1144 3389 apostolorum
1171 3323 1221 3370 in
1250 3321 1540 3385 paramentis
1562 3320 1700 3380 albis,
1723 3323 1851 3384 Papa
1869 3324 2110 3384 presente.

354 3413 563 3462 Caudam
578 3410 791 3475 pluvialis
809 3425 930 3473 pape
951 3407 1153 3472 portavit
1174 3406 1269 3453 dux
1290 3404 1503 3453 Ferrarie
1520 3419 1671 3466 usque
1690 3404 1748 3451 ad
1765 3403 1916 3452 scalas
1929 3402 2089 3465 palatii
2106 3418 2116 3460 3
