2262 3958
91 303 307 348 [Aout1484]
530 299 700 336 RERUM
734 297 1042 335 URBANARUM
1080 294 1431 333 COMMENTARII.
1837 295 1879 331 31

89 405 290 456 violacei
329 403 523 453 obscuri
554 402 769 451 fimbrias
812 402 1020 449 duorum
1062 400 1353 464 palmorum,
1390 398 1465 446 vel
1504 396 1652 456 circa,
1689 400 1798 461 post
1832 414 1882 444 se

91 490 370 548 trahentes,
406 491 587 537 stantes
626 487 686 535 ad
726 501 922 534 scamna
961 500 1048 532 suo
1089 500 1224 532 more
1269 486 1522 543 consuetO,
1576 481 1792 546 episcopi
1839 483 1886 528 et

91 566 363 641 Presbyteri
402 573 451 620 in
478 573 628 621 latere
673 568 924 634 evangelii,
961 572 1008 616 et
1041 568 1232 616 diaconi
1266 569 1326 616 ab
1360 568 1454 616 alio
1487 568 1658 626 latere,
1701 565 1887 614 scilicet

94 658 320 724 epistole;
371 655 618 721 digniores
670 669 836 702 versus
881 652 1049 701 altare.
1095 651 1233 699 Dicta
1268 668 1356 716 per
1398 652 1728 700 celebrantem
1778 665 1888 699 ora-

65 742 225 793 .tione
257 741 462 790 Domine
487 738 604 787 Jesu
635 737 841 794 Christe,
875 735 959 799 qui
987 735 1166 794 dixisti,
1191 743 1298 793 ete„
1331 736 1482 784 obtuli
1510 735 1887 785 instrumentum

94 826 228 894 pacis
282 824 616 874 osculandum,
650 820 739 885 ipsi
794 819 1094 878 celebranti;
1153 818 1327 867 deinde
1376 818 1575 883 singulis
1632 819 1890 868 cardinali-

95 911 210 971 bus,
242 909 324 974 qui
353 905 596 973 genuflexi
627 908 764 953 erant
795 904 845 951 in
876 904 997 952 locis
1038 903 1154 951 suis.
1193 903 1356 951 Primo
1396 903 1507 951 dedi
1540 903 1891 952 vicecancella-

94 995 185 1054 rio,
212 995 382 1059 postea
413 990 517 1039 aliis
550 1005 638 1054 per
676 988 897 1037 ordinem
931 987 1133 1052 singulis
1173 987 1340 1036 dicens
1377 1005 1385 1035 :
1431 987 1544 1035 Pax
1578 995 1746 1046 tecum,
1791 988 1883 1036 illis

92 1075 496 1142 respondentibus
539 1091 549 1123 :
593 1074 664 1123 Et
700 1091 807 1123 eum
842 1074 1010 1138 spiritu
1057 1081 1152 1121 tuo.
1207 1075 1260 1121 In
1298 1072 1394 1120 fine
1438 1071 1584 1120 misse
1635 1072 1889 1120 celebrans

92 1164 224 1211 stans
260 1176 428 1210 versus
468 1159 527 1208 ad
567 1159 864 1218 cardinaleS,
906 1158 999 1206 illis
1049 1158 1397 1217 benedicebat,
1441 1174 1526 1206 eos
1574 1157 1797 1222 signanS,
1843 1162 1890 1206 et

90 1244 258 1295 dicens
283 1263 293 1294 :
321 1244 592 1304 Benedicat,
616 1252 700 1292 ete.
727 1243 954 1292 Nonnulli
984 1246 1148 1291 tamen
1175 1241 1458 1289 asserebant
1480 1241 1610 1304 quod
1631 1241 1734 1305 ipse
1765 1240 1890 1289 cele-

91 1330 237 1379 brans
263 1345 432 1378 versus
463 1328 524 1377 ad
556 1328 844 1395 cardinales,
881 1327 1168 1392 genuflexus
1202 1325 1293 1373 illis
1326 1325 1619 1373 benedicere
1653 1325 1889 1383 debebat;

93 1414 223 1479 quod
261 1413 380 1462 mihi
428 1416 593 1461 tamen
643 1412 757 1461 satis
807 1412 1072 1460 absurdum
1109 1410 1398 1468 'videbatur3
1446 1426 1559 1458 cum
1598 1408 1896 1458 benedicens

95 1511 290 1561 semper
308 1495 466 1560 major
485 1495 545 1543 sit
574 1494 909 1543 benedicendo
937 1495 986 1542 in
1017 1511 1074 1543 eo
1097 1497 1225 1542 actu.
1259 1494 1459 1543 Missam
1489 1494 1608 1542 dixit
1636 1493 1695 1543 de
1726 1493 1897 1559 spiritu

97 1583 264 1630 sancto
292 1595 406 1629 cum
427 1578 644 1627 oratione
672 1595 681 1626 :
705 1578 839 1627 Deus
867 1579 950 1643 qui
979 1578 1119 1626 eorda
1147 1578 1378 1643 fidelium,
1406 1587 1514 1638 ete,
1548 1583 1595 1627 et
1630 1595 1718 1627 sua
1744 1578 1901 1643 presa-

98 1664 247 1723 tione,
280 1663 330 1711 in
356 1662 531 1727 quibus
559 1661 721 1710 omisit
749 1663 831 1711 illa
859 1663 1005 1711 verba
1036 1679 1045 1711 :
1076 1663 1326 1712 Hodierna
1353 1663 1444 1711 die.
1482 1663 1694 1712 Primam
1725 1662 1902 1711 oratio-

98 1763 213 1796 nem
233 1746 351 1795 dixit
372 1746 461 1794 suh
482 1732 577 1794 una
607 1747 940 1806 conclusione,
975 1747 1149 1796 deinde
1182 1748 1325 1796 aliam
1355 1764 1443 1819 pro
1473 1747 1730 1808 electione,
1766 1747 1899 1795 vide-

98 1831 214 1880 licet
247 1847 257 1880 :
286 1830 519 1895 Supplici,
561 1830 785 1890 Domine,
820 1831 1087 1880 humilitate
1123 1832 1433 1897 deposcimus,
1481 1840 1587 1891 ete„
1630 1831 1777 1880 etiam
1812 1831 1901 1879 sub

102 1926 188 1964 sua
207 1914 520 1964 conclusione
544 1930 657 1962 cum
682 1914 844 1964 Gloria
872 1917 921 1964 in
954 1918 1146 1966 excelsis
1167 1918 1288 1978 Deo,
1322 1922 1370 1967 et
1398 1917 1547 1968 Credo
1577 1921 1625 1966 et
1653 1916 1728 1965 Ile
1757 1916 1901 1964 missa

102 2007 185 2049 est.
228 2001 282 2048 In
318 1998 614 2064 paramentis
655 1999 818 2048 rubeis
865 1982 1125 2050 celebravit
1163 2006 1307 2066 prout
1347 2002 1666 2051 conveinebat
1706 2017 1716 2049 :
1756 2016 1903 2065 super

103 2083 242 2133 altari
280 2088 383 2133 erat
428 2099 547 2133 crux
585 2083 634 2131 in
679 2084 839 2132 medio
881 2089 929 2134 et
968 2090 1177 2149 quatuor
1216 2087 1508 2136 candelabra
1552 2086 1666 2134 hinc
1707 2089 1755 2134 et
1794 2084 1905 2132 inde

30 2226 37 2231 ο
103 2167 276 2231 posita.
311 2167 467 2215 Finita
487 2167 652 2228 missa,
684 2167 952 2215 cardinales
981 2184 1151 2217 omnes
1182 2170 1431 2218 redierunt
1453 2170 1513 2217 ad
1535 2168 1726 2217 tertiam
1747 2168 1907 2215 aulam

107 2250 367 2310 conclavis,
392 2250 492 2311 ubi,
517 2251 780 2315 apportatis
802 2251 918 2316 ipsis
938 2268 1028 2317 per
1048 2253 1305 2302 servitores
1329 2269 1442 2302 suos
1466 2253 1706 2313 scabellis,
1733 2268 1908 2300 conse-

107 2334 283 2384 derunt
310 2334 361 2383 in
389 2334 590 2382 modum
624 2334 810 2394 circuli,
849 2336 1249 2385 vicecancellario
1288 2337 1642 2402 campanellam
1671 2352 1823 2402 penes
1857 2352 1907 2383 se

106 2418 316 2468 habente
343 2418 393 2467 in
422 2419 758 2467 alioscahello
781 2435 796 2480 ;
823 2420 903 2468 ubi
935 2420 1112 2470 iterum
1153 2426 1476 2472 tractaverunt
1508 2439 1657 2488 super
1687 2420 1909 2486 capitulis

108 2503 282 2552 fiendis
303 2502 480 2552 utheri
500 2503 734 2552 fecerant.

174 2587 332 2636 Finita
371 2587 714 2648 collocutione,
759 2588 1028 2640 cardinales
1067 2591 1317 2641 redierunt
1355 2591 1414 2641 ad
1458 2591 1655 2641 cellulas
1697 2607 1824 2651 suas,
1865 2595 1912 2641 et

111 2673 334 2722 fecerunt
352 2672 625 2738 prandium,
651 2671 844 2735 quidam
867 2675 973 2736 soli,
999 2676 1078 2724 alii
1100 2693 1222 2725 unus
1251 2693 1362 2726 cum
1389 2678 1501 2738 alio,
1529 2682 1576 2726 et
1598 2677 1647 2726 in
1669 2676 1912 2741 aliquibus

114 2756 275 2822 plures
308 2756 469 2806 simul.
509 2760 712 2806 Peracto
751 2759 974 2822 prandio,
1011 2761 1158 2826 aliqui
1193 2763 1463 2813 cardinales
1498 2768 1766 2813 tractarunt
1799 2780 1912 2812 cum

115 2840 220 2890 aliis
269 2841 329 2889 de
369 2839 607 2890 electione
652 2841 762 2889 novi
808 2844 1051 2907 pontificis
1097 2846 1282 2908 fienda,
1336 2853 1598 2912 querentes
1648 2854 1695 2898 et
1745 2850 1915 2897 dantes

116 2924 292 2974 media.
350 2927 465 2975 Post
512 2927 723 2992 aliquam
780 2944 968 2977 moram
1034 2936 1366 2981 convenerunt
1414 2933 1591 2982 iterum
1648 2933 1916 2983 cardinales

117 3007 166 3057 in
205 3009 346 3059 tertia
384 3010 492 3060 aula
535 3013 779 3077 predicta,
824 3012 905 3062 ubi
945 3013 1140 3062 tandem
1187 3016 1536 3066 concluserunt
1584 3018 1793 3082 capitula
1832 3032 1919 3079 per

117 3091 333 3158 singulos
366 3094 520 3160 ipsos,
567 3101 614 3146 et
646 3098 864 3147 futurum
909 3097 1192 3162 pontificem
1235 3101 1586 3163 promittenda,
1628 3100 1836 3165 juranda
1870 3102 1918 3147 et

117 3174 343 3236 fovenda3
380 3184 662 3230 manserunt
692 3185 854 3230 autem
885 3181 1025 3229 simul
1048 3181 1095 3229 in
1126 3181 1219 3230 hac
1255 3184 1634 3248 congregatione
1667 3198 1821 3245 usque
1856 3182 1915 3230 ad

119 3262 332 3307 noctem.

187 3343 397 3392 Sabbato
421 3346 500 3405 28,
524 3347 707 3396 mensis
734 3348 939 3414 augusti,
966 3365 1156 3399 summo
1187 3364 1330 3397 mane
1361 3350 1641 3415 incipiente,
1672 3351 1835 3416 plures
1863 3367 1921 3398 ex

122 3428 314 3476 RRmis.
342 3430 442 3477 DD.
468 3431 792 3480 cardinalibus
820 3432 1128 3481 celebrarunt
1156 3431 1329 3480 missas
1358 3431 1405 3480 in
1436 3434 1620 3498 capella
1642 3450 1786 3499 parva
1806 3451 1919 3499 prc-
