2262 3958
137 310 242 350 [Aout
264 311 356 354 1484]
579 308 749 347 RERUM
774 309 1080 347 URBANARUM
1107 309 1458 348 COMMENTARII.
1873 313 1917 349 61

135 416 234 479 Ego
269 414 330 463 ad
371 412 547 462 ostium
583 413 738 477 prime
784 413 892 461 aule
926 413 1260 462 custodiebam
1303 414 1385 473 ita,
1433 414 1560 477 quod
1595 414 1722 463 inter
1760 415 1920 463 aulam

133 498 341 557 tertiam,
364 497 413 545 in
441 513 535 560 qua
562 497 965 562 congregationes
1000 496 1198 556 fiebant,
1233 502 1280 546 et
1307 514 1405 557 me,
1442 503 1546 547 erat
1573 498 1784 547 secunda
1811 499 1920 547 aula

129 581 306 641 media,
339 585 388 631 et
416 581 532 629 dum
567 597 646 630 me
675 597 847 630 vocare
879 580 1121 640 volebant,
1155 582 1506 645 campanellam
1539 583 1760 647 pulsabat
1798 599 1920 631 unus

129 669 179 714 et
201 666 325 714 alter
351 665 686 725 cardinalium,
726 664 872 728 aliqui
904 664 994 711 soli
1024 664 1074 711 in
1107 664 1292 714 cellulis
1326 666 1426 714 suis
1462 667 1800 727 comedebant,
1840 666 1921 716 alii

131 764 246 798 cum
265 748 372 798 aliis
393 765 448 809 11,
473 765 546 809 111,
573 764 647 796 1111
667 748 741 796 vel
762 747 926 811 plures
947 746 1108 795 simul.

196 835 397 882 Peracto
434 831 663 897 prandio,
706 831 783 878 die
825 829 1010 878 sabbati
1047 830 1266 894 predicta
1306 835 1366 879 28
1407 833 1612 896 augusti,
1646 835 1771 882 facte
1812 837 1922 882 sunt

131 916 318 966 diverse
355 915 570 980 practice
605 913 668 980 (1)
719 918 767 962 et
802 914 999 963 tandem
1041 931 1146 963 xvu
1183 916 1257 964 vel
1296 916 1444 977 circa,
1484 921 1776 966 RRmorum.
1814 922 1915 966 DD.

132 999 446 1050 cardinalium
467 1002 582 1047 vota
601 997 807 1046 adducta
827 998 877 1046 in
892 998 1106 1047 favorem
1119 1000 1243 1047 Rmi.
1261 1004 1318 1049 D.
1336 1001 1593 1050 cardinalis
1615 1002 1918 1061 Melfitensis,

129 1082 210 1148 qui
230 1082 280 1131 in
299 1085 444 1130 nocte
466 1081 704 1145 sequenti,
729 1085 839 1130 ante
860 1082 1032 1130 horam
1055 1087 1241 1133 sextam
1261 1086 1437 1146 noctis,
1457 1086 1638 1151 incepit
1659 1086 1707 1134 in
1729 1102 1923 1135 camera

130 1183 218 1218 sua
237 1166 429 1232 signare
452 1165 827 1230 supplicationes
850 1167 911 1215 ad
930 1167 1207 1218 instantiam
1229 1171 1547 1235 quorumdam
1575 1171 1917 1231 cardinalium;

129 1253 411 1319 genuflexus
434 1272 580 1321 super
598 1272 694 1304 uno
717 1273 861 1321 genu,
893 1255 1269 1320 supplicationes
1297 1270 1443 1319 super
1471 1255 1681 1318 quodam
1710 1255 1921 1304 forcerio

129 1341 241 1388 ante
274 1355 326 1388 se
357 1340 540 1405 positas
574 1340 813 1404 signabat,
848 1339 1171 1388 cardinalibus
1202 1338 1439 1402 aliquibus
1476 1338 1917 1397 circumstantibus,

129 1421 211 1486 qui
239 1422 513 1488 signaturas
539 1424 819 1489 hujusmodi
849 1425 1080 1488 petebant
1104 1426 1153 1472 et
1179 1423 1528 1487 expectabant3
1558 1421 1836 1487 supervenit
1862 1421 1922 1469 ad

128 1505 222 1555 hec
242 1509 408 1556 Rmus.
428 1509 485 1556 D.
502 1508 758 1557 cardinalis
781 1508 1028 1567 Senensis,
1047 1507 1128 1571 qui
1148 1507 1426 1572 hujusmodi
1443 1507 1605 1556 videns
1627 1505 1920 1555 subridendo

129 1589 247 1640 dixit
276 1607 288 1640 :
323 1611 346 1636 «
379 1591 554 1648 Questo
582 1608 637 1640 va
665 1609 694 1640 α
714 1608 912 1650 reverso,
947 1592 992 1640 el
1004 1608 1136 1655 papa
1164 1607 1220 1638 va
1248 1591 1492 1656 aequando
1522 1592 1572 1639 in
1594 1589 1916 1655 qinocchz'one,

127 1682 176 1745 e(
189 1675 271 1724 noi
289 1675 373 1724 che
393 1675 742 1735 domandiamo,
763 1677 930 1724 stiamo
951 1676 1066 1723 riltz'.
1096 1696 1118 1720 »

191 1758 448 1807 Dominica
468 1762 530 1807 29
551 1759 738 1824 augusti
758 1759 981 1823 predicti,
1007 1760 1132 1809 festo
1154 1760 1488 1810 decollationis
1519 1776 1556 1807 s.
1584 1761 1657 1806 Jo.
1685 1758 1916 1822 Baptiste‚

127 1857 317 1891 summo
343 1858 507 1903 mane,
543 1846 708 1892 Rmus.
754 1845 810 1891 D.
856 1843 1111 1892 cardinalis
1152 1862 1191 1893 s.
1231 1843 1381 1892 Marci
1422 1842 1682 1891 celebravit
1720 1841 1919 1890 missam

124 1925 356 1991 privatam
376 1942 464 1991 pro
485 1926 739 1975 devotione
774 1943 859 1975 sua
886 1926 936 1974 in
961 1943 1105 1991 parva
1134 1927 1369 1992 cappella,
1393 1931 1536 1992 prout
1557 1927 1703 1975 etiam
1732 1926 1919 1974 duobus

115 2009 437 2074 ,sequentibus
458 2010 666 2071 fecerat;
691 2011 866 2059 deinde
889 2010 1020 2059 circa
1039 2012 1212 2059 horam
1233 2011 1492 2070 decimam,
1518 2010 1743 2059 omnibus
1765 2009 1920 2058 cardi-

123 2093 311 2143 nalibus
331 2094 383 2143 in
408 2095 626 2160 cappella
650 2111 796 2160 parva
824 2096 1058 2159 predicta,
1089 2096 1137 2143 in
1166 2095 1263 2143 suis
1291 2095 1534 2159 capucciis
1556 2099 1604 2143 et
1631 2094 1839 2143 croculis
1861 2109 1918 2141 ac

122 2177 250 2237 heri,
282 2178 451 2227 ordine
484 2178 643 2243 posito
677 2178 931 2239 stantibus,
974 2179 1174 2228 sacrista
1210 2182 1379 2226 noster
1418 2177 1678 2225 celebravit
1719 2177 1918 2224 missam

124 2260 327 2325 Spiritus
350 2261 502 2310 sancti
525 2278 635 2310 cum
656 2263 1140 2321 commemoratione,
1171 2265 1222 2310 ut
1250 2261 1376 2320 heri,
1409 2277 1504 2324 qua
1530 2260 1667 2308 finita
1692 2275 1919 2324 prepara-

120 2344 273 2394 vimus
292 2361 488 2410 parvam
518 2362 738 2395 mensam
766 2351 814 2396 et
844 2347 1056 2396 scabella
1085 2363 1195 2397 cum
1217 2347 1317 2396 suis
1345 2345 1629 2404 attinentiiS,
1652 2343 1845 2402 utheri,
1870 2347 1918 2391 et

121 2428 343 2478 eamdem
383 2430 652 2494 cappellam
692 2430 924 2479 exivimus
965 2446 1160 2492 omneS,
1204 2431 1530 2480 cardinalibus
1576 2429 1690 2477 solis
1735 2427 1915 2475 ibidem

119 2511 330 2560 dimissis
356 2516 404 2561 et
437 2513 661 2578 omnibus
696 2515 1000 2564 conclavistis
1033 2515 1083 2563 in
1116 2516 1335 2580 cappella
1365 2515 1556 2578 majore
1578 2512 1797 2563 reclusis.
1825 2512 1914 2569 Qui

118 2595 314 2645 interim
341 2612 420 2646 res
452 2613 562 2646 suas
594 2603 990 2663 composuerunt,
1027 2615 1246 2648 cameras
1287 2599 1644 2647 demandarunt
1685 2600 1732 2646 et
1754 2596 1917 2645 omnia

120 2695 204 2728 sua
226 2680 367 2729 simul
393 2680 567 2746 singuli
595 2682 914 2748 collegerunt,
945 2684 1160 2748 exceptis
1189 2683 1494 2732 conclavistis
1521 2681 1806 2731 Melfitensis
1834 2679 1914 2743 qui

120 2779 365 2812 cameram
417 2764 600 2813 domini
655 2766 727 2820 sui
781 2783 891 2816 cum
942 2767 1084 2816 bonis
1142 2767 1544 2816 conclavistarum
1595 2765 1909 2830 reliquerunt.

120 2847 396 2920 Cardinales
427 2848 478 2896 in
521 2850 740 2913 cappella
770 2866 915 2915 parva
944 2851 1165 2900 fecerunt
1205 2851 1509 2911 scrutinium,
1545 2854 1596 2899 ut
1627 2849 1751 2908 heri,
1786 2848 1916 2896 nulla

119 2933 282 2980 tamen
315 2931 374 2980 de
411 2931 693 2981 accessione
738 2933 987 2984 mentione
1021 2935 1164 2983 facta.
1202 2937 1349 2984 Facto
1386 2934 1637 2993 scrutinio,
1672 2935 1914 2996 repertum

118 3017 194 3063 est
226 3016 414 3064 Rmum.
448 3017 507 3064 D.
540 3016 812 3066 ,Iohannem
844 3017 916 3065 tit.
957 3033 997 3065 S.
1031 3018 1207 3067 Cecilie
1244 3020 1583 3084 presbyterum
1620 3015 1914 3066 cardinalem

115 3097 439 3148 Melfitensem
457 3100 783 3165 competentia
802 3104 911 3150 vota
935 3101 1136 3161 habere,
1161 3106 1420 3167 propterea
1441 3102 1571 3150 idem
1599 3101 1658 3149 ab
1688 3098 1910 3147 omnibus

165 3269 200 3308 1.
229 3269 298 3308 Ces
317 3269 502 3318 pratiques
521 3283 594 3320 que
614 3272 806 3310 Burchard
825 3284 871 3310 ne
902 3264 982 3310 fait*
996 3285 1068 3322 que
1099 3272 1330 3309 mentionner
1361 3274 1448 3308 sont
1467 3271 1578 3308 mises
1610 3282 1655 3308 en
1676 3270 1826 3308 lumiere
1846 3281 1911 3319 par

117 3330 305 3368 Infessura
320 3329 429 3378 (dans
444 3331 613 3375 Eceard„
630 3337 658 3371 t.
685 3333 732 3378 II,
751 3332 821 3370 col.
845 3333 954 3380 1997)
972 3338 1009 3370 et
1028 3332 1244 3370 confirmees
1271 3343 1337 3379 par
1357 3331 1409 3367 les
1436 3331 1617 3379 depeches
1631 3331 1698 3368 des
1719 3330 1913 3368 ambassa-

116 3390 240 3428 deurs.
279 3389 389 3439 (Voy.
417 3390 609 3428 Petrucelli
633 3392 728 3430 della
756 3393 917 3438 Gattina,
952 3394 1058 3430 Hist.
1084 3393 1288 3438 diplomat.
1320 3392 1382 3427 des
1406 3391 1625 3429 Conclaves.
1656 3390 1776 3438 Paris,
1800 3391 1907 3432 1864,

116 3451 138 3487 4
158 3451 228 3488 vol.
246 3451 341 3496 in-8,
363 3453 391 3487 t.
409 3450 437 3494 I,
459 3462 496 3498 p.
518 3449 590 3486 297
606 3455 642 3488 et
661 3452 864 3497 suivantes,
886 3457 922 3490 et
942 3455 964 3490 a
980 3451 1220 3501 l'Appendice
1240 3450 1293 3489 les
1313 3458 1371 3490 no*
1394 3451 1437 3488 13
1458 3453 1480 3489 a
1505 3451 1582 3500 25.)
