2262 3958
2203 0 2262 310 1

364 311 435 347 382
658 353 660 355 v
970 305 1203 348 JOHANNIS
1235 304 1527 351 BURCHARDI,
1865 307 2019 349 [Janvier
2037 309 2130 352 14⁹⁰]
2199 346 2206 351 ,

431 410 609 459 Eadem
642 408 736 469 die,
770 412 788 455 1
831 407 1049 472 januarii,
1086 406 1180 455 feci
1212 406 1469 470 prandium
1499 421 1609 455 cum
1629 407 1933 457 cubiculariis
1969 425 2141 459 secre-‘

366 495 453 552 tis3
488 498 535 542 et
561 495 757 556 peracto
783 490 1002 555 prandi0‚
1035 489 1217 542 ostensi
1236 506 1399 538 versus
1426 489 1669 554 predictos
1694 507 1803 540 cum
1834 492 2131 542 orationibus

367 580 450 625 SS.
475 579 532 624 D.
555 578 594 624 N
603 613 634 635 .,
659 574 739 638 qui
761 590 821 623 ex
847 573 1060 623 versibus
1082 573 1228 636 elegit
1247 573 1455 638 primum
1488 572 1710 622 videlicet
1735 591 1911 640 mayna
1931 584 1978 624 et
1993 576 2136 624 mira-

368 659 476 706 bilia
511 666 618 718 ete.‚
659 657 869 716 tertium,
901 656 1160 716 decimum,
1196 656 1521 716 undecimum,
1561 656 1801 706 decimum
1827 664 2054 722 quartum
2085 662 2134 708 et

368 741 627 789 secundam
648 741 933 801 orationem,
951 739 1169 789 videlicet
1189 740 1476 805 omnipotens
1490 741 1764 806 sempiterne
1782 742 1906 790 Deus
1923 742 1972 790 in
1991 742 2132 806 eujus

366 840 530 884 mame,
558 831 663 883 ete„
698 824 900 873 dicenda
919 827 971 871 ut
998 839 1164 887 supra3
1202 828 1250 872 et
1284 824 1394 887 quia
1427 827 1484 873 D.
1510 824 1852 884 Bernardinus,
1877 824 2132 890 episcopus

368 907 611 968 PacensiS,
637 908 763 972 regis
786 907 1012 972 Hispanie
1034 911 1196 956 orator
1217 906 1301 973 (1),
1323 907 1521 956 missam
1539 908 1665 956 dicta
1691 907 1767 955 die
1785 907 2128 968 celebraturus,

366 992 627 1041 notificavit
646 991 764 1040 mihi
783 993 867 1040 SS.
894 993 950 1039 D.
966 993 1022 1039 N.
1046 989 1344 1039 concessisse
1367 991 1496 1053 quod
1514 990 1563 1038 in
1584 990 1711 1039 dicta
1732 990 1881 1039 missa
1909 1005 2055 1055 quam
2073 990 2133 1040 de

366 1079 533 1124 octava
552 1056 705 1125 sancti
725 1079 748 1124 J
754 1074 956 1123 ohannis
984 1073 1274 1138 evangeliste
1296 1073 1529 1122 celebrari
1551 1074 1746 1134 debere,
1771 1073 1984 1123 ordinavi
2021 1089 2133 1122 cum

366 1158 825 1208 commemoratione
858 1156 1124 1206 Innocentii
1164 1156 1315 1206 octavi
1354 1160 1402 1205 et
1436 1158 1651 1207 oratione
1697 1157 1822 1207 Deus
1850 1157 1933 1222 qui
1968 1157 2133 1206 salutis

367 1250 536 1303 eterne,
561 1246 702 1306 prout
735 1241 784 1290 in
817 1242 1077 1302 ordinario,
1104 1243 1348 1292 diceretur
1368 1247 1536 1307 quarta
1557 1243 1708 1292 oratio
1729 1257 1818 1306 pro
1838 1241 1943 1305 ipso
1970 1240 2133 1305 ponti-

367 1327 459 1374 fice
487 1329 535 1375 et
554 1325 719 1389 quinta
731 1341 818 1390 pro
842 1341 955 1390 rege
977 1331 1024 1375 et
1044 1327 1210 1391 regina
1231 1326 1459 1391 Hispanie
1481 1343 1491 1374 :
1515 1326 1610 1374 dixi
1632 1327 1715 1375 SS.
1733 1328 1790 1373 D.
1804 1326 1862 1373 N.
1880 1323 1929 1371 in
1950 1323 2134 1388 capella

367 1409 706 1458 inconsuetum
742 1409 939 1458 omnino
980 1425 1085 1458 esse
1126 1414 1174 1458 et
1207 1414 1370 1474 preter
1407 1410 1585 1458 bonam
1617 1408 1873 1467 rationem,
1897 1422 1984 1471 pro
2011 1422 2134 1470 quo-

367 1509 572 1557 cumque
594 1509 726 1558 rege,
751 1492 895 1542 etiam
915 1492 1205 1558 imperatore
1220 1497 1302 1541 aut
1317 1508 1618 1557 quocumque
1637 1493 1748 1553 6110,
1771 1506 1859 1556 per
1873 1489 2131 1555 specialem

369 1575 638 1625 orationem
659 1574 926 1639 deprecari,
948 1575 1142 1639 dempto
1164 1574 1323 1624 officio
1346 1575 1439 1623 diei
1456 1575 1648 1624 veneris
1670 1574 1822 1624 sancti
1843 1591 1854 1623 ε
1877 1577 2134 1639 propterea

368 1658 709 1708 inconveniens
731 1674 836 1708 esse
858 1659 987 1723 quod
1005 1658 1222 1723 predicta
1244 1658 1395 1707 oratio
1410 1674 1497 1723 pro
1518 1658 1854 1723 Hispaniarum
1872 1674 1987 1724 rege
2008 1657 2134 1709 dica-

367 1747 460 1791 tur.
496 1742 763 1806 Respondit
784 1742 1020 1791 Sanctitas
1049 1758 1135 1790 sua
1166 1740 1295 1790 idem
1326 1740 1415 1789 sibi
1441 1741 1608 1801 videri,
1633 1745 1681 1790 et
1699 1757 1798 1790 non
1830 1741 2132 1792 concessisse

366 1826 495 1889 quod
543 1826 745 1885 dicatur,
785 1826 869 1874 sed
897 1825 1073 1874 oratori
1111 1823 1412 1874 commisisse
1452 1824 1581 1888 quod
1626 1841 1770 1889 super
1807 1825 1900 1875 hoc
1937 1841 2128 1875 mecum

365 2002 429 2040 des
454 2002 615 2048 Maures,
634 2001 750 2039 arrive
767 2004 788 2039 a
812 2001 848 2039 la
866 2001 963 2050 prise
991 2002 1035 2039 de
1062 2002 1171 2048 Baza,
1190 2003 1418 2040 inutilement
1443 2003 1609 2052 assiegee
1628 2015 1694 2052 par
1717 2003 1771 2040 les
1799 2003 2020 2052 Espagnols‚
2039 2003 2132 2042 mais

364 2062 504 2099 bientot
522 2061 661 2099 reduite
682 2064 703 2098 a
721 2061 757 2098 la
770 2061 989 2099 soumission
1008 2074 1074 2110 par
1090 2061 1250 2099 l’arrivee
1269 2063 1313 2099 de
1328 2063 1362 2098 la
1381 2061 1480 2098 reine
1495 2065 1665 2098 amenant
1677 2062 1722 2098 de
1742 2073 1936 2100 nouveaux
1949 2063 2104 2101 renforts
2121 2075 2130 2100 ε

413 2137 432 2156 «ι
453 2123 506 2159 Ν6
525 2121 600 2168 isti,
617 2121 748 2170 inquit,
776 2122 1005 2159 retardarent
1024 2121 1224 2168 victoriam,
1247 2121 1291 2158 de
1311 2120 1532 2158 Ferdinandi
1551 2121 1650 2169 regis
1665 2121 1964 2160 Christianissimi
1981 2122 2132 2160 consilio

364 2185 401 2219 et
430 2192 600 2226 assensu,
622 2192 812 2218 occurrere
842 2181 1003 2218 decrevit
1028 2181 1260 2219 serenissima
1288 2180 1433 2218 domina
1457 2180 1585 2228 regina
1615 2179 1803 2218 Elisabeth
1834 2181 2059 2220 descendens
2087 2193 2134 2220 ex

365 2239 516 2278 Giennio
539 2252 621 2277 cum
639 2252 733 2278 novo
753 2240 885 2286 milite„
905 2241 1148 2290 applicuitque
1173 2242 1219 2277 ad
1237 2244 1359 2278 castra
1387 2245 1515 2277 octava
1534 2239 1759 2286 Novembris,
1780 2253 1863 2290 quae
1888 2242 2047 2280 adventu
2065 2253 2133 2280 suo

363 2304 399 2337 et
417 2299 552 2338 nostris
571 2300 752 2348 patientiae
771 2299 949 2349 hyemalis
972 2300 1075 2337 facile
1096 2301 1253 2337 animum
1269 2300 1381 2346 dedit,
1403 2299 1571 2337 hostibus
1590 2311 1675 2337 vero
1690 2311 1832 2337 0111116111
1852 2312 1953 2349 spem
1971 2300 2132 2339 levandae

363 2359 562 2396 obsidionis
583 2360 651 2396 sub
672 2372 743 2408 qua
769 2359 979 2406 tuebantur,
1002 2359 1135 2397 ademit
1154 2371 1164 2396 ι
1185 2371 1257 2408 quo
1278 2359 1332 2406 fit,
1362 2363 1402 2395 ut
1422 2359 1543 2395 statim
1572 2359 1730 2396 adventu
1760 2370 1827 2396 suo
1856 2360 2076 2398 consternati
2097 2365 2134 2398 et

364 2418 499 2467 stupidi
518 2419 677 2456 hostium
708 2418 819 2455 animi
846 2430 921 2456 non
959 2419 1004 2456 de
1036 2418 1159 2464 armis,
1181 2419 1246 2455 sed
1271 2419 1316 2454 de
1345 2417 1499 2453 induciis
1531 2421 1567 2454 et
1603 2418 1719 2465 pactis
1746 2418 1960 2466 cogitarent,
1986 2417 2133 2467 incepe-

363 2481 520 2525 runtque
547 2477 741 2514 deditionis
769 2481 962 2515 tractatum
991 2477 1050 2515 die
1082 2476 1295 2514 Novembris
1315 2477 1379 2519 XI,
1403 2476 1508 2513 tertia
1537 2476 1704 2513 videlicet
1728 2481 1812 2525 post.
1829 2476 1944 2525 ipsius
1978 2476 2131 2526 Regina>
2168 2519 2174 2522 .

363 2537 569 2582 adventum,
599 2536 868 2581 concluserunt,
888 2537 1017 2585 viginti
1036 2537 1130 2574 datis
1151 2535 1259 2573 etiam
1278 2534 1482 2580 obsidibus,
1497 2546 1538 2571 ac
1558 2539 1687 2583 quarta
1706 2535 1914 2574 Decembris
1928 2536 1986 2574 die
2001 2537 2132 2574 felicis-

364 2595 455 2633 sima
472 2595 611 2633 Natalis
631 2594 764 2633 Christi
782 2595 1071 2633 MCDLXXXIX
1104 2595 1294 2633 civitanem
1320 2595 1437 2640 Baeae,
1457 2594 1542 2631 olim
1561 2606 1766 2643 pugnacem
1791 2599 1828 2632 et
1853 2596 2020 2643 ferocem,
2041 2595 2131 2634 libe-

363 2666 441 2693 ram
463 2658 500 2692 et
518 2654 722 2704 expeditam
740 2655 867 2703 Regiae
890 2655 1017 2692 ditioni
1042 2654 1276 2703 reliquerunt.
1299 2653 1488 2691 Concessit
1506 2658 1628 2691 tamen
1656 2653 1758 2703 regia
1777 2654 1967 2692 clementia
1990 2654 2132 2693 civibus

364 2714 591 2753 Bacensibus
611 2714 812 2752 libertatem
831 2714 1011 2752 incolendi
1030 2718 1065 2752 et
1078 2714 1280 2760 habitandi,
1302 2714 1371 2750 sub
1390 2713 1491 2761 regia
1511 2716 1631 2750 tamen
1646 2713 1833 2760 servitute,
1852 2714 1954 2752 villas
1973 2718 2008 2752 et
2021 2725 2130 2764 agros

363 2774 400 2811 in
419 2774 633 2824 propinquis
653 2774 770 2823 planis
791 2774 1035 2812 consistentes
1055 2786 1063 2811 :
1084 2774 1316 2823 cupientibus
1343 2785 1428 2811 vero
1454 2772 1611 2810 Africam
1630 2774 1687 2811 vel
1707 2773 1776 2811 alia
1801 2774 1879 2811 loca
1902 2779 2027 2823 petere
2049 2786 2133 2813 cum

362 2833 419 2871 his
441 2834 557 2871 solum
581 2833 687 2871 bonis
717 2846 798 2882 quae
824 2834 985 2871 humeris
1014 2838 1201 2882 asportare
1220 2834 1440 2883 potuissent,
1473 2834 1653 2883 armisque
1678 2834 1854 2882 dimissis,
1870 2835 1994 2872 vlibere
2019 2835 2132 2873 facul-

363 2897 475 2931 tatem
493 2893 668 2942 permisit.
684 2893 819 2930 Civitas
839 2905 983 2941 quoque
1004 2893 1203 2931 Purchenae
1224 2894 1376 2931 duorum
1397 2894 1547 2931 millium
1571 2894 1715 2937 civium,
1736 2893 1863 2931 civitas
1886 2894 2131 2932 Tabernarum

363 2953 471 2999 mille,
493 2965 536 2990 ac
554 2952 695 2990 celebre
715 2952 885 3001 oppidum
900 2952 1031 3000 Seron,
1053 2953 1242 3001 antiquum
1264 2953 1541 2991 Granatensium
1561 2953 1807 3002 gymnasium,
1823 2953 1945 2990 omnia
1960 2958 2132 2991 montana

364 3013 409 3049 de
433 3013 592 3050 Vacares
621 3016 658 3049 et
679 3012 724 3049 de
753 3012 915 3049 Filabres
943 3024 985 3049 ac
1018 3012 1186 3050 universa
1204 3013 1284 3062 ripa
1304 3012 1463 3049 fluminis
1482 3013 1704 3049 Almanzorae
1726 3025 1810 3049 cum
1829 3012 1952 3050 multis
1973 3012 2128 3062 oppidis,

363 3072 492 3109 castris
518 3076 554 3109 et
580 3071 724 3109 arcibus
751 3071 1001 3120 adjacentibus
1027 3072 1148 3109 omnia
1172 3072 1263 3119 haec,
1293 3083 1375 3120 quae
1401 3083 1552 3109 numero
1578 3075 1612 3109 et
1642 3071 1939 3110 exterminatione
1958 3072 2071 3110 multa
2095 3075 2132 3110 et

363 3143 510 3180 magna,
531 3142 604 3168 uno
621 3134 657 3168 et
675 3131 832 3168 maxima
846 3135 943 3177 sunt,
966 3143 988 3168 a
1006 3131 1121 3180 prima
1134 3131 1342 3168 Decembris
1364 3142 1480 3179 usque
1496 3131 1543 3167 ad
1562 3135 1726 3168 octavam
1745 3130 1782 3168 in
1801 3131 1939 3181 regiam
1961 3130 2132 3168 ditionem

362 3194 615 3236 pervenerunt.
639 3204 658 3223 »
681 3188 889 3238 (Ray-nami,
910 3193 938 3227 t.
954 3190 1071 3231 XXX,
1093 3201 1129 3238 p.
1148 3190 1245 3238 168.)

412 3251 445 3284 1.
475 3249 676 3286 Bernardin
694 3249 740 3286 de
759 3247 938 3296 CarJaval‚
958 3251 1004 3285 ne
1024 3251 1045 3286 a
1063 3248 1249 3286 Placentia
1267 3260 1312 3286 en
1329 3250 1436 3295 1456,
1457 3250 1542 3287 etait
1560 3261 1656 3287 venu
1673 3253 1753 3287 tout
1767 3249 1878 3298 jeune
1898 3252 1919 3287 a
1936 3249 2051 3288 Rome
2071 3261 2082 3286 ε
2102 3249 2127 3286 11

362 3307 416 3344 fut
433 3308 603 3345 camerier
621 3309 666 3345 de
686 3308 788 3346 Sixte
807 3307 871 3345 IV.
893 3308 1103 3345 Ambitieux
1121 3312 1157 3346 et
1174 3309 1272 3356 actif,
1293 3309 1317 3345 il
1336 3309 1389 3346 sut
1407 3311 1550 3345 nomme
1567 3320 1631 3357 par
1649 3320 1715 3345 son
1736 3308 1926 3345 souverain
1939 3309 2128 3346 ambassa-

362 3365 450 3402 deur
474 3367 680 3416 d‘Espagne
707 3370 790 3416 pres
822 3367 857 3404 la
876 3379 963 3405 cour
993 3368 1038 3404 de
1066 3367 1192 3405 Rome.
1220 3368 1304 3406 Plus
1331 3368 1425 3414 tard,
1447 3368 1649 3405 Alexandre
1674 3368 1724 3405 VI
1739 3368 1770 3404 le
1787 3379 1931 3405 nomma
1953 3365 2127 3412 cardinal,

362 3435 407 3460 en
424 3426 527 3461 1493.
