2262 3958
369 326 437 360 488
968 324 986 359 J
991 322 1196 359 OHANNIS
1231 322 1519 368 BURCHARDI,
1922 324 1952 370 [J
1959 329 2018 361 uin
2038 324 2126 367 1492]

369 425 567 472 dimisso
585 425 744 473 medio
765 425 934 488 spatio,
960 425 1008 471 in
1037 424 1229 487 paribus
1255 423 1476 471 scabellis
1503 425 1728 475 sederunt
1760 426 2014 474 Theodora
2032 423 2130 472 filia

368 511 513 572 Pape,
538 511 729 557 Peretta
753 509 855 570 ejus
883 507 998 566 filia,
1026 508 1291 571 Baptistina
1311 522 1485 570 sponsa
1512 508 1657 556 etiam
1678 509 1780 572 ejus
1802 509 1914 568 filia,
1939 506 2131 571 Magda-

368 592 478 639 lena
497 591 595 638 filia
615 591 855 653 quondam
879 591 1121 638 Laurentii
1144 591 1353 639 Medices
1380 608 1499 639 uxor
1528 591 1613 639 filii
1648 595 1792 656 Pape,
1825 595 1872 638 et
1892 594 1999 653 post
2022 604 2127 637 eam

369 673 518 721 multe
552 673 641 720 alie
670 673 896 721 mulieres
931 690 940 721 :
968 678 1075 736 post
1103 674 1371 738 principem
1405 677 1581 738 Capue,
1618 675 1839 726 videlicet
1869 695 1897 727 a
1929 681 2130 730 sinistris

370 760 515 819 Pape,
547 760 781 804 steterunt
807 756 1013 804 Aloisius
1036 757 1094 804 de
1121 758 1361 820 Aragonia
1380 757 1596 805 marchio
1619 758 1888 808 Giracensis
1906 775 2127 825 sponsuS‚

369 841 464 889 dux
510 841 893 904 Amalphitanus,
935 841 1217 888 Franciscus
1252 841 1386 900 Cibo,
1428 841 1553 888 filius
1593 844 1738 904 Pape,
1785 847 1832 891 et
1879 844 2014 892 multi
2052 845 2131 893 alii

366 924 572 972 barones
616 923 802 972 nobiles
850 938 1052 971 numero
1092 940 1151 971 x1,
1196 924 1270 971 vel
1321 924 1463 972 circa.
1515 927 1659 972 Facto
1703 925 1915 986 silentio,
1967 930 2022 975 R.
2071 931 2128 976 D.

366 1007 608 1055 ‚lohannes
637 1006 1028 1069 archiepiscopus
1066 1007 1350 1070 Ragusinus,
1393 1007 1621 1067 datarius,
1659 1023 1822 1055 coram
1855 1011 1937 1057 SS.
1978 1012 2034 1058 D.
2073 1012 2128 1059 N.

365 1105 490 1153 papa
510 1090 807 1152 genuflexus,
828 1089 1126 1138 convenienti
1147 1090 1372 1138 distantia
1389 1090 1589 1137 duarum
1611 1106 1870 1138 cannarum
1890 1091 1964 1140 vel
1985 1092 2129 1150 circa,

368 1171 481 1218 fecit
520 1171 715 1219 brevem
746 1171 1094 1219 oratiunculam
1135 1187 1229 1234 qua
1261 1172 1608 1221 institutionem
1648 1175 1935 1223 sacramenti
1974 1176 2135 1224 matri-

368 1252 518 1299 monii
540 1257 587 1300 et
611 1252 735 1299 illius
776 1252 1059 1315 dignitatem
1096 1254 1356 1316 expressit3
1396 1270 1488 1316 qua
1517 1255 1659 1313 sacta,
1693 1256 1900 1304 surrexit
1928 1260 2057 1304 stans
2085 1257 2133 1304 in

369 1334 541 1382 eodem
586 1335 712 1394 loco,
750 1340 796 1383 et
829 1350 1089 1382 conversus
1114 1335 1173 1382 ad
1199 1335 1323 1382 illus.
1358 1338 1414 1382 D.
1451 1336 1749 1399 Alphonsum
1784 1337 1843 1385 de
1873 1338 2129 1401 Aragonia,

365 1418 562 1465 fratrem
584 1418 926 1465 consobrinum
948 1417 1177 1481 principis
1199 1420 1375 1481 Capue,
1407 1418 1522 1466 dixit
1548 1418 1829 1482 hujusmodi
1860 1419 1935 1467 vel
1962 1419 2136 1468 similia

364 1502 509 1550 verba
534 1521 542 1549 :
568 1501 866 1549 Illustissz'mo
895 1501 1003 1548 Don
1028 1500 1178 1564 chiyz'
1209 1498 1264 1548 de
1288 1501 1555 1565 Araqom'a,
1587 1501 1727 1548 volete
1756 1502 1828 1549 voi
1853 1501 2021 1550 havere
2043 1518 2136 1566 per

366 1592 516 1631 vostra
537 1585 764 1648 leyz‘ttima
784 1600 918 1647 Sposa
940 1592 985 1631 et
1002 1584 1171 1648 moylz'e
1199 1585 1244 1631 la
1263 1584 1589 1632 Illustrz'ssz'ma
1616 1584 1852 1632 madomza
1878 1585 2134 1633 Battistina

370 1667 482 1714 Cibo
510 1668 592 1731 qui
614 1671 857 1730 presente?
897 1667 985 1723 Qui
1018 1667 1243 1715 adstatim
1277 1666 1522 1731 respondit
1548 1682 1557 1714 :
1579 1666 1746 1730 voylz'o.
1769 1669 2002 1716 Reversus
2021 1672 2133 1715 tunc

365 1743 757 1814 archiepiscopus
779 1750 839 1797 ad
859 1750 1191 1813 Baptistinam,
1207 1750 1324 1798 dixit
1350 1768 1358 1796 :
1379 1750 1706 1798 Illzcstrz‘ssima
1718 1750 1972 1811 madorma,
1991 1751 2132 1799 volete

365 1834 437 1879 voi
462 1833 628 1880 havere
656 1849 744 1895 per
772 1841 920 1879 vostro
952 1833 1177 1895 leqz'ttimo
1206 1848 1336 1896 sposo
1369 1840 1415 1880 et
1445 1834 1612 1884 marito
1644 1833 2001 1881 Plllustrz'ssimo
2039 1833 2131 1883 don

361 1915 510 1979 chiyz'
531 1915 828 1978 cl'Arayonz'a
849 1915 932 1978 qui
949 1919 1196 1978 presente?
1220 1915 1294 1962 Ad
1315 1930 1407 1978 que
1435 1915 1580 1963 verba
1606 1915 1687 1963 illa
1714 1915 1834 1962 nihil
1861 1915 2127 1980 respondit,

365 1999 450 2047 sed
471 1999 711 2061 replicatis
729 2014 815 2061 per
832 1998 989 2061 ipsum
1006 1998 1423 2062 archiepiscopum
1438 1998 1627 2047 eisdem
1638 1984 1814 2055 verbiS,
1839 1999 2087 2062 respondit
2114 2016 2124 2047 :

363 2083 531 2145 voqlz'o.
552 2084 680 2129 Tunc
703 2086 1009 2130 accesserunt
1030 2081 1090 2128 ad
1100 2082 1379 2146 pontificem
1399 2098 1600 2144 sponsus
1623 2086 1670 2130 et
1682 2097 1873 2145 sponsa,
1899 2085 1946 2130 et
1967 2096 2132 2130 coram

364 2181 420 2212 eo
443 2165 701 2228 genuflexi,
728 2181 931 2229 sponsus
953 2166 1181 2230 imposuit
1203 2166 1435 2214 annulum
1458 2164 1792 2229 sponsalitium
1815 2164 1963 2227 digito
1984 2180 2135 2212 annu-

362 2248 449 2294 lari
472 2248 661 2296 sinistre
681 2264 850 2296 manus
873 2265 1066 2312 sponse,
1093 2249 1264 2297 deinde
1287 2249 1487 2296 annulos
1514 2248 1690 2296 multos
1718 2247 1878 2310 digitis
1906 2246 2127 2311 ejusdem

362 2334 408 2377 et
429 2330 624 2378 alterius
649 2330 844 2379 dextere
866 2332 1088 2381 videlicet
1110 2332 1330 2395 ejusdem
1355 2346 1548 2395 sponse,
1575 2346 1694 2394 quos
1711 2330 1956 2380 Johannes
1975 2331 2128 2379 Jovia-

363 2427 450 2458 nus
484 2414 745 2470 Pontanus,
779 2414 1074 2461 serenissimi
1110 2414 1237 2477 regis
1270 2413 1570 2476 Neapolitani
1598 2414 1783 2477 primus
1823 2415 2126 2473 secretarius,

362 2492 428 2538 illi
458 2493 789 2541 ministrabat:
817 2511 909 2557 quo
943 2495 1087 2554 facto,
1120 2511 1322 2558 sponsus
1344 2495 1517 2558 primo,
1548 2495 1721 2543 deinde
1750 2511 1926 2558 sponsa
1949 2495 2124 2559 pedem

360 2578 490 2637 ,Pape
513 2580 621 2623 sunt
651 2576 900 2635 obsculati,
932 2582 977 2625 et
1007 2594 1208 2641 sponsus
1238 2594 1289 2625 se
1315 2566 1523 2640 erigens,
1557 2578 1701 2625 etiam
1729 2593 1955 2641 sponsam
1983 2594 2124 2627 oscu-

360 2657 483 2704 latus
514 2662 609 2715 est;
641 2674 732 2720 que
760 2659 932 2707 deinde
961 2660 1021 2707 ad
1043 2661 1202 2707 locum
1237 2676 1374 2708 suum
1402 2676 1608 2720 reversa,
1647 2660 1768 2709 sedit
1791 2665 1838 2708 et
1858 2661 1994 2724 juxta
2019 2677 2126 2710 eam

362 2755 567 2802 sponsus
598 2757 607 2788 :
647 2741 851 2789 surrexit
881 2740 1054 2790 deinde
1090 2741 1321 2804 pontifex,
1359 2746 1406 2790 et
1442 2741 1502 2789 ad
1528 2747 1770 2790 cameram
1797 2757 1932 2790 suam
1966 2742 2123 2801 rediit,

361 2824 581 2872 similite1
602 2830 648 2872 et
669 2824 747 2871 alii
775 2839 942 2872 omnes
965 2824 1025 2872 ad
1044 2824 1151 2871 loca
1168 2840 1254 2871 sua
1272 2824 1565 2873 diverterunt
1588 2823 1668 2888 (1).

425 2907 563 2955 Feria
584 2908 813 2967 secunda,
840 2912 867 2954 4
895 2908 1008 2956 dicti
1036 2908 1216 2956 mensis
1232 2908 1371 2971 junii,
1401 2908 1488 2955 fuit
1521 2912 1761 2956 secretum
1785 2903 2124 2967 consistorium

361 2991 407 3037 in
442 3007 535 3053 quo
572 2992 701 3039 Illus.
737 2991 960 3055 princeps
993 2994 1149 3055 Capue
1182 2991 1270 3039 fuit
1304 2991 1362 3039 de
1396 3006 1543 3055 regno
1575 2990 1732 3038 Sicilie
1762 2990 2008 3038 investitus
2038 2982 2127 3053 per

360 3073 613 3122 decessum
634 3075 868 3138 Alphonsi
890 3074 1022 3122 ducis
1046 3074 1279 3133 Calabrie,
1310 3077 1562 3137 postquam
1593 3074 1727 3121 illum
1748 3074 1995 3120 assecutus
2015 3069 2118 3125 fuit,

359 3161 455 3215 aut,
475 3157 579 3220 ipso
600 3158 946 3221 premoriente,
970 3174 1057 3222 per
1078 3158 1331 3205 decessum
1348 3155 1476 3219 regis
1498 3156 1785 3203 Ferdinandi
1808 3154 1886 3220 (2).

409 3305 441 3340 1.
471 3303 519 3339 Le
542 3303 594 3339 roi
615 3303 817 3341 Ferdinand
846 3305 995 3341 adressa
1015 3316 1059 3341 au
1085 3304 1184 3353 Papo
1210 3315 1280 3340 une
1300 3303 1403 3340 lettre
1434 3303 1477 3339 de
1502 3304 1792 3340 remerciements
1813 3306 1833 3341 a
1858 3302 2051 3340 l'occasion
2077 3301 2121 3337 de

360 3372 401 3396 ce
419 3362 589 3408 mariage.
614 3362 704 3410 Voy.
727 3363 935 3408 Trinchera‚
949 3364 1081 3400 Codice
1097 3364 1329 3409 Araqonese,
1349 3362 1419 3398 vol.
1443 3362 1490 3403 II,
1512 3369 1554 3397 n⁰
1570 3363 1663 3408 XLI,
1687 3374 1780 3411 page
1801 3363 1860 3399 43.

403 3421 443 3456 2.
475 3419 576 3456 Cette
596 3422 762 3458 nouvelle
780 3422 992 3460 investiture
1017 3424 1067 3459 du
1086 3433 1259 3470 royaume
1278 3422 1322 3458 de
1349 3420 1457 3458 Sicile
1480 3421 1567 3458 etait
1586 3422 1812 3467 neeessair23
1835 3424 2009 3459 Innocent
2028 3419 2110 3456 VIII
