2262 3958
401 319 470 353 448
1005 322 1236 359 JOHANNlS
1269 324 1563 371 BURCHARDI,
1953 328 2059 368 [Mars
2084 303 2172 370 ¹492]

399 420 583 468 dinales
611 427 844 470 venerunt
870 424 930 471 ad
956 424 1190 472 circulum
1217 425 1277 473 ad
1303 425 1565 484 introitum,
1589 427 1791 477 Sanctus
1820 434 1867 478 et
1886 430 1930 477 A
1937 445 2063 493 ymas
2080 429 2172 478 Dei

400 509 445 551 et
468 504 560 551 alia
580 504 742 551 omnia
762 520 896 552 more
925 507 1066 555 solito
1095 512 1204 555 sunt
1229 507 1496 556 observata.
1528 511 1798 574 Antequam
1820 512 2043 559 dominus
2064 528 2174 560 nos-

401 593 472 633 ter
488 586 639 634 exiret
655 602 896 634 cameram
910 589 1164 652 papagalli,
1184 590 1444 653 supplicavi
1461 592 1706 640 Sanctitati
1722 610 1805 641 sue
1821 609 1906 657 pro
1922 595 2060 642 nobis
2079 595 2172 643 cle-

401 668 509 716 ricis
549 670 959 729 ceremoniarum,
1001 673 1277 720 cantoribus
1306 689 1361 720 ac
1400 673 1622 721 omnihus
1649 675 1931 724 officialibus
1955 678 2170 741 cappelle

404 751 678 800 Sanctitatis
712 768 795 799 sue
829 768 915 816 pro
946 754 1171 803 facultate
1207 755 1416 818 eligendi
1450 756 1589 803 nobis
1626 756 1946 815 confessores,
1979 758 2058 820 qui
2084 774 2172 806 nos

403 833 615 898 plenarie
637 833 884 883 absolvant
907 840 953 883 et
979 836 1244 899 plenariam
1272 837 1608 885 remissionem
1631 838 1844 885 omnium
1866 843 2171 901 peccatorum

405 920 676 963 nostrorum
720 916 858 964 nobis
898 917 1202 980 impendant,
1242 923 1289 967 et
1329 920 1458 982 quod
1495 920 1729 968 visitando
1770 921 1968 984 singulis
2007 907 2172 971 diebus

402 999 550 1047 altare
597 1014 826 1062 magnum
862 1000 1057 1048 basilice
1099 1002 1250 1050 sancti
1292 1003 1419 1050 Petri
1462 1018 1819 1066 consequamur
1852 1003 2173 1068 indulgentias

402 1098 521 1144 quas
543 1097 955 1145 consequeremur
983 1084 1021 1131 si
1055 1085 1253 1148 singulis
1275 1086 1441 1134 diebus
1470 1087 1699 1135 ecclesias
1732 1087 1989 1135 stationum
2015 1087 2173 1137 visita-

404 1180 591 1222 remus3
616 1181 710 1228 que
732 1166 895 1214 omnia
920 1167 1154 1215 Sanctitas
1177 1184 1262 1215 sua
1289 1168 1494 1231 benigne
1520 1169 1658 1217 nobis
1686 1169 1925 1218 concessit
1951 1188 1959 1217 :
1986 1186 2172 1219 sermo-

404 1262 516 1296 nem
538 1247 652 1295 fecit
673 1248 865 1311 quidam
889 1249 1203 1313 Francigena.

469 1329 606 1378 Feria
627 1331 809 1393 quinta,
835 1335 861 1379 8
885 1332 1060 1391 martii,
1085 1333 1146 1380 ad
1164 1349 1306 1396 quam
1328 1334 1416 1382 fuit
1437 1334 1719 1383 translatum
1733 1334 1910 1383 festum
1929 1352 1966 1383 s.
1988 1335 2170 1385 Thome

404 1413 463 1462 de
483 1412 688 1476 Aquino,
719 1416 773 1461 R.
807 1417 857 1462 P.
897 1416 951 1461 D.
994 1415 1266 1478 Stephanus
1296 1417 1686 1481 archiepiscopus
1717 1418 2015 1466 Patracensis
2048 1419 2171 1468 cele-

401 1495 551 1544 bravit
573 1495 769 1544 missam
791 1496 1031 1559 publicam
1045 1497 1091 1544 in
1110 1498 1317 1547 ecclesia
1330 1499 1558 1560 Minerve,
1578 1500 1883 1564 presentibus
1904 1517 1990 1548 xlx
2013 1501 2170 1549 cardi-

400 1579 603 1637 nalibus,
627 1578 848 1627 videlicet
868 1597 876 1626 :
896 1580 1287 1641 vicecamerario,
1310 1581 1640 1645 Neapolitano,
1660 1598 1699 1629 s.
1719 1581 1846 1630 Petri
1869 1581 1930 1629 ad
1947 1578 2167 1641 Vincula,

403 1679 439 1711 s.
458 1662 606 1710 Marie
626 1662 671 1709 in
688 1662 898 1721 Porticu,
919 1678 955 1710 s.
971 1663 1160 1727 Angeli,
1179 1663 1491 1712 Ulixbonensi
1509 1663 1771 1727 episcopis3
1797 1663 2168 1722 Rechanatensi‚

402 1764 441 1793 s.
482 1745 759 1804 ClementiS,
795 1746 1038 1805 Januensi,
1064 1746 1328 1805 Parmensi,
1371 1749 1733 1805 Beneventano,
1773 1745 2009 1794 Aleriensi
2045 1750 2092 1793 et
2125 1762 2168 1793 s.

403 1828 651 1877 Anastasie
692 1828 1015 1892 presbyteris3
1064 1829 1290 1887 Senensi,
1336 1828 1625 1888 camerario,
1666 1829 1884 1888 Sabellis,
1919 1828 2167 1887 Columna,

405 1911 576 1959 Ursino
606 1914 654 1958 et
678 1911 884 1958 Ascanio
912 1911 1125 1959 diaconis
1153 1912 1489 1959 cardinalibus.
1525 1911 1652 1959 Dixit
1677 1914 1863 1959 tantum
1890 1925 2034 1958 unam
2061 1924 2170 1958 ora-
2245 1899 2248 1902 Δ

402 1993 598 2041 tionem.
639 1995 864 2040 Oratores
909 1993 1078 2056 prelati
1118 1993 1343 2041 sederunt
1379 1994 1427 2040 in
1468 2009 1665 2042 scamno
1705 1992 2006 2042 transversali
2033 1992 2170 2056 juxta

402 2076 669 2124 cancellum
698 2091 726 2123 a
752 2075 979 2123 scammis
1015 2075 1326 2125 diaconorum
1360 2077 1671 2125 cardinalium
1698 2077 1855 2141 posito
1883 2081 1931 2125 et
1955 2081 2169 2124 oratores
2211 2133 2214 2137 ⁴

401 2158 506 2206 laici
530 2159 576 2206 in
599 2158 692 2206 alio
714 2158 855 2205 simili
870 2158 1010 2222 juxta
1029 2158 1236 2206 bancum
1261 2160 1655 2224 presbyterorum
1683 2159 1995 2208 cardinalium
2015 2158 2171 2223 posito

402 2241 535 2304 quod>
557 2257 585 2288 a
609 2257 660 2290 se
685 2241 799 2305 ipsis
826 2241 1045 2290 fecerunt
1071 2245 1118 2289 et
1150 2242 1305 2301 male3
1345 2243 1584 2291 debebant
1616 2242 1744 2291 enim
1771 2242 1901 2306 prius
1932 2241 2103 2306 prelati
2123 2240 2169 2288 in

402 2323 482 2371 illo
511 2327 558 2371 et
588 2323 678 2386 ipsi
700 2328 808 2386 post
841 2323 1070 2372 diaconos
1105 2324 1286 2373 sedisse
1327 2342 1337 2373 ε
1378 2326 1548 2389 prelati
1575 2325 1655 2373 alii
1685 2325 1913 2374 sederunt
1941 2323 1990 2372 in
2021 2324 2170 2372 choro

402 2406 600 2453 fratrum
634 2421 767 2453 more
814 2406 970 2454 solito.
1015 2407 1109 2454 Sed
1151 2423 1261 2455 cum
1296 2408 1542 2471 evangelio
1575 2408 1711 2456 finito
1747 2423 1905 2456 sermo
1938 2405 2168 2455 dicendus

403 2493 548 2546 esset,
578 2493 811 2536 venerunt
832 2488 892 2535 ad
916 2475 1120 2535 chorum
1148 2488 1461 2536 cardinalium
1492 2505 1659 2537 omnes
1680 2487 1851 2551 prelati
1872 2491 1918 2535 et
1940 2486 2167 2535 sederunt

401 2569 544 2632 aliqui
566 2570 613 2616 in
636 2570 922 2632 quibusdam
944 2570 1047 2618 aliis
1071 2570 1295 2617 scammis
1322 2570 1590 2634 importatis
1611 2586 1707 2619 non
1728 2571 1873 2634 longe
1891 2569 1950 2618 ab
1970 2569 2166 2617 introitu

400 2652 586 2715 positis,
611 2651 691 2699 ubi
713 2656 990 2700 manserunt
1009 2667 1160 2714 usque
1182 2651 1242 2699 ad
1263 2669 1537 2702 sermonem
1558 2653 1744 2702 finitum
1767 2669 1777 2712 ;
1802 2657 1915 2701 tunc
1930 2651 1991 2700 ad
2009 2650 2168 2716 priora

399 2732 505 2782 loca
525 2734 769 2783 redierunt
791 2734 1013 2782 scammis
1034 2733 1144 2781 inde
1168 2733 1414 2798 depositis.
1440 2737 1724 2783 Sermonem
1745 2733 1858 2782 fecit
1878 2735 1936 2780 D.
1962 2735 2166 2781 Bernar—

401 2817 490 2864 dus
518 2817 718 2865 Basinus
749 2818 1006 2865 canonicus
1025 2819 1485 2883 Cesaraugustanus‚
1517 2833 1651 2866 sacre
1669 2815 1912 2879 theologie
1939 2813 2167 2878 magister

403 2899 700 2959 Parisieusis,
733 2916 841 2949 cum
870 2904 1000 2948 tanta
1026 2900 1179 2963 gratia
1208 2905 1254 2947 et
1279 2901 1494 2949 omnium
1514 2900 1656 2948 laude
1678 2899 1805 2963 quod
1834 2898 1950 2946 nihil
1977 2913 2120 2962 supra
2149 2913 2162 2944 ε

403 2982 511 3030 data
523 2983 857 3031 benedictione
872 2999 958 3046 per
969 2983 1312 3042 celebrantem,
1328 2983 1584 3046 publicavit
1595 2982 1832 3047 plenarias
1847 2980 2164 3045 indulgentias

402 3080 487 3126 per
509 3067 590 3112 SS.
618 3068 672 3113 D.
698 3069 753 3114 N.
774 3081 1030 3114 concessas
1053 3066 1180 3128 quod
1200 3070 1362 3114 tamen
1379 3065 1706 3113 necessarium
1721 3080 1815 3111 non
1834 3064 1989 3112 fuerat
2005 3078 2091 3126 pro
2106 3077 2163 3110 eo

403 3147 532 3209 quod
549 3147 597 3194 in
619 3153 760 3211 porta
782 3148 907 3196 dicte
928 3148 1132 3196 ecclesie
1154 3163 1365 3211 appensa
1385 3151 1486 3195 erat
1509 3147 1666 3195 tabula
1687 3164 1796 3195 cum
1816 3145 1966 3193 literis
1985 3143 2162 3209 grossis

401 3243 487 3289 per
508 3244 623 3290 quas
644 3229 919 3293 hujusmodi
941 3228 1237 3291 indulgentie
1257 3228 1637 3292 publicabantur.
2141 3215 2143 3218 ⁵

469 3313 719 3360 Dominica
739 3312 892 3376 prima
911 3311 1294 3375 quadragesime,
1316 3314 1364 3357 11
1389 3311 1561 3371 martii,
1585 3314 1639 3358 R.
1659 3311 1707 3358 in
1722 3310 1909 3359 Christo
1929 3312 1980 3357 P.
1997 3306 2160 3355 Hiero-

396 3409 569 3457 nymus
593 3395 828 3444 Balbanus
851 3395 1105 3458 episcopus
1131 3393 1406 3452 Perusinus,
1437 3396 1520 3443 SS.
1548 3397 1604 3442 D,
1630 3397 1684 3442 N.
1708 3409 1829 3457 pape
1851 3387 2154 3459 secretarius,
