2262 3958
149 319 246 369 [suin
267 319 362 366 1492]
596 315 765 353 RERUM
797 314 1102 352 URBANARUM
1135 312 1485 352 COMMENTARII.
1859 313 1930 349 489

212 420 354 472 Feria
373 423 560 483 quarta,
586 421 614 466 6
637 418 750 466 dicti
769 417 949 466 mensis
970 417 1112 481 junii,
1137 417 1259 464 hora
1285 416 1475 464 decima
1499 420 1668 464 octava
1687 415 1761 464 vel
1779 417 1924 475 circa,

147 505 282 563 libs,-
303 504 529 569 princeps
548 506 709 567 Capue
734 502 922 551 medius
944 502 1069 550 inter
1090 504 1295 549 RRmos.
1322 504 1423 549 DD.
1451 500 1723 548 cardinales
1743 501 1929 549 Senen-

147 601 251 636 sem
271 601 300 634 a
317 585 523 647 sinistris
552 589 599 634 et
626 586 1021 633 Beneventanum
1045 599 1073 631 a
1099 582 1297 641 dextris,
1328 582 1409 646 qui
1430 598 1583 646 usque
1605 583 1665 632 ad
1683 599 1928 633 cameram

146 669 461 735 apostolicam
481 669 720 733 equitans,
742 667 791 714 in
813 681 908 729 quo
937 671 983 714 et
1006 670 1139 714 extra
1164 681 1334 713 omnes
1352 666 1533 715 familie
1555 670 1683 732 Pape
1703 674 1751 717 et
1773 669 1930 717 cardi-

145 753 330 802 nalium
356 754 544 817 equites
575 753 734 816 ipsum
762 749 1100 813 expectabant,
1136 748 1356 806 recessit,
1388 740 1639 813 Neapolim
1668 753 1926 810 rediturus,

147 837 413 886 associatus
443 852 472 884 a
496 834 725 900 predictis
755 833 949 882 RRmis.
983 835 1084 880 DD.
1119 833 1442 881 cardinalibus
1473 838 1520 881 et
1551 836 1748 897 prelatis
1777 852 1833 883 ac
1862 836 1933 884 fa-

147 920 294 969 miliis
324 922 452 984 Pape
486 923 536 967 et
561 917 778 966 omnium
811 915 1130 964 cardinalium
1161 932 1312 979 usque
1344 921 1480 964 extra
1512 920 1701 980 portam
1739 920 1933 966 Latera-

146 1019 350 1054 nensem
391 1002 490 1051 sive
526 998 818 1048 Asinariam.
861 1000 915 1045 In
958 997 1078 1045 locis
1125 998 1303 1046 strictis
1348 997 1642 1061 precedebat
1681 998 1930 1062 princeps;

147 1086 442 1151 sequebatur
470 1086 842 1132 Beneventanus
865 1080 1042 1145 primO,
1076 1080 1251 1129 deinde
1283 1080 1513 1129 Senensis
1549 1097 1558 1128 :
1591 1081 1822 1144 equitavit
1849 1097 1936 1145 per

143 1169 367 1220 eamdem
387 1169 512 1216 viam
529 1182 617 1231 per
637 1166 817 1215 Urbem
835 1180 924 1229 per
937 1179 1082 1228 quam
1096 1169 1294 1214 venerat
1311 1183 1321 1222 3
1339 1164 1640 1229 pernoctavit
1662 1165 1711 1212 in
1726 1165 1931 1224 MarinO.

143 1254 231 1304 sed
251 1268 423 1303 cenam
443 1251 557 1301 fecit
575 1251 625 1299 in
647 1252 815 1299 Grotta
834 1252 1049 1307 Ferrata,
1077 1249 1159 1296 ubi
1181 1252 1348 1297 Rmus.
1372 1251 1429 1297 D.
1456 1249 1715 1297 cardinalis
1739 1266 1777 1297 s.
1806 1250 1933 1298 Petri

141 1338 204 1388 ad
219 1337 428 1389 Vincula
446 1337 529 1402 (1).
542 1373 552 1383 .
563 1375 573 1385 .

208 1420 419 1470 Sabbato
438 1423 466 1468 9
484 1421 628 1485 junii,
662 1420 824 1484 vigilia
850 1421 1165 1467 Pentecostes
1191 1417 1385 1465 fuerunt
1411 1432 1611 1481 vespere
1640 1417 1854 1482 papales,
1887 1416 1934 1464 in

140 1503 327 1569 capella
358 1503 542 1568 majore
573 1503 755 1568 palatii,
799 1505 929 1567 Papa
965 1504 1212 1566 presente.
1251 1500 1477 1549 Officium
1515 1500 1629 1550 fecit
1664 1504 1831 1550 RmuS.
1874 1502 1930 1550 D.

143 1588 404 1638 cardinalis
425 1588 720 1637 Parmensis.

204 1673 257 1719 ln
291 1670 368 1719 die
408 1671 650 1735 sequenti,
678 1670 770 1718 fuit
800 1670 950 1717 missa
979 1670 1209 1718 solemnis
1238 1672 1287 1719 in
1317 1672 1519 1720 basilica
1553 1688 1591 1719 s.
1629 1672 1759 1720 Petri
1788 1687 1931 1735 quam

139 1753 387 1819 predictus
427 1753 686 1802 cardinalis
730 1752 1006 1811 celebravit,
1044 1754 1174 1816 Papa
1207 1754 1354 1802 etiam
1391 1755 1610 1803 absente.
1646 1755 1932 1802 Sermonem

138 1838 254 1887 fecit
275 1837 476 1902 quidam
502 1838 654 1886 frater
680 1837 863 1886 ordinis
892 1835 1251 1884 carmelitarum
1280 1841 1328 1884 et
1352 1837 1401 1883 in
1420 1837 1516 1886 fine
1542 1837 1805 1901 publicavit
1826 1837 1931 1901 ple-

137 1922 298 1971 narias
326 1921 655 1985 indulgentias
682 1937 770 1985 per
799 1922 882 1969 SS.
915 1922 971 1968 D.
1003 1922 1059 1968 N.
1082 1935 1257 1985 papam
1278 1935 1366 1983 pro
1389 1919 1519 1969 dicto
1541 1920 1787 1968 cardinale
1816 1923 1933 1970 Par-

137 2005 296 2055 mensi
329 2021 612 2064 concessas;
644 2010 692 2054 et
730 2005 841 2068 quia
871 2003 960 2052 fuit
989 2003 1039 2051 in
1064 2003 1191 2052 Urbe
1212 2007 1260 2051 et
1283 2003 1333 2050 in
1363 2003 1572 2052 ecclesia
1606 2004 1748 2052 beate
1778 2005 1930 2052 Mai-ie

137 2089 492 2153 Transpontine
526 2089 792 2152 capitulum
825 2087 1054 2151 generale
1091 2087 1294 2136 fratrum
1329 2087 1466 2153 dicti·
1486 2087 1669 2135 ordinis
1703 2088 1929 2135 carmeli-

136 2176 295 2222 tarum
332 2187 420 2236 pro
457 2171 696 2221 electione
737 2172 845 2219 novi
884 2171 1124 2234 generalis
1165 2171 1386 2234 ejusdem
1415 2171 1599 2219 ordinis
1625 2172 1701 2219 vel
1727 2171 1925 2220 alterius

136 2256 524 2316 confirmatione,
548 2256 675 2304 facta
695 2260 769 2305 est
786 2270 876 2319 per
894 2254 1071 2303 fratres
1097 2254 1318 2318 ejusdem
1341 2255 1523 2302 ordinis
1546 2255 1787 2318 generalis
1808 2271 1922 2320 pro-

133 2340 308 2401 cessio,
351 2355 462 2404 que,
506 2355 733 2388 sermone
770 2339 983 2402 incepto,
1025 2337 1254 2386 inchoata
1288 2343 1379 2397 est,
1423 2343 1470 2387 et
1511 2339 1642 2387 venit
1684 2354 1836 2402 usque
1864 2340 1925 2388 ad

130 2423 373 2473 cancellos
391 2423 575 2487 capelle
596 2423 794 2487 majoris
816 2426 961 2487 Pape,
986 2422 1211 2471 videlicet
1230 2438 1350 2485 quos
1373 2438 1471 2470 non
1499 2422 1711 2482 intravit,
1738 2423 1823 2471 sed
1840 2439 1928 2487 per

134 2507 279 2556 aliam
310 2521 483 2556 navem
523 2507 781 2556 ecclesiam
825 2507 993 2566 exivit3
1035 2506 1350 2554 confirmatus
1387 2506 1476 2555 fuit
1506 2506 1555 2553 in
1585 2506 1681 2554 hoc
1714 2507 1923 2571 capitulo

130 2591 372 2655 generalis
392 2592 635 2655 antiquuS.

121 2714 125 2716 .
201 2675 341 2723 Feria
359 2675 545 2738 quinta,
574 2678 631 2722 14
661 2675 777 2724 dicti
799 2676 981 2723 mensis
999 2675 1140 2740 junii,
1165 2675 1287 2723 hora
1310 2674 1502 2723 decima
1521 2690 1651 2723 nona
1677 2676 1753 2724 vel
1774 2676 1920 2734 circa,

131 2776 219 2825 per
238 2764 428 2824 portam
460 2759 683 2810 Viridarii
712 2760 904 2808 intravit
931 2760 1111 2808 Urbem
1139 2761 1195 2807 R.
1217 2758 1268 2806 in
1290 2758 1480 2806 Christo
1504 2760 1556 2806 P.
1588 2761 1646 2807 D.
1678 2760 1924 2807 Johannes

131 2845 389 2909 episcopus
421 2843 779 2903 DunelmensiS,
806 2848 971 2892 orator
989 2843 1118 2906 regis
1139 2841 1330 2905 Anglie‚
1361 2857 1389 2888 a
1419 2840 1615 2888 familiis
1651 2843 1733 2889 SS.
1768 2844 1825 2888 D.
1863 2844 1918 2890 N.

130 2973 242 3017 ayant
261 2967 404 3004 declare
421 2978 467 3003 en
497 2965 714 3003 consistoire
734 2966 855 3015 public
884 2966 934 3003 du
964 2965 1055 3004 mois
1075 2966 1120 3002 de
1147 2966 1344 3003 novembre
1366 2967 1459 3004 1489
1486 2967 1519 3003 le
1544 2967 1594 3004 roi
1621 2966 1828 3003 Ferdinand
1859 2967 1922 3003 de-

129 3027 287 3078 possede
306 3027 351 3064 de
373 3038 440 3064 son
460 3038 635 3075 royaume
649 3026 712 3075 qui
727 3026 928 3063 retournait
941 3028 962 3063 a
981 3019 1130 3074 l'Eglise
1147 3025 1322 3063 romaine.
1344 3027 1438 3075 Voy.
1454 3027 1640 3063 Infessura
1657 3026 1749 3063 dans
1770 3026 1921 3072 Eccard,

129 3088 198 3125 col.
223 3089 312 3125 1991
342 3092 378 3125 et
402 3087 599 3136 Raynaldi,
620 3087 725 3125 Arm.
748 3088 871 3132 Eccl„
893 3091 921 3123 t.
942 3085 1059 3131 XXX,
1081 3097 1117 3134 p.
1143 3086 1223 3131 158,
1246 3093 1288 3122 110
1309 3087 1332 3123 8
1352 3091 1443 3134 etp.
1468 3087 1551 3131 180,
1574 3095 1616 3122 110
1638 3087 1682 3122 10
1702 3090 1738 3122 et
1758 3092 1799 3122 n⁰
1825 3087 1865 3122 11
1888 3086 1921 3122 la

135 3147 232 3184 bulle
253 3146 504 3184 d'investiture
528 3160 537 3181 z
560 3147 722 3183 Dudum
750 3147 879 3194 felicis
904 3147 1201 3191 recordationis,
1221 3146 1365 3194 publiee
1390 3158 1457 3195 par
1480 3146 1616 3194 Lunig,
1638 3146 1767 3182 Codex
1791 3146 1921 3184 Italia»

131 3208 421 3254 diplomaticus,
442 3212 470 3244 t.
494 3207 540 3253 11,
562 3213 603 3243 n⁰
625 3207 710 3253 128,
731 3207 800 3244 col.
826 3206 930 3243 1295.

178 3267 228 3303 Le
249 3266 301 3303 roi
317 3266 363 3303 de
388 3266 527 3303 France
547 3271 712 3315 protesta
731 3278 796 3315 par
818 3267 852 3303 la
872 3277 1053 3315 personne
1075 3265 1121 3302 de
1145 3277 1205 3302 ses
1234 3265 1518 3303 ambassadeurs
1539 3270 1664 3303 contre
1682 3266 1920 3305 l'investiture

129 3327 179 3364 du
199 3337 375 3374 royaume
391 3326 436 3362 de
456 3326 609 3374 Naples3
627 3325 658 3363 le
678 3326 731 3363 roi
750 3325 956 3363 Ferdinand
979 3336 1121 3374 envoya
1141 3327 1162 3361 a
1181 3337 1222 3362 ce
1245 3325 1341 3374 sujet
1359 3326 1425 3363 des
1439 3326 1678 3363 instructions
1698 3328 1720 3362 ἐι
1743 3325 1922 3364 Giovanni

131 3386 292 3424 Battista
323 3386 497 3435 Coppola.
528 3385 624 3435 Voy.
653 3386 864 3432 Trinehera,
887 3388 1024 3424 Codice
1050 3388 1285 3432 Araqonese,
1308 3385 1379 3425 vol..
1405 3386 1451 3432 II,
1482 3393 1523 3423 110
1549 3386 1745 3434 CXXXIV,
1767 3398 1803 3435 p.
1833 3387 1916 3424 115.

179 3450 212 3483 1.
243 3447 359 3484 Meme
384 3446 514 3483 lacune
535 3447 628 3484 dans
649 3451 733 3484 tous
753 3446 805 3483 les
827 3457 916 3483 mss.
