2262 3958
129 309 288 357 [Jon’vior
307 313 400 356 ⁴49⁰]
574 312 743 350 RERUM
776 311 1082 350 URBANARUM
1115 311 1466 351 COMMENTARII.
1846 312 1921 350 393

129 415 296 467 habita
318 429 430 464 cum
450 429 568 478 rege
590 416 817 473 Granate,
849 414 930 478 qui
952 414 1130 464 civitati
1153 420 1201 464 et
1222 420 1323 465 toto
1354 432 1505 480 regno
1525 418 1742 465 ‘Granate
1770 418 1916 467 cessit

127 499 232 563 regi
283 498 537 562 Hispanie,
589 503 836 548 reservato
879 499 969 546 sibi
1016 499 1224 562 quodam
1276 501 1507 549 comitatu
1550 500 1599 548 in
1650 501 1880 565 Hispania
1902 521 1912 561 3

129 598 222 647 que
248 597 373 631 nova
403 581 511 631 heri
543 598 744 646 vespere
779 582 971 631 fuerunt
993 599 1081 646 per
1111 587 1329 632 oratores
1359 584 1489 647 regis
1522 584 1741 633 nuntiata
1768 586 1917 633 Sanc-

128 666 254 716 titati
278 682 390 726 sue;
420 667 509 716 fuit
534 671 794 732 propterea
820 666 1002 713 ibidem
1030 667 1078 714 in
1112 669 1489 732 congregatione
1513 668 1763 717 decretum
1789 669 1918 732 quod

128 750 251 800 feria
289 751 505 800 secunda
540 750 820 799 immediate
859 750 1100 813 sequenti,
1137 766 1230 813 que
1266 752 1356 799 erit
1383 751 1560 800 festum
1589 753 1918 800 conversionis

129 834 214 883 SS.
257 836 391 884 Pauli
430 835 653 900 apostoli,
683 835 832 882 missa
857 834 1088 882 solemnis
1110 834 1158 881 in
1185 834 1388 882 basilica
1415 851 1454 882 s.
1489 836 1618 883 Petri
1645 841 1782 884 extra
1811 852 1918 883 mu-

128 917 368 968 ros-Urbis
392 917 452 967 de
474 918 652 982 Spiritu
675 922 860 975 sancte,
885 933 974 980 per
994 917 1206 980 aliquem
1236 917 1496 981 prelatum,
1533 920 1662 982 Papa
1684 923 1731 966 et
1762 918 1919 966 cardi-

127 1001 318 1052 nali-bus
346 1001 672 1066 presentibus,
702 1001 753 1048 in
789 1000 1029 1049 honorem
1052 1001 1141 1050 Dei
1163 1001 1498 1050 celebraretur
1524 1002 1584 1049 ad
1607 1002 1759 1050 instar
1775 1001 1919 1066 hujus

127 1086 326 1138 alterius
354 1086 502 1134 misse
531 1101 676 1150 parve
705 1086 754 1134 in
784 1086 993 1134 ecclesia
1018 1086 1160 1134 beate
1189 1086 1340 1135 Marie
1373 1086 1431 1134 de
1461 1085 1644 1149 Populo
1676 1084 1919 1134 celebrate

126 1185 239 1220 cum
259 1169 446 1219 eisdem
471 1169 722 1218 versiculis
745 1174 792 1219 et
815 1170 921 1218 aliis
951 1170 1002 1218 in
1031 1170 1127 1219 fine
1158 1170 1307 1219 misse
1329 1175 1444 1219 tunc
1466 1170 1607 1218 dictis
1633 1186 1642 1217 :
1669 1169 1755 1218 fuit
1774 1185 1921 1233 prop-

126 1259 264 1304 terea
289 1253 418 1304 dicta
443 1253 645 1302 basilica
665 1270 704 1302 s,
730 1254 864 1302 Pauli
893 1254 1114 1304 ordinata
1136 1259 1183 1303 et
1204 1259 1389 1319 parata,
1416 1258 1558 1318 prout
1586 1253 1704 1301 alias
1729 1252 1920 1316 quando

127 1339 292 1388 SS.-D.
316 1340 375 1387 N.
399 1337 450 1386 in
470 1353 529 1386 ea
548 1337 698 1385 missa
716 1337 909 1401 publice
931 1338 1166 1398 interfuit,
1193 1343 1397 1402 excepto
1417 1337 1546 1402 quod
1565 1337 1739 1385 solium
1760 1336 1921 1400 ponti-

126 1422 235 1472 ficis
250 1421 471 1486 ampliari
493 1425 540 1470 et
558 1421 734 1470 melius
755 1421 1011 1470 reformari
1029 1421 1123 1470 feci
1147 1421 1228 1487 (1).

193 1505 337 1556 Feria
367 1505 600 1564 secunda,
640 1509 700 1554 25
738 1505 871 1554 dicti
893 1505 1076 1553 mensis
1103 1506 1332 1570 januarii,
1374 1506 1552 1554 festum
1591 1506 1922 1554 conversionis

130 1605 170 1638 s,
200 1588 336 1638 Pauli
369 1588 574 1653 apostoli
605 1604 700 1651 qua
726 1588 803 1636 die
831 1588 918 1638 fuit
951 1589 1163 1637 maxima
1191 1589 1351 1653 pluvia
1384 1590 1444 1637 ab
1474 1605 1651 1638 aurora
1680 1605 1833 1653 usque
1862 1590 1922 1637 ad

131 1673 390 1722 meridiem
415 1686 471 1721 ac
492 1671 737 1721 nebuleet
758 1677 929 1721 ventus
949 1672 1233 1735 vehemens,
1263 1678 1524 1738 propterea
1553 1675 1635 1741 SS.
1671 1677 1727 1722 D.
1760 1676 1816 1722 N.
1842 1674 1921 1737 qui

131 1757 193 1805 ad
229 1757 482 1806 basilicam
509 1773 548 1805 s.
580 1756 715 1804 Pauli
741 1756 959 1820 equitare
988 1756 1288 1817 decreverat,
1322 1774 1420 1806 non
1447 1756 1694 1820 equitavit,
1728 1757 1814 1805 sed
1840 1772 1925 1820 pa-

134 1845 240 1890 rata
257 1839 347 1890 fuit
371 1840 559 1905 capella
585 1844 863 1889 sanctorum
891 1843 1085 1891 Andree
1108 1847 1156 1891 et
1178 1843 1398 1906 Gregorii
1424 1843 1473 1890 in
1492 1842 1694 1890 basilica
1721 1857 1758 1888 s.
1794 1841 1923 1889 Petri

126 1919 416 1990 ‘etima-pro
442 1923 768 1973 cardinalibus
797 1930 844 1974 et
870 1925 978 1974 loca
1004 1943 1091 1991 pro
1117 1927 1223 1974 aliis
1257 1926 1546 1975 officialibus
1575 1930 1623 1974 et
1651 1924 1924 1991 oratoribus

64 2046 71 2053 .
129 2007 415 2073 principum·
431 2012 480 2057 et
501 2012 638 2058 extra
659 2008 791 2056 illam
823 2010 1059 2074 capellam
1079 2011 1223 2059 banci
1243 2027 1331 2074 pro
1352 2011 1568 2075 prelatis,
1598 2014 1645 2058 et
1673 2010 1767 2058 alia
1786 2024 1923 2056 more

131 2092 291 2148 solito.
322 2092 506 2149 Quibus
532 2093 730 2156 paratiS,
759 2095 841 2142 SS.
875 2097 932 2142 D.
964 2096 1021 2142 N.
1054 2111 1164 2142 cum
1193 2095 1520 2143 cardinalibus
1546 2093 1677 2141 venit
1702 2092 1763 2140 ad
1792 2109 1925 2140 eam-

131 2175 244 2225 dem
265 2175 502 2240 capellam
531 2180 580 2225 et
601 2175 817 2225 interfuit
846 2177 993 2226 misse
1015 2177 1233 2240 predicte
1255 2182 1451 2241 paratus
1482 2191 1618 2223 more
1647 2179 1880 2223 consueto
1911 2192 1920 2223 :

131 2273 278 2323 quam
302 2257 502 2307 missam
534 2258 796 2307 celebravit
824 2262 878 2306 R.
905 2261 957 2307 P.
979 2261 1040 2312 D.
1067 2261 1239 2307 Petrus
1267 2259 1522 2323 episcopus
1546 2258 1842 2321 Urgellensis
1865 2258 1923 2306 de

66 2339 68 2341 ’
118 2341 312 2411 Spiritu
341 2346 508 2391 sancto
541 2343 645 2391 sine
677 2342 838 2406 aliqua
865 2345 1358 2404 commemoratione3
1385 2349 1432 2393 et
1454 2348 1563 2407 post
1589 2344 1789 2391 missam
1811 2359 1927 2391 can-

132 2428 264 2474 tores
293 2425 581 2491 inceperunt
611 2426 675 2474 Te
704 2426 860 2474 Deum
893 2426 1145 2475 laudamus
1176 2432 1223 2476 et
1253 2427 1498 2491 prosecuti
1533 2431 1643 2475 sunt
1674 2442 1826 2489 usque
1866 2426 1926 2474 ad

131 2509 299 2558 finem.
335 2511 439 2567 Quo
469 2511 624 2570 finito,
653 2513 782 2576 Papa
812 2511 931 2560 dixit
959 2511 1110 2559 Pater
1129 2518 1285 2558 noster
1306 2515 1353 2559 et
1373 2509 1639 2558 versiculos
1668 2525 1724 2557 ac
1746 2509 1926 2557 oratio-

132 2608 248 2642 nem
279 2593 454 2643 eodem
478 2595 624 2643 modo
646 2599 788 2659 prout
813 2611 958 2659 supra
988 2595 1065 2643 die
1096 2598 1122 2644 3
1150 2595 1392 2660 presentis
1413 2595 1596 2643 mensis
1628 2598 1702 2643 est
1724 2598 1927 2642 annota-

135 2681 257 2735 tum,
294 2681 342 2726 et
373 2678 423 2725 in
453 2678 570 2738 fine,
606 2678 738 2728 dedit
767 2679 1162 2729 benedictionem
1200 2679 1470 2728 solemnem
1514 2682 1562 2727 et
1602 2677 1926 2741 indulgentias

137 2759 349 2824 quinque
371 2775 608 2809 annorum
628 2766 675 2810 et
702 2762 906 2810 totidem
932 2763 1353 2827 quadragenarum
1375 2779 1493 2827 quas
1514 2763 1775 2827 publicavit
1797 2762 1926 2810 cele-

137 2845 308 2903 brans;
332 2844 413 2908 qui
432 2844 645 2903 interim,
662 2845 777 2892 dum
789 2846 1008 2909 predicta
1020 2846 1316 2906 dicerentur,
1332 2852 1527 2911 paratus
1539 2851 1590 2895 ut
1610 2851 1731 2905 erat,
1753 2861 1926 2909 expec-

187 3031 220 3067 l.
239 3029 310 3066 Les
330 3032 459 3066 succes
478 3029 524 3066 de
544 3029 751 3067 Ferdinand
765 3030 947 3068 irritet-ent
967 3033 1005 3067 et
1024 3029 1269 3078 inquietarent
1288 3036 1368 3069 tout
1388 3035 1409 3069 a
1429 3033 1462 3069 la
1483 3032 1549 3069 fois
1570 3033 1621 3069 les
1640 3032 1784 3081 princes
1805 3032 1927 3069 maho-

138 3092 279 3126 metans
297 3088 342 3126 de
360 3089 533 3138 l'Afrique
554 3094 590 3126 et
609 3089 654 3126 de
669 3089 792 3127 l'Asie.
811 3090 860 3126 Le
880 3090 964 3139 plus
984 3089 1154 3139 puissant
1173 3090 1312 3128 d‘entre
1327 3104 1412 3138 eux,
1429 3093 1460 3128 le
1477 3092 1628 3129 Soudan
1648 3084 1844 3140 d'Egypte,
1861 3103 1925 3129 en—

139 3160 230 3198 voya
251 3148 582 3187 un=ambassadeur
602 3152 621 3187 ὲ
644 3150 853 3187 Ferdinand
875 3162 967 3198 pour
986 3150 1018 3186 le
1039 3150 1208 3198 prevenit·
1226 3162 1298 3199 que
1319 3151 1375 3188 s'il
1402 3151 1688 3188 n’abandonnait
1710 3152 1741 3187 le
1761 3151 1862 3199 siege
1882 3151 1927 3188 de

137 3208 305 3247 Grenade
323 3213 360 3246 et
379 3209 413 3246 la
433 3220 564 3258 guerre
582 3210 668 3258 qu'il
689 3210 787 3248 avait
814 3210 1016 3259 entreprise
1037 3214 1162 3247 contre
1192 3210 1243 3247 les
1271 3211 1432 3256 Maures,
1461 3212 1483 3247 il
1504 3211 1699 3248 donnerait
1728 3210 1859 3247 l'ordre
1883 3211 1928 3248 de

138 3280 342 3306 massacrer
367 3273 452 3306 tous
476 3269 529 3307 les
560 3270 758 3314 chretiens,
789 3271 860 3308 fort
882 3270 1102 3314 nombreux,
1123 3261 1304 3318 d‘Egypte
1331 3274 1368 3306 et
1398 3272 1442 3307 de
1458 3271 1587 3318 Syrie;
1611 3270 1633 3306 il
1657 3269 1765 3306 serait
1787 3270 1929 3308 abattre

136 3330 191 3366 les
212 3328 363 3377 temples
383 3333 419 3365 et
438 3329 559 3366 ruiner
578 3330 624 3366 de
642 3330 730 3367 fond
749 3342 794 3367 en
809 3330 951 3368 comble
972 3331 1004 3367 le
1025 3329 1325 3378 Saint—Sepulcre
1345 3331 1391 3367 de
1410 3330 1628 3368 Jerusalem.
1650 3330 1859 3367 Ferdinand
1884 3342 1929 3367 ne

138 3389 228 3426 ceda
248 3400 313 3438 pas
333 3392 369 3425 et
387 3388 528 3426 l'annee
551 3389 718 3427 suivante
739 3390 903 3428 Grenade
928 3390 1079 3428 tomnait
1097 3402 1143 3426 en
1164 3401 1231 3427 son
1246 3390 1410 3440 pouvoir.
1427 3390 1520 3439 Voy.
1545 3390 1725 3436 Mariana,
1751 3391 1804 3426 De
1819 3391 1931 3427 rebus

141 3451 256 3496 hisp,
279 3450 302 3486 Ι.
317 3450 433 3492 XXV,
454 3450 512 3487 cli.
536 3462 595 3485 xv.
