2262 3958
433 381 475 416 12
1033 379 1264 416 JOHANNIS
1298 380 1591 427 BURCHARDI,
1978 383 2083 424 {Aoni
2106 384 2196 425 1484]

426 484 477 528 ut
496 484 693 545 possent
725 496 753 528 a
783 481 1048 528 volentibus
1079 482 1282 530 osculari
1316 486 1363 531 et
1395 486 1531 546 porte
1564 483 1709 546 gratis
1731 483 1888 532 clause
1913 484 1997 549 (1);
2022 483 2193 534 deinde

426 567 590 626 aperte
617 579 704 627 per
729 563 971 631 modicum
999 564 1254 628 temporis,
1285 568 1332 613 et
1361 565 1611 613 defunctus
1638 566 1819 628 positus
1852 567 2004 630 magis
2030 583 2193 616 versus

425 645 572 694 altare
604 649 655 694 ut
684 645 834 694 libere
867 649 1064 709 possent
1096 661 1264 695 omnes
1297 647 1493 706 intrare,
1532 650 1579 694 et
1611 646 1758 707 exire,
1798 653 1846 697 et
1875 650 2193 714 positialiqui

425 730 667 790 custodes,
695 747 756 779 ne
784 729 951 779 anulus
978 733 1057 777 aut
1087 729 1200 792 quid
1232 729 1356 777 aliud
1391 730 1479 777 sibi
1513 729 1774 777 tolleretur.
1811 732 1982 780 Mansit
2014 733 2191 780 ibidem

423 828 572 876 usque
595 813 653 860 ad
674 799 817 862 unam
837 813 1007 861 horam
1027 812 1200 872 noctis,
1230 813 1306 860 vel
1325 813 1475 872 circa;
1501 811 1713 860 scutiferi
1734 812 2010 861 defunctum
2029 818 2192 878 porta-

422 898 607 955 verunt,
632 899 679 944 et
699 895 778 944 illa
795 895 959 960 viginti
985 895 1225 943 intorticia
1252 899 1359 943 ante
1387 896 1561 955 fumus,
1593 897 1719 959 quod
1747 898 2068 960 sequebantur
2087 902 2195 946 octo

422 981 606 1026 tantum
648 979 936 1038 cardinales3
981 978 1073 1026 vidi
1112 979 1237 1027 inter
1284 979 1480 1028 eosdem
1522 979 1672 1026 sancti
1714 979 1841 1027 Petri
1881 981 1939 1028 ad
1977 980 2197 1039 Vincula,

423 1061 785 1122 Novariensem‚
833 1061 1194 1122 Amalfitanum,
1244 1062 1681 1121 Rachanatensem‚
1727 1065 1774 1109 et
1812 1063 2043 1125 quosdam
2081 1062 2200 1111 alios

422 1148 530 1208 post
556 1159 639 1192 eos
677 1144 904 1208 prelatOS‚
942 1149 989 1193 et
1016 1149 1249 1204 oratores,
1282 1149 1329 1193 et
1365 1144 1742 1208 quamplurimos
1770 1144 1905 1192 alios.
1939 1147 2197 1208 Postquam

421 1231 634 1291 portatus
661 1227 911 1276 defunctus
939 1232 1085 1287 esset,
1114 1232 1165 1276 ut
1191 1227 1371 1276 dictum
1405 1231 1493 1287 est,
1530 1225 1579 1274 in
1615 1227 1888 1285 ecclesiam,
1932 1227 2196 1276 cardinales

422 1314 743 1371 recesserunt,
769 1314 935 1359 euntes
963 1311 1154 1374 quidam
1182 1311 1240 1359 ad
1275 1311 1501 1374 palatium
1531 1310 1816 1373 predictum,
1849 1310 1926 1358 alii
1948 1310 2006 1358 ad
2026 1310 2196 1359 domos

421 1408 548 1441 suas.
565 1395 767 1447 Peracto
788 1393 1006 1456 prandio,
1040 1393 1304 1441 cardinales
1326 1393 1670 1441 commiserunt
1691 1393 1829 1452 mihi,
1853 1394 1981 1456 quod
2001 1409 2196 1458 capsam

419 1492 505 1540 pro
545 1475 821 1540 sepeliendo
850 1475 1097 1540 pontifice,
1128 1481 1174 1525 et
1202 1476 1493 1540 sepulturam
1521 1476 1793 1524 ordinarem
1826 1476 1875 1523 in
1903 1475 2087 1540 capella
2113 1493 2196 1524 sua

419 1574 540 1607 nova
573 1558 708 1606 chori
752 1558 1112 1618 canonicorum,
1161 1563 1208 1607 et
1247 1559 1362 1607 cleri
1400 1559 1595 1607 basilice
1628 1558 1871 1622 predicte,
1906 1574 2048 1622 quam
2093 1559 2195 1623 ipse

419 1641 669 1690 defunctus
703 1640 751 1688 in
784 1641 953 1689 eadem
985 1641 1183 1689 basilica
1211 1641 1316 1689 fieri
1354 1641 1535 1690 fecerat
1574 1642 1704 1690 circa
1734 1642 1945 1689 medium
1980 1642 2196 1706 ejusdem

419 1723 625 1788 capelle,
659 1739 824 1771 versus
850 1723 997 1771 altare
1022 1724 1193 1787 majus,
1223 1724 1271 1771 in
1301 1725 1479 1785 medio,
1513 1728 1784 1772 asserentes
1812 1723 1968 1787 ipsum
2000 1724 2194 1772 defunc-

418 1810 517 1854 tum
550 1805 713 1854 locum
749 1806 1023 1869 hujusmodi
1066 1805 1114 1854 in
1156 1807 1447 1870 sepulturam
1486 1823 1619 1854 suam
1662 1807 1750 1855 sibi
1794 1791 2023 1871 elegisse3
2066 1808 2193 1870 quod

418 1888 561 1937 etiam
594 1887 704 1936 feci.
739 1887 876 1936 Circa
907 1889 1077 1937 horam
1109 1889 1314 1953 primam
1355 1889 1510 1937 noctis
1551 1889 1644 1937 diei
1686 1891 1871 1938 veneris
1908 1893 1963 1939 13
2006 1890 2192 1953 augusti

415 1974 655 2035 portatum
678 1970 764 2019 fuit
785 1986 959 2035 corpus
988 1971 1198 2019 defuncti
1227 1973 1284 2019 de
1316 1972 1465 2019 choro
1497 1972 1692 2035 majoris
1716 1972 1877 2021 altaris
1902 1989 1990 2037 per
2010 1973 2191 2021 clerum

414 2053 540 2102 dicte
566 2053 761 2102 basilice
791 2053 1215 2117 processionaliter
1243 2055 1302 2102 ad
1331 2055 1491 2102 locum
1522 2055 1783 2118 sepulture,
1816 2060 1863 2104 et
1899 2072 2009 2104 cum
2037 2055 2188 2104 omni-

413 2137 504 2185 bus
523 2135 832 2201 paramentiS,
854 2152 909 2185 ac
930 2137 1071 2185 anulo
1101 2137 1332 2201 pretioso,
1357 2154 1411 2186 ac
1439 2123 1629 2201 planeta
1657 2138 1885 2202 predictis
1917 2138 2183 2203 sepultum;

414 2237 525 2284 quo,
550 2221 599 2269 in
620 2221 839 2285 sepulcro
861 2221 910 2268 in
932 2235 1074 2284 capsa
1094 2235 1267 2284 magna
1294 2224 1340 2268 et
1370 2220 1526 2284 ampla
1552 2236 1696 2283 quam
1724 2237 1781 2268 ex
1801 2237 1923 2269 nuce
1945 2221 2051 2270 fieri
2072 2221 2184 2281 feci,

407 2304 620 2367 jacente,
643 2304 864 2351 dominus
884 2303 1094 2350 Achilles
1120 2302 1375 2366 episcopus
1405 2302 1695 2362 Cerviensis,
1725 2303 1804 2367 qui
1826 2304 1954 2352 solus
1975 2303 2187 2368 prelatus

413 2385 642 2444 interfuit,
676 2385 792 2433 dixit
822 2401 930 2433 cum
959 2384 1124 2448 paucis
1159 2401 1217 2432 ex
1250 2386 1380 2432 clero
1413 2385 1650 2448 psalmum
1681 2386 1907 2434 Miserere
1941 2403 2050 2435 cum
2085 2402 2189 2435 ora-

412 2467 567 2528 tione;
592 2467 796 2531 aspersit
815 2468 1091 2515 defunctum
1113 2471 1160 2514 et
1187 2467 1478 2530 sepulturam
1508 2483 1627 2530 aqua
1659 2468 1929 2527 benedicta,
1954 2473 2002 2517 et
2023 2469 2182 2517 statim

411 2553 536 2598 terra
562 2550 723 2613 ipsum
754 2549 1108 2614 cooperuimus
1143 2552 1278 2608 Tum,
1318 2550 1375 2597 de
1406 2550 1629 2598 mandato
1662 2554 1709 2598 et
1736 2567 1794 2598 ex
1823 2550 2018 2614 speciali
2049 2566 2184 2600 com-

409 2631 635 2681 missione
666 2649 753 2697 per
788 2632 1043 2696 collegium
1076 2635 1365 2680 RRmorum.
1404 2635 1504 2681 DD.
1540 2633 1852 2681 cardinalium
1887 2633 2005 2681 mihi
2037 2634 2179 2694 facta,

408 2714 623 2762 mandavi
649 2715 892 2763 canonicis
927 2718 974 2762 et
1007 2715 1136 2762 clero
1166 2711 1362 2763 basilice
1395 2715 1594 2779 prefate,
1633 2717 1719 2763 sub
1749 2732 1874 2780 pena
1904 2715 2181 2780 privationis

406 2795 754 2845 beneficiorum
774 2813 985 2857 suorum,
1010 2785 1315 2861 quod'nullus
1341 2799 1618 2847 defunctum
1643 2802 1879 2861 tangeret,
1900 2802 1978 2847 aut
1998 2798 2178 2847 dictum

453 2958 488 2992 1.
515 2955 704 2993 Volterran
733 2956 904 2993 confirme
931 2968 990 2993 ces
1011 2956 1094 2994 faits
1114 2955 1206 2992 dans
1227 2967 1293 2993 son
1312 2956 1460 2994 Journal
1475 2956 1583 3005 (Voy.
1599 2957 1787 3000 Muratori,
1805 2958 1889 2995 Ber.
1906 2957 1995 2994 Ital.
2014 2958 2154 3004 Script.
2167 2985 2177 3004 ,

404 3014 584 3060 t.'xxllr,
604 3015 674 3052 col.
689 3016 789 3063 200).

450 3075 628 3122 Jusqu’au
652 3081 743 3111 xvne
771 3074 891 3120 siecle,
914 3075 944 3111 la
967 3080 1059 3112 mort
1079 3076 1165 3113 d'un
1191 3086 1283 3123 pape
1303 3076 1388 3112 etait
1414 3076 1447 3112 le
1468 3078 1626 3112 moment
1650 3075 1718 3111 mis
1739 3077 1760 3110 a
1778 3074 1885 3122 profit
1905 3085 1970 3122 par
1988 3074 2040 3111 les
2061 3075 2176 3123 purti-

403 3133 533 3169 culiers
554 3138 591 3170 et
608 3133 659 3170 les
680 3133 831 3170 factions
852 3133 980 3170 rivales
1000 3145 1091 3182 pour
1110 3145 1245 3180 venger
1264 3133 1359 3170 leurs
1380 3134 1530 3181 injures,
1553 3138 1588 3170 et
1616 3138 1708 3170 cette
1731 3138 1827 3169 sorte
1853 3132 1897 3169 de
1922 3145 2052 3180 guerre
2071 3133 2175 3170 civile

401 3191 520 3228 durait
537 3192 683 3241 jusqu’a
701 3191 877 3229 l’election
895 3193 943 3228 du
964 3203 1130 3228 nouveau
1149 3191 1298 3239 pontife.
1319 3192 1391 3227 Sur
1410 3193 1460 3228 les
1485 3192 1646 3229 troubles
1672 3191 1735 3238 qui
1755 3191 1947 3228 eclaterent
1971 3194 1993 3228 a
2018 3192 2133 3229 Rome
2153 3195 2174 3229 ὲ

401 3249 436 3284 la
454 3255 546 3286 mort
565 3251 609 3287 de
626 3250 728 3288 Sixte
750 3251 811 3296 IV,
834 3262 916 3299 voy.
939 3252 1076 3287 Diario
1096 3252 1138 3286 di
1156 3252 1279 3287 Roma
1306 3252 1377 3286 del.
1395 3252 1541 3296 Notajo
1565 3251 1625 3286 del
1645 3251 1888 3296 Nantiporco,
1911 3250 2002 3286 dans
2023 3251 2171 3303 Murat.‚

402 3311 429 3343 t.
451 3307 512 3351 111,
539 3309 606 3344 col.
643 3309 787 3354 {088-9,
818 3315 850 3346 et
872 3310 903 3346 le
923 3310 1071 3347 Journal
1099 3309 1321 3346 d'Infessura
1352 3310 1443 3346 dans
1474 3309 1608 3346 Eccard
1632 3321 1640 3346 ε
1662 3310 1811 3356 Corpus
1838 3309 1938 3345 Hist.
1959 3310 2076 3345 medii
2098 3312 2169 3344 κω·

400 3365 555 3412 (Lipsiae,
576 3368 599 3401 2
621 3368 690 3404 vol.
718 3368 852 3412 in—s01.,
882 3369 1002 3416 1723),
1023 3373 1049 3406 t.
1072 3369 1113 3414 11,
1143 3368 1210 3405 col.
1235 3369 1382 3412 1942-3,
1412 3372 1508 3405 texte
1533 3379 1603 3416 que
1628 3368 1665 3415 je
1694 3367 1814 3405 citerai
1842 3368 1886 3403 de
1915 3368 2119 3416 preference
2145 3369 2167 3403 a

399 3423 490 3460 celui
517 3424 560 3460 de
586 3425 772 3470 Muratori,
803 3428 864 3475 qui
895 3428 942 3464 l'a
970 3427 1114 3464 modifie
1140 3439 1184 3464 en
1212 3427 1391 3475 plusieurs
1421 3427 1595 3473 endroit-S,
1618 3439 1755 3464 comme
1785 3427 1808 3463 il
1838 3438 1881 3463 en
1908 3425 2163 3463 convientlui-

399 3485 513 3519 meme
534 3482 626 3520 dans
648 3495 689 3521 sa
707 3485 862 3531 preface.
884 3486 995 3531 Mur„
1017 3491 1061 3532 t.,
1077 3487 1140 3532 111,
1162 3498 1199 3534 p.
1222 3498 1258 3531 11,
1281 3498 1317 3534 p.
1339 3486 1452 3523 1110.v
