2262 3958
361 339 430 373 240
486 317 489 321 '
964 335 1197 371 JOHANNJS
1230 334 1522 381 ssuRcuAnm,
1857 334 2008 376 wavria·
2029 332 2117 371 1487}

362 444 709 495 Romanorum;
741 442 866 502 Papa
888 438 1413 502 responditcardinales
1434 437 1647 502 predicta
1661 437 1905 486 ordinasse
1928 440 1974 484 et
1996 434 2125 498 quod

357 523 461 587 ipse
482 524 688 572 libenter
710 522 778 569 eis
794 510 1026 585 justitiam
1048 522 1355 569 ministraret.

424 606 673 654 Dominica
709 608 764 652 18
793 604 1036 664 februarii,
1067 609 1174 669 post
1204 604 1457 668 prandium
1479 603 1605 652 circa
1631 604 1801 652 horam
1821 602 2117 666 vigesimam,

356 692 672 737 cucurrerunt
689 687 846 748 Judei,
869 687 1150 751 vigesimum
1180 703 1320 736 suum
1342 687 1478 736 etatis
1501 703 1679 736 annum
1698 703 1794 736 non
1814 686 2119 743 excedentes,

353 771 411 819 ab
447 771 672 835 hospitali
717 771 1057 834 Angelicorum
1094 771 1154 819 ad
1188 771 1393 834 plateam
1429 787 1467 819 s.
1505 770 1630 819 Petri
1668 786 1754 834 pro
1793 769 1935 834 pallio
1972 768 2122 816 rubeo

353 854 553 902 duarum
591 869 856 902 cannarum
894 854 1023 917 quod
1062 854 1220 902 favore
1254 854 1441 902 comitis
1484 853 1695 902 Tendille
1727 852 1896 901 habuit
1930 851 2123 916 quidam

345 937 521 1000 judeus
541 937 790 1001 hispanus,
813 937 910 1001 qui,
933 937 1210 1001 etsiprimus
1225 937 1420 1001 pallium
1441 937 1611 1000 tetigit,
1636 941 1797 984 tamen
1820 935 1939 984 alius
1964 934 2122 998 ipsum

351 1035 501 1083 usque
523 1035 671 1084 prope
693 1020 890 1084 pallium
914 1020 1150 1084 precurrit
1171 1020 1250 1068 ubi
1273 1037 1300 1068 a
1321 1020 1527 1084 quodam
1555 1034 1678 1083 equo
1705 1018 1963 1082 impeditus
1994 1017 2121 1066 ceci-

350 1101 439 1161 dit3
470 1107 725 1167 propterea
746 1102 893 1151 fuisse
915 1103 973 1152 de
995 1119 1118 1152 novo
1140 1103 1448 1152 currendum.
1479 1103 1653 1151 Eadem
1681 1102 1774 1161 die,
1805 1104 2120 1150 cucurrerunt

352 1189 396 1234 et
427 1201 567 1234 senes
602 1202 746 1250 supra
772 1186 1224 1250 quinquagesimum
1249 1186 1484 1234 habentes
1517 1201 1603 1249 pro
1633 1185 1772 1233 simili
1801 1184 1962 1248 pallio,
1993 1182 2123 1248 quod

348 1267 514 1315 habuit
561 1268 756 1331 quidam
796 1268 1082 1317 alemannus
1126 1286 1136 1317 :
1176 1273 1490 1318 cucurrerunt
1530 1283 1558 1316 a
1597 1271 1761 1317 Castro
1794 1284 1831 1315 s.
1862 1266 2031 1331 Angeli
2062 1266 2122 1314 ad

348 1350 580 1414 palatium
600 1367 637 1398 s.
666 1350 809 1399 Petri.

381 1496 383 1498 Ι
413 1434 551 1482 Feria
576 1434 803 1493 secunda,
834 1438 890 1483 19
914 1434 1141 1483 februarii
1162 1440 1271 1497 post
1296 1435 1550 1499 prandium
1582 1439 1898 1485 cucurrerunt
1921 1434 2121 1499 juvenes
2149 1454 2152 1458 ·

350 1533 493 1581 supra
517 1517 679 1581 viginti
711 1522 757 1566 et
787 1517 911 1566 infra
934 1518 1130 1581 triginta
1162 1533 1313 1566 annos
1333 1518 1567 1567 habentes
1598 1519 1656 1567 ab
1690 1517 1913 1583 hospitali
1934 1516 2124 1582 Angeli-

349 1615 514 1647 corum
543 1600 603 1647 ad
628 1600 837 1664 plateam
872 1617 911 1647 s.
949 1600 1074 1649 Petri
1105 1616 1192 1664 pro
1222 1600 1365 1664 pallio
1391 1601 1593 1649 duarum
1621 1617 1883 1651 cannarum
1916 1599 2121 1650 setonini
2147 1588 2149 1590 ¹

350 1683 539 1731 celestis
567 1684 695 1747 quod
716 1684 861 1733 hodie
886 1684 1045 1731 nullus
1072 1683 1255 1743 hahuit,
1281 1684 1391 1748 quia
1411 1700 1508 1732 non
1529 1684 1812 1733 fuitbonum
1833 1683 2120 1748 principium

351 1783 535 1815 cursus.
555 1766 735 1815 Eadem
758 1767 852 1826 die,
877 1771 1045 1814 Rmus.
1072 1769 1128 1814 D.
1154 1767 1407 1814 cardinalis
1430 1767 1488 1815 de
1515 1768 1748 1816 Columna
1770 1768 1975 1816 larvatus
1997 1780 2121 1830 equo

351 1867 461 1899 cum
497 1850 645 1898 tribus
676 1850 778 1898 aliis
814 1850 1137 1899 cardinalibus
1179 1850 1322 1898 etiam
1350 1850 1539 1899 larvatis
1578 1867 1664 1914 per
1694 1851 1904 1914 plateam
1941 1849 2123 1898 discur-

353 1950 463 1982 rens
497 1932 667 1981 cecidit
693 1933 900 1997 graviter
933 1948 1041 1981 cum
1066 1947 1190 1996 equo
1224 1933 1351 1981 circa
1371 1933 1624 1982 ecclesiam
1647 1936 1694 1982 S.
1723 1933 1995 1991 Salvatoris,
2025 1947 2120 1981 non

351 2016 452 2064 sine
473 2016 686 2079 periculo
722 2032 824 2064 suo.
2112 2008 2113 2011 Ἴ

416 2099 553 2147 Feria
571 2103 756 2161 quarta,
775 2102 834 2147 20
857 2098 1098 2159 februarii,
1112 2104 1443 2160 cucurrerunt,
1457 2104 1508 2148 ut
1529 2115 1688 2163 supra,
1699 2100 1901 2163 juvenes
1921 2097 2122 2162 predicti

350 2196 436 2244 pro
459 2182 629 2230 eodem
649 2181 792 2245 pallio
810 2181 939 2245 quod
959 2182 1127 2230 habuit
1144 2182 1338 2246 quidam
1359 2183 1417 2231 de
1438 2183 1688 2242 Vioovaro,
1711 2197 1867 2246 nuper
1887 2181 2121 2230 stafferius

355 2266 410 2311 D.
435 2264 631 2312 Gentilis
649 2264 863 2328 Virginei
889 2264 948 2312 de
970 2265 1166 2312 Ursinis.
1190 2265 1368 2314 Eadem
1390 2266 1483 2326 die,
1510 2269 1569 2313 20
1591 2265 1834 2324 februarii,
1854 2267 1962 2329 post
1978 2281 2121 2329 pran-

350 2346 498 2407 dium,
524 2351 839 2396 cucurrerunt
868 2347 1004 2410 pueri
1027 2364 1205 2395 annum
1239 2348 1479 2396 decimum
1501 2348 1721 2411 quintum
1746 2347 1958 2396 nondum
1987 2363 2120 2395 com-

348 2429 530 2491 pletum
563 2429 816 2489 hahentes,
853 2429 911 2478 ah
941 2430 1165 2493 hospitali
1196 2430 1536 2493 Angelioorum
1568 2445 1719 2492 usque
1750 2428 1810 2477 ad
1837 2429 2045 2492 plateam
2076 2446 2115 2477 s.

352 2511 479 2560 Petri
501 2511 611 2560 bina
628 2512 753 2571 vice3
780 2511 891 2574 quia
908 2512 1090 2574 primus
1119 2527 1286 2560 cursus
1316 2528 1413 2560 non
1433 2511 1601 2560 habuit
1631 2512 1811 2560 honum
1832 2511 2119 2575 principium

350 2610 436 2658 pro
458 2595 600 2658 pallio
622 2595 825 2643 duarum
849 2610 1110 2643 cannarum
1133 2595 1335 2643 setouini
1358 2595 1547 2643 celestis
1569 2594 1698 2658 quod
1713 2594 1882 2642 hahuit
1903 2594 2119 2657 ragacius

353 2676 567 2725 Federici
601 2676 658 2725 de
691 2677 855 2726 Lucha
882 2695 890 2725 :
917 2676 1004 2725 fuit
1023 2682 1278 2741 propterea
1309 2693 1484 2742 magna
1504 2677 1708 2741 questio,
1733 2693 1844 2725 nam
1866 2677 1985 2725 alius
2011 2681 2120 2740 post

348 2760 615 2824 predictum
633 2761 816 2824 primus
834 2760 1051 2824 ragacius
1073 2761 1160 2808 fuit
1186 2760 1431 2809 castellani
1461 2762 1508 2808 S.
1530 2759 1718 2823 Angeli‚
1741 2764 1919 2808 etcum
1946 2758 2121 2823 guber-

349 2846 486 2891 nator
512 2859 620 2892 cum
653 2845 796 2907 pallio
828 2850 874 2893 et
903 2844 1133 2908 harigello
1158 2860 1213 2893 ac
1240 2844 1331 2893 alia
1360 2849 1502 2908 gente
1540 2860 1624 2891 sua
1653 2847 1849 2908 pontem
1881 2860 1921 2892 s.
1951 2841 2119 2906 Angeli

349 2927 640 2990 pertransire
678 2927 918 2987 volebant,
950 2927 1256 2991 provisionati
1287 2926 1428 2975 castri
1449 2925 1650 2990 predicti
1678 2925 1720 2974 ei
1748 2924 1933 2989 eripere
1962 2923 2120 2972 volue-

354 3013 488 3067 runt3
513 3009 642 3072 quod
657 3010 909 3074 previdens
931 3011 1223 3075 gubernator
1244 3026 1354 3059 cum
1372 3010 1514 3073 pallio
1528 3013 1575 3057 et
1585 3013 1725 3073 gente
1743 3024 1829 3056 sua
1845 3007 2119 3057 retrocessit

354 3106 442 3154 per
470 3096 668 3155 pontem
700 3108 874 3141 novum
904 3112 912 3141 :
938 3094 1098 3157 plures
1120 3094 1311 3143 fuerunt
1334 3107 1482 3157 prope
1504 3096 1714 3140 castrum
1743 3096 1999 3156 propterea
2017 3088 2118 3137 vul-

357 3175 528 3223 nerati.
577 3175 776 3224 Pallium
825 3180 1065 3240 portatum
1113 3176 1199 3224 fuit
1241 3175 1302 3222 ad
1351 3174 1547 3222 domum
1589 3173 1713 3221 Rmi.
1762 3175 1818 3220 D.
1867 3170 2116 3221 cardinalis

359 3259 611 3306 camerarii
640 3264 686 3307 et
712 3259 828 3307 illud
854 3259 1031 3308 ibidem
1061 3260 1197 3323 cujus
1227 3262 1328 3306 erat
1351 3257 1701 3320 consignatum,
1730 3255 1842 3319 quia
1861 3253 2117 3303 familiares

358 3341 578 3402 ejusdem
608 3342 730 3389 Rmi.
763 3345 819 3390 D.
849 3342 1097 3392 camerarii
1125 3341 1308 3389 favores
1339 3339 1381 3387 ei
1402 3338 1692 3402 prestabant.
2155 3341 2158 3343 ’

424 3424 562 3472 Feria
588 3429 772 3487 quarta,
809 3428 860 3472 21
895 3424 1136 3484 februarii,
1166 3428 1273 3488 post
1299 3423 1571 3487 prandium,
1604 3422 1917 3472 cucurrerunt
1942 3417 2060 3478 asini
2091 3431 2119 3466 a
