2262 3958
327 319 398 353 532
1071 313 1352 349 APPENDICE.

325 417 464 468 piunt.
488 415 637 467 Legati
658 414 799 455 Cilicie
820 414 1040 454 littoribus
1057 413 1256 454 rhodiam
1276 413 1500 454 bix-renum
1519 425 1620 455 casa
1640 418 1857 467 repertam
1879 426 2086 456 conscen-

324 481 448 530 dunt,
470 479 745 531 rhodumque
766 479 992 531 nauigant.
1021 480 1189 518 Interea
1218 478 1459 530 nauigium,
1481 479 1600 530 apud
1618 491 1668 520 ea
1687 480 1832 521 littora
1854 480 2089 521 stationem

326 546 510 594 habens,
541 547 733 597 Zyzymy
764 543 965 584 conducit
995 547 1058 594 ut,
1094 543 1130 584 si
1163 554 1292 584 casus
1311 544 1518 597 exegerit,
1551 547 1731 596 repente
1758 556 1809 586 eo
1830 555 2088 595 conscenso,

328 610 458 652 saluti
493 620 669 661 quoquo
711 609 841 650 modo
877 609 1092 649 consulat.
1127 609 1277 662 Legati
1307 609 1384 649 ubi
1413 609 1600 650 rhodum
1635 609 1926 661 appulerunt,
1962 611 2092 652 iussu

332 675 526 728 equitum
558 673 757 726 magistri
793 673 904 714 Petri
937 675 1203 716 Daubusson
1237 677 1392 715 senatu
1428 676 1596 724 coacto,
1630 674 1677 714 in
1706 674 1818 714 hanc
1850 673 2093 728 loquuntur

334 740 611 782 sententiam.

716 844 732 864 ι
759 831 896 869 Oratio
916 828 1151 881 leyacoram
1166 833 1211 868 in
1230 830 1391 870 Senatu
1410 828 1663 870 Rhodiorum
1683 841 1697 869 .·

389 930 812 973 «Precellentissime
850 930 1052 982 princeps
1092 934 1134 971 et
1171 931 1402 983 magister3
1443 930 1870 982 prestantissimique
1902 931 2091 983 equites.

332 997 639 1039 Nobilissimus
668 995 927 1036 adolescens
956 1007 1006 1036 ac
1038 995 1215 1036 sublimi
1243 996 1337 1036 loco
1367 998 1498 1036 natus
1530 998 1722 1048 Zyzymy
1749 1006 1841 1044 rex,
1867 987 2098 1036 Othuman-

333 1062 458 1103 nides
479 1060 653 1102 Maximi
672 1061 788 1113 regis
810 1072 965 1112 nepOS,
999 1061 1343 1112 splendidissimi
1368 1061 1645 1113 imperatoris
1677 1060 1793 1101 filius
1816 1072 1866 1101 ac
1885 1060 2110 1112 potentis-·

335 1127 434 1167 simi
463 1127 639 1179 tyranni
670 1137 924 1178 germanus,
959 1125 1155 1167 adversis
1186 1126 1320 1166 rebus
1343 1126 1398 1166 ad
1421 1128 1597 1178 tempus
1635 1125 1810 1174 cedens,
1833 1126 1950 1178 cupit
1977 1125 2036 1167 ad
2053 1127 2097 1166 te

337 1191 709 1243 sapientissimum
724 1191 963 1242 principem
982 1193 1024 1231 et
1037 1190 1445 1231 victoriosissimum
1478 1191 1742 1243 magistrum
1761 1201 1929 1242 vosque
1946 1190 2098 1232 fortis-

336 1256 470 1296 simos
491 1255 677 1296 athletas
712 1254 963 1307 confugere.
1001 1266 1191 1306 quorum
1211 1250 1462 1306 prudentia,
1478 1254 1659 1296 consilio
1680 1258 1812 1307 atque
1838 1266 1936 1307 ope,
1963 1256 2098 1306 rebus

336 1321 504 1362 afflictis
520 1320 686 1361 mederi
706 1320 860 1371 possit.
887 1321 1027 1370 Quam
1048 1332 1233 1372 propere
1254 1320 1515 1361 mittendam
1529 1320 1730 1369 classem,
1747 1331 1846 1361 esse
1865 1321 1995 1373 petit;
2014 1330 2100 1373 que

336 1387 482 1438 ipsum
517 1385 752 1436 excipiens,
793 1386 993 1426 Rhodum
1033 1385 1231 1434 diuehat;
1269 1385 1491 1438 fidemque
1534 1386 1752 1437 publicam
1788 1385 1993 1438 implorat
2012 1390 2100 1439 qua

337 1455 459 1493 tutus
479 1451 524 1491 in
539 1453 730 1492 vestram
754 1450 963 1491 ditionem
999 1454 1148 1502 pateat
1167 1450 1328 1491 aditus.
1362 1453 1448 1491 Hoc
1480 1450 1575 1491 loco
1596 1450 1758 1491 referre
1778 1461 1868 1491 non
1886 1451 1994 1492 libet
2013 1444 2101 1504 que

336 1520 507 1558 vestros
525 1515 702 1568 quidem
736 1517 1115 1567 prestantissimos
1144 1517 1315 1557 animos
1348 1516 1647 1567 persuadeant
1663 1519 1713 1556 ut
1732 1516 1904 1569 regium
1934 1514 2102 1558 adoles·

341 1585 511 1623 centem
532 1593 622 1622 non
641 1581 860 1622 reiiciatis.
884 1581 1049 1622 Nobilis
1070 1582 1149 1622 viri
1170 1582 1293 1631 estis,
1314 1584 1355 1622 et
1376 1582 1511 1623 multa
1525 1581 1683 1634 prediti
1701 1580 1933 1633 prudentia
1957 1594 1968 1622 :
1989 1582 2098 1636 satis

340 1659 559 1699 superque
592 1647 833 1699 intelligitis
870 1647 1023 1698 quanti
1054 1647 1262 1698 ponderis
1307 1647 1496 1689 existant
1536 1647 1772 1699 postulata,
1811 1649 1854 1688 et
1887 1649 1995 1698 quot
2031 1646 2102 1688 vel

338 1713 490 1765 quales
505 1711 671 1752 fructus
693 1712 796 1752 inde
823 1713 994 1763 excerpi
1026 1712 1254 1763 posterint.
1291 1713 1459 1752 Scimus
1493 1712 1610 1754 enim
1643 1723 1722 1753 vos
1754 1711 2100 1763 preclarissimos

339 1779 456 1820 viros
472 1778 606 1818 armis
627 1780 821 1827 asuetOS,
841 1788 912 1818 res
937 1778 1080 1830 magis
1108 1789 1242 1829 quam
1266 1778 1399 1818 verba
1430 1778 1681 1828 impellere3
1709 1788 1845 1829 quare
1877 1775 2101 1830 prolixiori

339 1854 541 1892 sermone
592 1843 879 1883 suavissimas
924 1853 1055 1882 aures
1099 1853 1190 1882 non
1228 1842 1540 1883 obtundemus.
1589 1841 1946 1883 Potentissimum
1982 1841 2101 1895 regis

337 1912 489 1950 natum
514 1909 571 1949 ad
588 1919 667 1949 vos
697 1907 975 1947 accedentem
995 1907 1111 1958 (licet
1130 1905 1380 1958 profugum)
1400 1917 1456 1947 ne
1479 1906 1820 1962 floccipendens.
1843 1906 2102 1949 ‘indecorum

340 1974 455 2020 enim
474 1977 606 2023 esset,
626 1972 802 2013 asillum
829 1972 921 2024 regi
943 1971 1161 2020 claudere,
1190 1971 1308 2023 quod
1330 1971 1397 2012 vel
1416 1971 1657 2012 homonciis
1679 1974 1721 2012 et
1737 1971 1893 2023 pusilis
1923 1983 2099 2024 semper

339 2039 494 2090 patuit.
524 2038 708 2079 Celebre
733 2037 912 2088 quidam
950 2039 1018 2077 est
1049 2040 1244 2078 vestrum
1277 2035 1410 2089 (apud
1447 2040 1618 2077 exteras
1652 2036 1869 2087 nationes)
1905 2047 2119 2094 nomem,

336 2104 455 2155 quod
475 2107 517 2144 et
538 2113 746 2144 caucasos
770 2105 943 2143 montes
974 2102 1244 2142 transcendit
1282 2105 1324 2142 et
1357 2101 1485 2142 indos
1506 2102 1778 2154 penetravit;
1815 2102 1934 2154 quod
1963 2102 2097 2143 armis

336 2169 421 2210 vim
451 2168 663 2219 repellere
691 2179 782 2209 non
801 2168 990 2220 ignorat,
1025 2171 1067 2208 et
1096 2167 1308 2220 profugos
1338 2167 1489 2209 fouere
1521 2168 1632 2209 asilo
1654 2167 1875 2208 tutissimo
1901 2178 1992 2209 non
2009 2167 2101 2209 fas-

338 2234 432 2274 tidit
457 2244 703 2285 generosus
731 2236 879 2275 vester
911 2233 1102 2274 animus.
1141 2233 1301 2274 Littere
1319 2233 1364 2274 in
1397 2236 1554 2274 senatu
1586 2233 1778 2282 recitate,
1806 2232 1925 2274 idem
1949 2235 2104 2285 postu·

337 2300 444 2340 lant.

978 2379 998 2401 «
1018 2363 1203 2404 Senatus
1224 2366 1463 2404 consultum.

393 2481 409 2500 «
431 2465 603 2517 Legatis
622 2465 738 2504 curia
760 2463 974 2513 exclusis;
1008 2464 1220 2516 magister
1248 2467 1394 2516 patres
1415 2464 1590 2516 quoque
1625 2462 1679 2504 de
1709 2474 1756 2504 re
1785 2464 2036 2505 consultant
2060 2466 2103 2506 et

298 2537 301 2539 ’
337 2529 472 2569 multa
488 2532 634 2568 mente
649 2529 831 2580 agitant,
847 2539 932 2580 que
948 2528 1079 2568 modo
1093 2528 1282 2568 suadent
1299 2531 1347 2567 ut
1367 2539 1518 2580 regem
1531 2531 1723 2581 Zyzymy
1742 2528 1948 2580 exipiant,
1970 2529 2102 2571 modo

338 2596 386 2633 ut
406 2592 602 2633 reiiciant
619 2592 864 2643 impellunt.
883 2591 1078 2632 Tandem
1099 2603 1152 2632 ex
1172 2593 1392 2633 rationum
1410 2593 1719 2633 controversiis
1734 2591 1829 2644 (seu
1847 2603 1901 2633 ex
1920 2593 2107 2642 calculo-·

338 2670 435 2698 rum
449 2657 672 2697 collisione
686 2657 815 2703 ignea
834 2655 1033 2709 scintilla)
1050 2668 1137 2698 una
1155 2658 1340 2697 resultat
1354 2657 1591 2707 sententia3
1610 2657 1936 2710 decernuntque
1950 2659 2102 2711 regem

339 2721 658 2774 excipiendum,
693 2722 900 2763 alendum
938 2724 1069 2774 atque
1102 2721 1343 2763 fouendum
1366 2722 1514 2774 :quod
1541 2722 1686 2763 eiusce
1714 2726 1901 2777 euentus
1931 2724 2100 2764 occasio

337 2787 569 2828 christiane
589 2787 790 2839 religioni
810 2787 1038 2838 profutura
1061 2787 1130 2827 sit.
1157 2787 1426 2827 Intromissis
1446 2787 1621 2840 legatis,
1646 2776 1827 2828 senatus
1851 2789 2102 2830 consultum

340 2852 483 2892 editur
505 2864 515 2892 :
534 2852 642 2892 actis
659 2853 828 2904 gratiis,
851 2855 1012 2904 petunt·
1031 2855 1079 2892 ut
1103 2863 1174 2893 res
1206 2853 1463 2904 quantotius
1492 2855 1705 2904 parentur
1723 2863 1779 2893 ne
1797 2853 1920 2895 mor'a
1949 2853 2103 2909 discri-

340 2928 441 2958 men
466 2917 631 2957 afferat.

502 3061 519 3081 ι
551 3045 712 3085 Classis
730 3047 915 3095 paratur
934 3049 970 3085 et
993 3046 1187 3086 Ciliciam
1206 3046 1380 3097 nauigat
1393 3046 1448 3086 ad
1467 3048 1654 3099 Zyzymy
1673 3041 1968 3088 deuehendum.
2079 3070 2082 3071 ν

398 3162 414 3180 «ι
440 3145 646 3186 Oneraria
664 3146 798 3198 igitur
817 3146 945 3187 nauis
966 3146 1168 3186 triremes
1193 3147 1458 3199 nauigiaque
1475 3149 1685 3197 parantur
1709 3159 1718 3186 ε
1740 3145 1976 3198 prefectus,
1994 3146 2102 3186 insi-

340 3210 439 3260 gnis
461 3221 612 3261 eques,
643 3211 913 3263 designatur,
951 3212 1041 3263 qui,
1073 3212 1213 3252 classe
1237 3222 1491 3260 conscensa,
1525 3212 1640 3252 clara
1660 3212 1848 3252 militum
1879 3210 2102 3251 hierosoli-

343 3285 515 3314 morum
551 3276 781 3316 comitatus
821 3279 996 3317 caterua
1028 3277 1073 3315 in
1103 3277 1292 3316 Ciciliam
1330 3276 1537 3327 nauigata
1567 3277 1644 3316 ubi
1675 3276 1762 3316 illic
1793 3276 1973 3327 appulit.
2018 3276 2107 3315 Rex

344 3340 534 3391 Zyzymy
561 3341 790 3393 nauigium
825 3341 878 3381 de
909 3352 995 3392 quo
1032 3353 1164 3392 supra
1197 3341 1464 3381 mentionem
1495 3340 1693 3388 fecimus,
1729 3341 1858 3381 citato
1894 3349 2106 3391 equorum

342 3414 483 3453 cursa,
502 3406 762 3456 urgentibus
784 3406 1230 3465 germanimilnitibus,
1256 3405 1345 3446 iam
1364 3406 1691 3446 conscenderat.
1721 3407 1852 3446 Fama
1873 3408 2059 3449 esticum
2081 3413 2106 3442 a
