2262 3958
908 299 1192 337 APPENDICE.
1875 298 1946 334 539

153 406 315 449 'simam
344 406 524 459 gentem
557 403 692 445 armis
724 403 976 455 perturbat;
1006 402 1142 444 fortes
1169 402 1350 455 quidem
1377 401 1553 454 hispani
1583 412 1692 454 pace
1712 400 1943 450 fruuntur3

153 475 332 524 tempus
351 469 447 512 ocio
467 472 662 511 terentes
677 468 948 522 assiduoque
977 469 1223 522 cogitantes
1252 479 1340 521 quo
1360 471 1487 521 pacto
1505 468 1744 510 barbaram
1764 471 1944 521 gentem

151 537 294 581 betica
314 536 655 588 imperitantem,
678 534 840 576 fretum
861 534 1123 587 gaditanum
1139 534 1337 575 traiicere
1358 538 1401 575 et
1422 534 1590 586 patrios
1610 534 1727 575 lares
1747 545 1945 574 remeare

153 605 330 655 cogant.
363 602 646 643 Theutonum
664 601 786 642 natio
807 601 971 650 incHta,
995 611 1082 652 que
1110 601 1356 640 incolarum
1373 600 1622 652 frequentia
1644 599 1803 641 ceteris
1820 598 1944 640 facile

152 670 343 721 prestat3
367 667 615 720 principum
646 666 896 718 pluralitate
917 676 1090 718 suaque
1107 665 1413 719 magnitudine
1433 665 1606 706 laborat
1628 678 1638 706 ;
1660 668 1702 705 et
1725 665 1942 717 priuatam

153 734 366 777 ditionem
386 733 519 776 tutari
540 733 731 785 quisque
755 731 827 773 vel
853 742 1021 784 augere
1049 731 1217 771 nititur.
1250 731 1409 783 Anglia
1430 731 1623 771 strenuis
1641 731 1744 772 viris
1764 730 1940 780 referta,

151 804 195 842 et
215 800 362 843 dotale
380 811 407 842 a
428 802 651 841 scotorum
671 808 777 850 rege
809 797 966 849 repetit
993 807 1247 849 sponseque
1273 799 1578 848 contemptum
1598 796 1820 838 vindicare
1841 807 1942 849 pro-

152 868 293 919 perat.
329 865 426 918 Quo
457 863 508 906 fit
536 867 585 906 ut
617 862 944 904 bellicosissimi
967 862 1048 904 viri
1077 862 1166 903 acri
1194 862 1313 902 bello
1345 862 1647 914 implicentur;
1686 863 1796 903 mira
1828 865 1947 903 certe

153 942 328 974 morum
342 930 533 979 insania,
555 940 667 982 pace
688 928 888 970 omnium
913 927 1022 981 (zelo
1041 927 1144 968 fidei
1165 926 1403 980 impulsus)
1422 927 1622 968 dixerim.
1642 928 1761 968 Gens
1776 918 1949 969 christi-

151 997 246 1040 cola
266 1007 355 1052 que
372 991 441 1038 sui
453 994 749 1047 redemptoris
783 994 1075 1048 ignominiam
1106 993 1325 1035 vindicare
1346 993 1494 1040 debet,
1522 993 1710 1046 priuatis
1733 993 1943 1034 obcecata

152 1062 395 1113 affectibus
423 1062 469 1103 in
495 1061 750 1113 prophanos
778 1071 887 1102 usus
914 1071 1021 1101 suas
1047 1061 1177 1101 vertit
1209 1060 1340 1101 vires.
1376 1060 1547 1102 utinam
1577 1070 1682 1100 seua
1701 1059 1781 1100 hec
1800 1070 1938 1109 arma,

146 1130 237 1182 he
250 1128 378 1171 fortia
395 1130 589 1180 pectora,
612 1126 668 1168 he
689 1127 821 1178 vires,
844 1127 889 1167 hi
919 1137 1082 1168 census
1114 1126 1279 1168 thurcis
1302 1126 1584 1167 obicerentur
1599 1128 1647 1166 ut
1669 1125 1828 1166 saltem
1844 1135 1941 1178 gre-

151 1185 219 1238 ciff'
236 1198 281 1237 et
298 1193 540 1247 imperialis
563 1193 693 1235 sedes
709 1192 994 1247 (tempestate
1011 1192 1183 1246 nostra)
1203 1192 1416 1233 catholico
1437 1192 1571 1233 cultui
1592 1191 1756 1241 ablata,
1777 1191 1941 1232 christo

150 1259 523 1314 redintegaretur,
558 1263 601 1301 et
634 1258 753 1312 quod
786 1259 927 1300 nostri
957 1262 1107 1311 patres
1145 1269 1318 1312 nosque
1354 1257 1432 1299 filii
1467 1257 1759 1310 perdidimus,
1793 1259 1947 1297 nostro

151 1325 607 1376 cultuivendicemus,
631 1325 796 1366 missas
817 1324 1030 1366 faciamus
1063 1325 1269 1378 querelas
1293 1338 1302 1365 z
1328 1324 1438 1365 deus
1474 1324 1571 1365 sine
1605 1323 1733 1376 cujus
1753 1326 1865 1364 nutu
1879 1323 1941 1364 nil

147 1396 274 1435 recte
311 1392 475 1446 agitur,
510 1392 587 1445 qui
624 1403 678 1432 ex
712 1391 800 1432 alta
836 1391 1013 1444 specula
1047 1402 1186 1445 vagas
1227 1391 1459 1432 hominum
1500 1392 1675 1431 mentes
1715 1389 1942 1442 prospicit,

147 1459 364 1512 graticam
383 1457 609 1518 mentibus
630 1456 854 1507 infundat;
871 1468 959 1511 qua
979 1457 1217 1498 illuminati
1241 1456 1441 1498 catholici
1464 1456 1518 1497 de
1537 1455 1774 1508 nephanda
1794 1458 1944 1508 tyran-

150 1525 270 1574 nide,
309 1524 545 1566 vindictam
578 1524 847 1577 quandoque
891 1526 1084 1564 sumant.
1119 1525 1207 1565 Nec
1238 1523 1354 1564 inter
1388 1524 1470 1564 hos
1503 1523 1691 1576 quidem
1722 1532 1948 1562 armorum

150 1589 352 1633 fremitus
380 1594 422 1632 et
442 1590 845 1632 truculentissimas
872 1588 978 1631 fidei
1006 1590 1202 1631 hostium
1235 1590 1351 1631 vires
1384 1589 1651 1642 horridaque
1671 1599 1810 1629 arma.
1842 1587 1942 1629 Cla-

154 1656 333 1699 rissima
346 1654 519 1712 ‚rhodus
539 1656 700 1698 minori
723 1656 819 1698 asie
835 1654 942 1710 (que
963 1656 1118 1697 thurco
1149 1658 1290 1708 paret)
1324 1656 1533 1697 adiacens
1566 1655 1713 1708 quieta
1730 1654 1942 1706 persistit.

154 1724 254 1776 Ipsa
277 1724 396 1764 certe
408 1721 547 1764 multa
578 1722 857 1772 detrimenta,
878 1722 1018 1763 multa
1038 1723 1248 1775 pericula,
1279 1722 1417 1763 multa
1438 1722 1622 1774 insuper
1640 1723 1859 1762 tormenta
1876 1723 1944 1760 est

150 1791 346 1842 experta.
393 1788 563 1840 Quibus
607 1789 708 1830 licet
755 1792 1014 1842 oppugnata
1059 1788 1309 1842 afflictaque
1352 1799 1507 1840 pressa
1537 1787 1618 1828 fuit
1643 1801 1652 1828 ε
1673 1798 1763 1828 non
1794 1789 1944 1827 tamen

149 1857 403 1908 expugnata
422 1854 533 1896 victa
561 1854 632 1896 vel
658 1854 867 1895 distracta
899 1854 1053 1895 extitit.
1087 1855 1173 1896 Sed
1204 1855 1546 1895 christianorum
1583 1854 1753 1894 cultum
1773 1853 1946 1894 fortiter

151 1923 296 1963 tutata
313 1923 399 1971 est,
422 1930 474 1960 ac
493 1919 675 1962 iuvante
696 1920 795 1970 deo,
831 1920 1012 1961 retinuit
1041 1923 1088 1961 ut
1115 1921 1161 1961 in
1190 1920 1352 1972 pusillo
1373 1921 1621 1972 principatu
1639 1923 1682 1960 et
1700 1929 1943 1971 paucorum

147 1996 281 2028 cruce
314 1986 594 2040 signatorum
627 1989 742 2036 cetu,
777 1986 1120 2028 machabeorum
1155 1987 1298 2028 instar
1317 1986 1463 2027 divina
1490 1987 1629 2027 vIrtus
1662 1985 1867 2034 eluceret,
1898 1987 1942 2025 et

146 2052 406 2094 thurcorum
421 2054 560 2093 tetras
579 2055 754 2092 mentes
775 2054 1056 2103 perterreret,
1080 2051 1156 2103 qui
1183 2050 1285 2103 (deo
1306 2049 1579 2103 posthabito)
1606 2061 1687 2091 sua
1714 2049 1939 2092 ferocitate

149 2115 379 2160 confidunt
394 2121 438 2158 et
453 2117 645 2169 propriis
669 2117 835 2159 viribus
855 2117 1118 2158 innituntur.

152 2292 170 2312 ι
196 2273 463 2317 Thurcorum
487 2273 581 2314 Rex
602 2273 861 2314 Rhodiorum
880 2285 1027 2325 pacem
1058 2275 1262 2325 affectans
1294 2274 1506 2325 quosdam
1539 2273 1753 2314 submittit
1781 2273 1859 2326 qui
1882 2274 1941 2314 ad

522 2340 675 2392 foedus
690 2339 1020 2393 percucz‘endum
1037 2341 1293 2392 mayistrum
1311 2341 1549 2381 hor-centur.

205 2471 220 2495 ι
246 2455 470 2510 impulsus
490 2454 640 2507 itaque
661 2454 871 2508 Bagyazit
903 2454 1158 2494 thurcorum
1186 2453 1442 2506 imperator,
1460 2453 1568 2495 dum
1586 2454 1769 2496 fratrem
1790 2466 1935 2507 perse-

146 2522 298 2577 quitur
313 2525 358 2564 et
373 2532 513 2575 regno
549 2520 726 2573 spoliat,
764 2520 1023 2561 rhodiorum
1047 2521 1348 2573 generositate
1377 2531 1531 2572 pacem
1563 2520 1674 2562 inire
1688 2521 1862 2562 affectat
1882 2524 1930 2562 ut

144 2588 268 2631 fratri
287 2587 478 2641 confugo
500 2598 603 2639 spes
622 2586 823 2628 aufferat.
852 2586 938 2627 Sed
963 2586 1183 2628 barbarus
1205 2586 1425 2639 princeps,
1447 2587 1668 2640 grauitate
1683 2591 1860 2628 seruata
1881 2598 1938 2628 ne

144 2653 434 2707 imperiosum
464 2652 836 2694 othumannidum
871 2652 993 2694 ledat
1009 2654 1224 2703 animum,
1247 2653 1535 2694 clandestinis
1556 2653 1753 2694 consiliis
1779 2652 1937 2694 foedus

145 2719 269 2773 petit.
288 2718 513 2771 Quosdam
543 2718 710 2771 quippe
731 2718 952 2759 submittit
973 2719 1049 2771 qui
1079 2719 1367 2772 negociorum
1388 2721 1592 2771 pretextu
1611 2716 1738 2760 vafro
1758 2718 1938 2771 ingenio

145 2784 491 2838 excogitatorum
504 2794 658 2836 pacem
674 2783 784 2824 mire
801 2783 1044 2825 hortentur.
1060 2784 1330 2825 Rhodiorum
1348 2795 1451 2826 vero
1466 2784 1711 2836 precellens
1727 2784 1940 2837 magister

143 2855 298 2905 petrus
328 2851 605 2900 daubusson,
639 2851 823 2892 consilio
865 2852 1107 2903 perspicaci
1143 2851 1358 2903 preditus,
1394 2854 1550 2903 tegnes
1588 2850 1746 2891 horum
1778 2850 1936 2900 vitans,

87 2963 89 2971 ,
144 2929 385 2971 parumper
405 2917 536 2959 surda
559 2927 666 2958 aure
682 2917 851 2957 monita
882 2917 1083 2969 preterit,
1107 2928 1157 2958 ac
1175 2920 1352 2969 tempus
1371 2919 1537 2967 terenS,
1561 2916 1732 2956 dissidii
1753 2914 1939 2956 fratrum

145 2984 287 3037 operit
323 2982 505 3025 exitum.
548 2984 763 3034 Bagyazit
800 2983 989 3023 huiusce
1027 2983 1199 3034 negocii
1236 2993 1445 3023 suarores
1468 2993 1591 3023 :non
1626 2982 1734 3022 satis
1775 2982 1940 3023 habere

145 3050 356 3103 ponderis
386 3050 670 3091 coniectans:
695 3051 809 3091 clam
843 3047 1112 3089 Sankiakbei
1144 3048 1241 3089 licie
1270 3048 1510 3100 presidem,
1541 3047 1798 3089 rhodiorum
1826 3040 1940 3088 fines

143 3114 410 3157 incolentem
428 3114 497 3168 (ut
528 3117 624 3156 arte
642 3124 799 3166 pacem
829 3111 1037 3160 suadeat;
1078 3121 1217 3163 seque
1253 3111 1545 3152 mediatorem
1567 3111 1737 3161 offerat)
1755 3110 1934 3151 inducit.

146 3181 354 3234 Magister
371 3191 502 3222 aures
521 3191 761 3232 parumper
795 3177 1068 3226 accomodat,
1104 3176 1224 3228 quod
1253 3177 1410 3229 grauis
1447 3177 1513 3218 vir
1548 3180 1666 3217 esset
1687 3189 1855 3228 preses.
1873 3178 1940 3218 Sic

146 3249 383 3287 semestres
403 3245 578 3286 inducie
599 3247 725 3297 pacte
747 3255 835 3296 quo
858 3244 912 3285 de
934 3253 1042 3295 pace
1074 3241 1218 3282 tucius
1250 3245 1476 3283 tractetur.
1500 3245 1585 3284 Nec
1617 3244 1831 3296 magister
1849 3255 1939 3285 ma-

142 3322 340 3364 gnopere
361 3309 496 3352 fidem
522 3310 701 3352 barbari
726 3310 870 3351 fallaci
900 3308 1080 3361 ingenio
1117 3308 1317 3358 adhibet3
1351 3308 1431 3349 sed
1458 3312 1507 3348 ut
1537 3309 1815 3350 induciarum
1842 3321 1939 3362 pre-

144 3380 269 3418 textu
307 3380 582 3418 commeatus
613 3377 830 3425 vendicet,
867 3386 989 3416 more
1019 3374 1210 3415 barbaro
1226 3375 1356 3427 gerit.
1389 3375 1441 3415 At
1468 3379 1635 3427 quanto
1673 3376 1817 3429 magis
1850 3387 1936 3427 pax

147 3443 358 3492 differtur,
394 3442 604 3495 Bagyazit
643 3442 872 3484 ardentior
897 3443 1023 3483 tanto
1053 3439 1269 3482 redditur.
1308 3441 1459 3492 ltaque
1501 3440 1682 3482 dissidio
1715 3441 1933 3493 flagrante
