2262 3958
291 329 360 364 310
894 322 1125 366 JOHANNIS,
1158 322 1451 370 BURCHARm,
1849 323 1942 368 [sum
1962 325 2052 367 1488]

294 429 526 486 breviarii,
551 428 678 491 quod
704 424 983 488 hujusmodi
1008 424 1403 472 commemoratio
1430 440 1528 472 non
1552 430 1680 475 esset
1709 426 1850 475 solita
1885 425 1989 474 fieri
2012 427 2059 473 et

295 528 384 575 que
406 526 499 558 non
521 510 658 557 fieret
680 525 688 565 3
715 508 782 555 sic
803 508 978 555 factum
998 510 1086 555 est.

357 591 604 639 Dominica
629 594 646 636 1
672 589 812 653 junii,
836 589 1014 637 festum
1031 593 1193 637 sancte
1215 587 1472 648 Trinitatis,
1498 590 1583 637 SS.
1608 591 1664 636 D.
1688 593 1746 639 N.
1771 595 1983 654 paratus,
2008 597 2060 641 ut

293 675 441 722 moris
474 677 564 731 est,
607 672 733 720 venit
765 672 823 719 ad
866 672 1097 736 capellam
1134 673 1369 736 maj0rem
1402 671 1686 735 predictam,
1727 672 1806 719 ubi
1841 672 2056 722 interfuit

292 757 438 804 misse
460 755 661 803 solemni
693 772 836 819 quam
862 755 1116 803 celebravit
1144 758 1310 802 Rmus.
1347 757 1404 802 D.
1433 754 1685 804 cardinalis
1714 755 1984 803 Parmensis
2010 757 2057 804 in

292 839 584 903 paramentis
613 839 750 887 albis.
792 838 929 887 Circa
954 838 1101 886 finem
1129 838 1444 886 confessionis
1482 838 1611 886 venit
1638 837 1699 885 ad
1727 838 1959 901 capellam
1993 841 2051 887 D.

293 922 551 985 Gregorius
574 922 632 969 de
655 925 801 970 Turre
823 927 982 970 orator
1004 921 1296 970 serenissimi
1318 921 1545 984 principis
1567 921 2060 971 Maximilianissoma-

292 1020 464 1052 norum
494 1004 638 1067 regiS,
655 1009 718 1052 *et
744 1005 903 1067 posuit
930 1020 980 1052 se
1005 1005 1063 1052 ad
1090 1003 1298 1067 primum
1323 1004 1482 1052 locum
1511 1004 1636 1051 inter
1669 1009 1883 1052 oratores
1908 1004 2056 1054 laicos

291 1092 338 1136 et
367 1104 464 1136 non
496 1088 724 1151 prelatos,
757 1089 885 1151 quod
926 1103 1023 1136 non
1061 1087 1274 1135 videntes
1301 1089 1359 1134 D.
1396 1089 1718 1136 Bernardinus
1752 1090 1810 1136 de
1842 1090 2054 1154 Carvajal

292 1171 516 1233 Hispanie
543 1176 589 1218 et
619 1171 737 1218 alius
767 1171 1064 1236 Neapolitani
1099 1186 1265 1233 regum
1300 1175 1535 1230 oratores,
1569 1172 1649 1235 qui
1682 1172 1810 1236 prius
1845 1178 1979 1222 erant
2006 1173 2055 1222 in

291 1252 472 1315 capella
515 1256 559 1300 et
609 1252 871 1316 genuflexi,
927 1253 1154 1300 nolebant
1193 1267 1390 1315 surgere
1428 1269 1488 1301 ne
1529 1254 1803 1302 viderentur
1843 1256 1931 1304 sub
1974 1257 2054 1305 illo

292 1340 444 1395 stare3
468 1336 551 1383 sed
573 1334 689 1382 mihi
712 1334 960 1396 conquesti
979 1338 1089 1381 sunt
1110 1334 1237 1396 quod
1259 1335 1314 1381 D.
1343 1334 1602 1397 Gregorius
1633 1351 1777 1399 super
1805 1352 1888 1385 eos
1910 1341 2058 1386 staret

290 1417 520 1476 indebite,
568 1420 820 1480 propterea
849 1417 975 1479 quod
1014 1416 1170 1479 ipsum
1212 1417 1422 1464 facerem
1450 1417 1685 1480 capellam
1720 1418 1880 1479 exire;
1929 1420 2058 1483 quod

290 1503 515 1562 tanquam
534 1498 750 1546 illicitum
766 1498 924 1546 facere
938 1499 1169 1547 recusavi.
1191 1502 1495 1562 Rogaverunt
1509 1502 1622 1548 tunc
1640 1501 1769 1562 quod
1783 1501 1832 1549 id
1844 1501 2055 1550 dicerem

290 1584 426 1628 Rmo.
450 1584 505 1629 D.
532 1581 759 1629 cardinali
789 1581 1201 1640 vicecancellario,
1232 1581 1362 1644 quod
1390 1581 1510 1641 feci;
1547 1582 1633 1630 sed
1663 1586 1823 1632 Rmus.
1847 1586 1904 1632 D.
1928 1584 2056 1634 vice-

289 1664 603 1712 cancellarius
648 1664 893 1728 respondit
933 1680 983 1711 se
1026 1679 1124 1711 non
1161 1679 1302 1727 posse
1337 1664 1596 1727 quidquam
1631 1666 1758 1715 circa
1792 1667 1918 1716 hanc
1952 1683 2055 1717 rem

288 1746 571 1795 deliberare.
608 1747 840 1797 Videntes
876 1746 1020 1810 igitur
1060 1746 1260 1810 predicti
1294 1746 1388 1794 duo
1423 1752 1655 1807 oratores,
1695 1751 1822 1812 quod
1854 1750 1922 1798 eis
1955 1766 2052 1800 non

288 1830 459 1877 dabam
490 1845 793 1893 responsum,
834 1834 1142 1878 surrexerunt
1182 1835 1228 1877 et
1253 1829 1499 1878 exiverunt
1532 1831 1784 1894 capellam.
1826 1835 2049 1883 Preterea

287 1911 398 1974 quia
432 1912 548 1960 socii
588 1912 700 1972 mei,
737 1913 851 1960 licet
883 1912 1176 1960 camerarius
1211 1927 1310 1960 non
1340 1918 1467 1961 esset
1496 1914 1545 1961 in
1575 1915 1775 1977 capella,
1810 1915 2047 1965 dederunt

287 1995 442 2058 primo
463 1995 714 2043 incensum
737 2000 784 2044 et
804 2011 974 2059 pacem
1002 1995 1271 2044 oratoribus
1297 1996 1493 2060 prelatis
1521 2012 1722 2059 quorum
1745 1998 1928 2061 primus
1949 2005 2050 2048 erat

288 2077 542 2141 episcopus
568 2079 901 2126 Lascurrensis
931 2083 1091 2127 orator
1111 2079 1330 2138 Francie‚
1361 2083 1408 2126 et
1429 2080 1668 2127 secundus
1692 2082 2047 2143 protonotarius

287 2160 343 2207 de
368 2160 556 2207 Medina
588 2165 750 2208 orator
778 2161 1004 2224 Hispanie
1032 2176 1218 2224 regum,
1244 2162 1380 2224 juxta
1407 2161 1758 2211 ordinationem
1786 2165 1870 2212 SS.
1902 2167 1959 2211 D.
1989 2167 2046 2214 N.

285 2258 406 2307 pape
427 2242 602 2291 factam
621 2243 696 2291 die
723 2247 773 2290 11
801 2244 980 2307 aprilis,
1007 2248 1148 2307 prout
1176 2260 1320 2308 supra
1342 2244 1522 2293 dictum
1547 2250 1637 2305 est,
1671 2245 1843 2296 deinde
1863 2247 2049 2311 prefato

287 2327 343 2372 D.
372 2326 601 2388 Gregorio
625 2326 801 2374 oratori
823 2326 950 2390 regis
978 2330 1330 2386 Romanorum;
1360 2327 1489 2376 idem
1511 2330 1568 2376 D.
1593 2328 1849 2392 Gregorius
1867 2329 1916 2376 id
1936 2344 2049 2393 egre

287 2408 393 2454 tulit
414 2413 460 2456 et
481 2408 632 2456 noluit
651 2424 821 2473 pacem
843 2410 1082 2472 accipere,
1103 2410 1267 2459 dicens
1285 2412 1368 2458 SS.
1394 2413 1450 2458 D.
1472 2413 1528 2459 N.
1549 2427 1695 2475 super
1709 2412 1803 2460 hoc
1819 2412 2050 2475 conqueri

284 2491 421 2539 velle.
449 2493 503 2538 D.
533 2491 823 2554 Stephanus,
858 2493 1063 2540 nuncius
1090 2496 1145 2541 R.
1179 2496 1236 2541 D.
1268 2493 1615 2557 archiepiscopi
1638 2494 1934 2542 Coloniensis
1955 2495 2048 2543 fac-

285 2578 418 2620 turus
438 2577 537 2621 erat
553 2589 828 2622 sermonem
855 2593 863 2621 :
889 2575 1230 2639 expectabatin
1246 2577 1353 2624 aula
1370 2591 1546 2640 magna
1560 2592 1610 2627 se
1622 2577 1803 2636 vocari;
1831 2578 1915 2626 sed
1929 2577 2046 2626 socii

286 2657 379 2703 mei
401 2657 709 2719 quesiverunt
728 2658 883 2720 ipsum
912 2662 1043 2706 extra
1074 2658 1342 2706 cancellum
1370 2659 1551 2722 capelle
1575 2658 1656 2706 ubi
1684 2659 2048 2718 sermocinaturi

286 2739 442 2787 solent
470 2744 725 2803 expectare
759 2757 768 2789 :
801 2756 943 2804 quem
977 2757 1087 2789 cum
1113 2757 1210 2788 non
1243 2742 1441 2805 reperiri
1464 2742 1755 2802 retulissent,
1788 2745 1954 2790 Rmus.
1987 2745 2044 2791 D.

286 2822 537 2871 cardinalis
559 2824 832 2872 Parmensis
854 2825 1121 2883 celebrans,
1147 2825 1390 2889 evangelio
1411 2825 1565 2884 finito,
1596 2829 1643 2874 et
1671 2825 2047 2874 sermocinatore

285 2905 629 2968 aliquantulum
672 2911 946 2970 expectato,
985 2908 1166 2970 absque
1203 2922 1260 2955 eo
1294 2908 1423 2971 quod
1456 2909 1539 2956 SS.
1580 2911 1639 2956 D.
1679 2893 1750 2956 N..
1774 2907 1848 2955 vel
1880 2906 2048 2970 aliquis

284 2991 500 3036 nostrum
519 2988 566 3035 id
591 2988 678 3036 sibi
701 2990 1039 3049 committeret,
1077 2990 1192 3038 dixit
1217 2989 1362 3038 Credo
1385 3009 1402 3037 .·
1424 3006 1519 3053 quo
1546 2991 1737 3055 incepto
1762 2994 1809 3039 et
1831 2990 2048 3053 aliquan-

286 3070 435 3118 tulum
457 3071 754 3131 continuato,
778 3072 966 3120 intravit
984 3074 1218 3137 capellam
1246 3073 1462 3137 prefatus
1485 3076 1541 3121 D.
1575 3074 1846 3137 Stephanus
1870 3087 2051 3121 sermo-

284 3169 396 3200 nem
415 3154 647 3214 facturus,
673 3159 720 3202 et
739 3155 852 3204 licet
885 3156 1074 3204 RRmis.
1106 3160 1207 3205 DD.
1239 3157 1557 3206 cardinalibus
1584 3157 1974 3206 vicecancellario
2002 3160 2049 3204 et

283 3253 320 3283 s.
347 3238 492 3286 Marci
512 3238 760 3287 videbatur
779 3240 907 3303 quod
926 3245 1035 3303 post
1066 3237 1318 3288 Credo'vel
1346 3244 1455 3303 post
1483 3239 1680 3288 missam
1709 3254 1868 3289 sermo
1889 3239 2043 3297 fieret,

285 3327 444 3369 tamen
485 3325 570 3371 SS.
606 3326 662 3371 D.
703 3327 756 3372 N.
793 3324 1032 3371 mandavit
1070 3338 1166 3371 non
1206 3323 1306 3370 fieri
1349 3327 1396 3370 et
1428 3322 1562 3370 illum
1595 3323 1847 3382 licentiari,
1883 3322 2046 3369 dicens

285 3403 371 3450 sibi
407 3420 503 3452 non
533 3406 679 3455 videri
721 3407 850 3470 quod
894 3407 1011 3454 ordo
1053 3406 1234 3471 capelle
1271 3405 1476 3472 perverti
1506 3406 1708 3466 debeat;
1746 3406 1812 3454 sic
1846 3405 1924 3454 ille
1963 3418 2043 3452 re·-
