2262 3958
189 318 399 363 [Novembre
419 316 510 361 1⁴88]
632 318 801 357 RERUM
835 318 1137 356 URBANARUM
1170 315 1521 355 COMMENTARII.
1896 313 1964 349 321

246 421 303 468 ln
339 413 496 484 prima
532 419 656 467 sedit
686 422 771 469 SS.
816 423 870 468 D.
906 422 961 469 N.
995 434 1105 468 cum
1138 418 1279 466 dictis
1319 417 1509 465 duobus
1539 411 1882 471 cardinalibus,
1921 412 1968 458 in

187 502 398 552 secunda
440 502 610 566 prelati
650 503 854 567 predicti
883 508 929 550 et
963 502 1060 562 alii,
1093 517 1147 550 ac
1185 504 1242 549 D.
1288 500 1531 548 Mattheus
1573 497 1690 546 Cibo
1719 495 1974 544 subdiaco-

185 600 276 637 nus
313 586 626 650 apostolicus,
682 589 739 635 D.
789 586 998 634 Hilarius
1047 585 1247 634 Gentilis
1281 589 1328 634 et
1361 584 1556 647 quidam
1591 581 1693 641 alii;
1731 581 1780 628 in
1810 579 1970 638 tertia,

185 667 322 732 quasi
351 667 402 716 in
429 669 651 733 opposito
679 670 843 734 hujus,
876 684 959 716 seu
996 669 1045 715 in
1075 674 1402 716 transversum
1425 666 1595 731 ipsius,
1628 664 1858 713 sederunt
1882 662 1979 726 pri-

187 765 299 801 mus
314 742 598 802 Franciscus
619 753 747 801 filius
769 755 896 816 Pape
919 752 1064 799 etiam
1087 751 1341 799 bastardus
1362 749 1422 815 (1)
1447 753 1586 813 prout
1609 748 1806 796 domina
1824 747 1979 796 Theo-

237 906 272 944 1.
299 921 319 942 «
340 906 444 947 Cette
462 905 643 944 assertion
657 905 819 943 formella
839 905 924 942 d’un
951 905 1087 942 temoin
1109 904 1156 942 tel
1175 916 1248 954 que
1266 903 1456 941 Burchard
1474 903 1609 941 detruit
1629 902 1800 952 l'opinion
1820 902 1866 939 de
1882 912 1975 939 ceux

187 965 252 1016 qui
269 970 335 1005 ont
354 968 515 1016 suppose
540 977 612 1014 que
631 965 684 1003 les
707 965 851 1002 enfants
872 965 906 1001 d'
912 965 1088 1002 Innocent
1108 964 1305 1012 pouvaient
1325 964 1496 1013 provenit·
1520 964 1555 1000 d'
1559 975 1609 1000 un
1634 962 1796 1012 mariage
1815 961 1974 1010 legitime

157 1076 159 1078 ι
187 1028 373 1065 οοῃιηοιό
400 1030 511 1064 avant
539 1037 608 1063 son
632 1025 835 1074 pontificat,
860 1040 876 1060 n
905 1026 963 1074 (de
982 1025 1211 1074 Brequigny‚
1234 1037 1317 1063 ouv.
1340 1024 1422 1069 cite,
1445 1028 1471 1062 1.
1492 1023 1522 1068 I,
1543 1034 1632 1072 pag.
1654 1022 1732 1070 93),
1760 1025 1796 1058 et
1822 1020 1910 1057 celle
1930 1020 1975 1056 de

188 1085 421 1132 Qoniun,
440 1087 507 1135 qui
533 1085 685 1135 pretend
704 1086 776 1134 qu'
769 1085 812 1123 ils
832 1085 970 1123 etaient
994 1085 1093 1123 issus
1113 1086 1146 1122 d’
1151 1097 1222 1123 une
1243 1085 1354 1122 union
1376 1084 1569 1132 reguliere,
1586 1094 1674 1120 sans
1696 1081 1867 1119 toutefois
1888 1080 1977 1118 citer

185 1143 233 1183 de
247 1156 388 1195 preuve
407 1147 431 1183 a
448 1144 584 1195 l'appui
605 1145 650 1183 de
676 1157 743 1183 son
764 1146 974 1195 allegation.
987 1146 997 1194 (
1010 1147 1100 1182 Vitoe
1117 1152 1152 1182 et
1166 1147 1237 1183 Res
1249 1151 1362 1193 yestae
1379 1145 1492 1182 Pont.
1515 1146 1643 1189 Rom„
1663 1146 1698 1180 t
1725 1140 1962 1188 111,col.95
1969 1141 1978 1183 l

221 1201 400 1255 naphaei
423 1204 616 1243 Volterrau
642 1205 744 1252 ecrit,
767 1217 813 1243 au
835 1206 933 1255 sujet
956 1206 1001 1243 de
1032 1217 1093 1243 ces
1125 1206 1272 1244 enfants
1298 1218 1370 1255 que
1397 1205 1430 1243 le
1456 1204 1557 1254 Pape
1589 1203 1686 1241 avait
1716 1213 1782 1240 eus
1811 1200 1905 1238 dans
1938 1213 1980 1238 sa

182 1263 371 1315 iamneae,
392 1264 489 1303 alors
509 1265 595 1315 qu’il
615 1265 740 1304 n’etait
757 1277 823 1314 pas
844 1278 974 1303 encore
995 1266 1089 1303 dans
1108 1266 1162 1303 les
1182 1266 1308 1304 ordres
1325 1277 1334 1303 ε

191 1320 207 1334 ”
236 1340 259 1362 κ
276 1325 499 1369 Pontificum
517 1327 627 1364 etiam
648 1327 788 1376 primus
809 1327 870 1376 qui
890 1339 1025 1365 novum
1045 1333 1081 1365 et
1101 1327 1180 1376 ipse
1205 1327 1411 1375 exemplum
1432 1325 1678 1364 introduceret
1698 1324 1819 1374 palam
1840 1324 1982 1361 liberos

187 1387 328 1425 nothos
339 1386 583 1436 ,iactandisac
603 1387 724 1425 soluta
748 1388 846 1424 omni
866 1387 1017 1436 antiqua
1039 1387 1230 1436 disciplina
1257 1387 1392 1424 divitiis
1413 1398 1476 1424 eos
1504 1385 1713 1423 cumulandi
1733 1398 1742 1432 3
1765 1396 1850 1421 nam
1870 1387 1907 1420 et
1927 1382 1980 1420 al-

187 1446 254 1485 teri
267 1443 468 1486 ‘Pnucisco
483 1445 619 1496 oppida
637 1447 814 1484 nonnulla
834 1447 920 1485 Urbi
936 1447 1056 1484 vicina
1078 1447 1189 1493 dedit,
1211 1447 1470 1496 Laurentiique
1492 1444 1646 1483 Medicis
1667 1444 1778 1482 filiam
1798 1443 1982 1481 matrimo-

189 1505 253 1544 nio
268 1506 414 1546 locavit.
435 1506 596 1545 Alteram
613 1507 880 1544 Theodorinam
899 1507 1060 1545 Gerardo
1082 1507 1250 1545 Usumari
1271 1505 1457 1545 Genuensi
1478 1510 1629 1555 nuptam
1651 1505 1784 1554 opibus
1803 1515 1979 1554 perquam

188 1566 334 1616 mugnis
351 1566 492 1606 ditavit.
516 1582 535 1602 »
558 1567 678 1614 (Hist.
699 1567 746 1604 de
765 1575 875 1615 quat.
902 1568 1007 1604 Rom.
1030 1568 1146 1605 Pont.
1168 1567 1344 1613 Venonis,
1368 1568 1475 1613 1511,
1497 1566 1523 1604 f.
1547 1566 1629 1611 165,
1646 1567 1698 1614 v.)

237 1626 291 1665 Dc
307 1630 424 1665 meme
441 1627 619 1666 Giovanni
640 1627 776 1664 Stella:

237 1701 258 1720 α
346 1685 440 1732 Quia
457 1691 579 1725 autem
605 1687 820 1736 parentibus
840 1692 876 1725 et
895 1687 1042 1736 agnatis
1074 1688 1211 1737 aliquid
1236 1687 1404 1725 beneficii
1433 1687 1581 1735 signum
1610 1686 1696 1735 (nisi
1722 1686 1917 1723 Fraucisco
1943 1688 1981 1723 et

188 1745 416 1784 Theodorine
440 1746 540 1795 filiis)
566 1747 758 1785 ostendere
778 1747 922 1784 minime
954 1748 1086 1797 potuit.
1109 1749 1202 1785 Ante
1230 1748 1326 1784 enim
1347 1747 1607 1785 Pontificatum
1639 1751 1675 1784 et
1702 1746 1978 1784 Cardinalatum

134 1841 142 1848 ,
187 1806 285 1843 sicut
297 1809 334 1843 et
352 1805 459 1843 divus
477 1806 710 1855 Augustinus
733 1807 847 1844 dum
841 1820 875 1844 in
897 1807 1096 1845 minoribus
1118 1812 1229 1853 esset,
1254 1808 1347 1845 duos
1367 1819 1413 1844 ex
1432 1809 1621 1844 damnato
1638 1808 1743 1843 coitu
1763 1809 1979 1854 susceperat

186 1853 295 1912 filios,
317 1864 483 1903 videlicet
499 1865 735 1903 Franciscum
758 1867 869 1904 filium
891 1872 926 1904 et
953 1867 1219 1905 Theodorinam
1241 1867 1438 1912 foeminam,
1461 1867 1596 1915 quibus
1617 1866 1729 1903 nimio
1753 1866 1981 1903 afficiebatur

187 1936 322 1972 amore,
345 1925 474 1964 ambos
496 1925 593 1963 enim
618 1938 685 1976 pro
711 1927 803 1964 virili
829 1939 897 1964 sua
922 1927 1128 1965 enitebatur
1157 1939 1313 1977 magnos
1342 1927 1499 1964 efficere.
1520 1927 1626 1965 Unde
1651 1927 1688 1964 in
1716 1926 1842 1975 primis
1869 1926 1979 1962 filiam

186 1982 366 2026 honorato
389 1988 427 2024 et
442 1985 576 2025 illustri
595 1986 671 2025 viro
690 1987 921 2025 matrimonio
945 2000 1028 2026 cum
1047 1988 1188 2036 ingenti
1213 1988 1298 2026 dote
1318 1987 1521 2025 collocavit.
1541 1987 1737 2024 Francisco
1758 1991 1879 2024 autem
1900 1986 1975 2024 filio

185 2043 422 2084 dilectissimo
456 2045 609 2084 illustris
642 2047 828 2085 Laurentii
855 2048 1009 2086 Medicei
1037 2047 1238 2086 Florentini
1272 2048 1383 2085 filiam
1419 2047 1613 2096 conjugem
1645 2047 1756 2093 dedit,
1786 2047 1978 2095 eidemque

187 2102 276 2143 dum
293 2110 495 2144 moreretur
512 2106 692 2144 maximos
711 2109 908 2145 thesauros
926 2108 972 2145 de
998 2120 1181 2145 consensu
1203 2107 1441 2144 cardinalium
1461 2107 1611 2153 dimisit,
1632 2119 1725 2156 quos
1745 2106 1982 2143 nihilominus

186 2164 281 2215 ipse,
291 2165 382 2203 dum
408 2165 530 2204 adhuc
548 2167 720 2205 Pontifex
739 2171 843 2216 pater
868 2169 1128 2217 superviveret,
1151 2167 1273 2205 furtim
1298 2167 1451 2205 abstulit
1472 2171 1509 2204 et
1538 2166 1755 2204 Florentiam
1777 2167 1823 2203 ad
1843 2170 1988 2215 patrem

187 2225 367 2264 Modicam
386 2225 567 2264 sororium
583 2227 798 2265 transmisit.
824 2242 843 2262 »
866 2229 878 2277 (
889 2228 971 2266 Vite
990 2230 1191 2268 ducentor.
1213 2234 1249 2264 et
1268 2229 1437 2275 triqinta
1451 2239 1640 2265 summor.
1661 2228 1901 2275 pontificum
1920 2239 1934 2261 .·
1958 2239 1983 2262 α

189 2287 299 2323 beato
318 2285 435 2324 Petro
463 2288 641 2334 apostolo
657 2300 777 2336 usque
795 2289 849 2324 ad
867 2288 1022 2325 Julium
1042 2289 1258 2325 secundum
1287 2289 1520 2325 modernum
1553 2288 1798 2336 Pontificem.
1820 2286 1977 2333 Basilee,

187 2357 284 2384 anno
302 2345 448 2384 Domini
465 2347 615 2394 1507,x
628 2347 704 2385 kal,
726 2348 883 2397 Marcii.)

232 2403 415 2453 Palatius,
432 2405 495 2456 qui
514 2406 585 2445 cite
600 2400 645 2446 'ce
669 2420 831 2458 passage
853 2409 982 2456 (Gesta
1005 2410 1126 2447 Pont.
1151 2410 1280 2454 Rom„
1302 2412 1329 2446 t.
1351 2401 1416 2455 ΙΙΙ,
1436 2406 1507 2445 col.
1529 2409 1629 2456 690),
1652 2406 1837 2445 l’attribue
1857 2409 1878 2444 a
1899 2411 1972 2445 tort

185 2465 390 2516 &philippe
409 2465 455 2504 de
474 2467 670 2516 Bel-geme,
693 2480 755 2506 car
773 2467 798 2505 il
818 2480 863 2506 ne
883 2481 923 2506 se
942 2473 1072 2507 trouve
1091 2481 1158 2518 pas
1179 2469 1273 2506 dans
1294 2468 1454 2506 l’edition
1479 2468 1524 2505 de
1545 2467 1694 2510 Venise‚
1719 2468 1824 2514 1486,
1850 2467 1974 2508 in-fol‚

187 2526 362 2576 (Fratres
379 2527 518 2565 Jacobs·
539 2529 718 2576 Philippi
735 2530 1048 2577 Berqomensis...
1070 2530 1385 2577 supplementum
1406 2528 1681 2577 cronicarum).

234 2585 463 2625 Garimberto
482 2586 612 2626 insiste
626 2601 690 2627 sur
706 2589 739 2627 le
758 2589 909 2627 nombre
930 2589 996 2628 des
1017 2590 1162 2628 enfants
1182 2589 1232 2627 du
1260 2587 1360 2638 Pape
1375 2593 1412 2626 et
1432 2600 1495 2627 sur
1509 2589 1544 2626 la
1561 2592 1692 2626 nature
1714 2588 1759 2625 de
1780 2587 1859 2626 leur
1879 2589 1978 2627 nais-

187 2657 298 2685 sance
318 2657 329 2684 ι

237 2721 257 2741 «
283 2707 565 2747 Franceschetto
591 2721 611 2748 e
642 2709 848 2748 Teodorina
877 2710 959 2750 suoi
988 2713 1098 2749 unici
1121 2712 1297 2761 fiqliuoli
1325 2711 1565 2748 naturali.»
1597 2710 1706 2759 (Ouv.
1729 2709 1814 2754 cite,
1835 2721 1874 2759 p.
1895 2711 1979 2747 202.

187 2765 343 2817 -voy.
366 2766 466 2806 aussi
485 2767 521 2806 la
540 2768 703 2818 depeche
723 2770 769 2808 de
786 2771 984 2820 Vespucci,
1006 2783 1091 2820 app.
1113 2778 1155 2808 n⁰
1174 2772 1260 2820 26.)

237 2827 395 2866 suivant
414 2827 599 2866 infessura
617 2830 727 2879 (dans
746 2831 900 2877 Eccard,
922 2831 991 2868 col.
1019 2831 1142 2879 1948),
1163 2830 1196 2868 le
1222 2832 1323 2880 Pape
1344 2831 1462 2869 aurait
1481 2843 1526 2869 eu
1550 2836 1631 2881 sept
1654 2831 1811 2899 enfants.
1829 2831 1871 2868 D'
1875 2835 1981 2880 aptes

189 2887 437 2938 l’epigramme
456 2889 634 2928 attribuee
654 2892 676 2927 a
689 2890 854 2937 MaruIIe,
876 2890 899 2927 il
919 2902 966 2928 en
986 2891 1104 2928 aurait
1120 2903 1166 2928 eu
1181 2891 1307 2929 seize:

566 2972 658 3015 Quid
675 2974 804 3017 quaeris
823 2975 923 3008 testes
942 2975 987 3008 sit
1006 2984 1080 3008 mas
1099 2984 1147 3008 an
1164 2976 1311 3017 furmina
1329 2976 1440 3019 cibem

607 3027 744 3070 Respice
762 3029 939 3069 natorum,
953 3031 1107 3072 piqnora
1122 3031 1227 3068 certa,
1243 3039 1383 3073 qreqem
1399 3040 1410 3062 :

569 3081 651 3115 Octo
669 3091 794 3115 nocens
807 3092 938 3125 pueros
957 3083 1081 3125 yenuit
1101 3083 1314 3127 totidemque
1328 3085 1479 3127 puella-r,

606 3136 706 3169 Hunc
726 3138 849 3170 merito
862 3137 994 3180 poterit
1012 3136 1126 3169 dicere
1145 3137 1253 3170 Roma
1266 3140 1420 3180 patrem.

239 3213 289 3251 Le
309 3212 470 3250 cardinal
498 3213 651 3262 Egidius
666 3214 728 3253 ,de
763 3214 909 3252 Viterbe
929 3214 1028 3263 parle
1061 3215 1105 3252 de
1125 3215 1306 3264 plusieurs
1328 3216 1489 3263 enfauts,
1513 3228 1600 3253 sans
1630 3216 1799 3254 toutefois
1819 3228 1864 3254 en
1885 3218 1979 3255 indi-

192 3285 283 3322 quer
301 3273 332 3310 le
352 3273 517 3311 nombre.
537 3273 652 3322 (Dans
672 3273 933 3322 Gregorovius,
959 3275 1093 3311 scoria
1110 3277 1153 3311 di
1168 3275 1303 3321 Roma,
1327 3279 1353 3312 t.
1375 3276 1456 3322 VII,
1478 3288 1514 3325 p.
1535 3277 1619 3322 321,
1639 3281 1724 3314 note
1741 3276 1791 3323 1.)

239 3333 293 3370 De
325 3336 441 3370 meme
460 3331 567 3370 Viani
589 3343 599 3370 z
621 3347 641 3367 «
661 3332 763 3370 Ebbc
787 3338 918 3382 questo
947 3333 1133 3371 Pontessee
1160 3333 1219 3386 nel
1246 3334 1334 3371 flore
1363 3334 1459 3371 della
1486 3347 1553 3372 sua
1577 3335 1796 3383 gioventuve
1822 3339 1985 3385 presisa·

192 3396 311 3429 mente
331 3391 390 3429 nel
409 3396 531 3442 tempo
551 3391 646 3429 della
664 3403 733 3429 sua
751 3393 890 3430 dimora
913 3394 983 3430 alla
1003 3398 1102 3431 corte
1117 3393 1152 3430 di
1172 3393 1315 3442 Napoli,
1331 3394 1377 3431 da
1397 3395 1518 3432 libera
1544 3397 1690 3432 unione
1716 3407 1784 3433 con
1804 3408 1877 3433 uua
1897 3396 1986 3433 don-

193 3451 280 3489 zella
305 3451 395 3489 varii
414 3452 504 3501 figli,
538 3452 609 3490 due
641 3452 707 3489 soli
739 3452 797 3490 dei
825 3453 923 3498 quali
953 3453 1011 3491 nel
1041 3458 1163 3502 tempo
1194 3454 1252 3491 del
1286 3466 1352 3492 suo
1385 3455 1600 3493 Pontificato
1631 3455 1709 3493 cioe
1742 3456 1946 3493 Francesco
1967 3468 1986 3492 e

384 3539 418 3566 τ.
446 3539 472 3566 1.
1748 3535 1790 3570 21
