2262 3958
24 1342 31 1349 .

138 275 348 322 [novembre
366 272 459 313 1491]
570 268 739 306 RERUM
776 266 1082 304 URBANARUM
1117 263 1470 303 COMMENTARII.
1856 264 1928 300 425

136 373 408 442 Aliprandis
430 373 618 429 doctor,
644 371 759 419 olim
788 369 995 419 vicarius
1018 369 1324 432 episcopatus
1346 367 1613 432 PapiensiS.
1640 366 1814 415 Omnia
1833 367 1927 415 alia

137 461 390 510 observata
413 460 523 505 sunt
547 470 683 503 more
707 453 867 502 solito.

198 542 381 594 Eadem
402 541 498 599 die,
523 540 653 588 circa
680 539 852 586 horam
873 553 952 585 xm
974 536 1022 583 in
1043 535 1229 600 capella
1258 536 1445 600 majore
1478 534 1770 599 supradicta,
1796 534 1925 584 dicte

134 632 246 678 sunt
291 641 494 690 vespere
543 628 592 673 et
626 622 862 671 matutine
909 620 1269 677 defunctorum,
1305 623 1435 683 Papa
1482 620 1701 669 absente.
1756 623 1922 668 Rmus.

134 715 193 762 D.
217 710 476 761 cardinalis
509 725 548 757 s.
585 705 714 755 Petri
753 703 814 752 ad
851 703 1074 760 Vincula,
1118 704 1276 766 major
1314 703 1704 766 penstentiarius,
1730 703 1926 752 indutus

133 794 332 853 amictu,
373 792 500 851 alba,
541 788 753 853 cingu10,
787 801 932 833 cruce
962 785 1215 848 pectorali,
1251 785 1373 833 stola
1394 790 1441 833 et
1471 786 1664 848 pluviali
1696 787 1848 850 nigris
1869 803 1925 835 ac

133 878 279 927 mitra
315 874 551 939 simplice,
593 871 776 933 absque
815 867 1068 932 pectorali,
1114 867 1164 914 in
1185 867 1452 915 faldistorio
1479 868 1618 932 juxta
1638 869 1787 917 altare
1814 870 1924 918 loco

132 962 366 1009 consueto
387 957 479 1006 sibi
498 959 684 1023 parato,
708 952 825 1000 fecit
847 950 1063 998 officium
1092 966 1230 998 more
1262 950 1421 999 solito.
1456 954 1588 999 Inter
1615 968 1844 1015 vesperas
1876 958 1924 1002 et

131 1042 392 1093 matutinas
411 1044 635 1088 cantores
656 1053 746 1101 per
766 1052 854 1084 nos
885 1034 1051 1083 avisati
1074 1034 1322 1098 paululum
1344 1040 1653 1098 gemuerunt,
1680 1036 1925 1085 cardinale

128 1123 349 1191 predicto
369 1123 565 1172 interim
597 1121 647 1169 in
668 1121 798 1169 dicto
818 1118 1089 1167 faldistorio
1113 1118 1338 1177 sedente3
1365 1135 1459 1183 quo
1482 1125 1730 1184 surgente,
1756 1137 1927 1185 quam-

127 1208 338 1274 primum
364 1207 560 1256 mitram
591 1204 916 1269 deposuisset,
948 1206 1209 1266 antequam
1251 1203 1400 1251 Pater
1430 1211 1588 1252 noster
1608 1204 1810 1265 diceret,
1835 1205 1926 1269 ipsi

127 1295 353 1343 cantores
391 1291 677 1355 inceperunt
705 1286 1059 1346 Invitatorium,
1092 1302 1252 1351 reyem
1279 1294 1392 1346 et0.;
1413 1288 1507 1336 alia
1534 1287 1790 1338 observata
1816 1293 1928 1338 sunt

128 1391 266 1425 more
287 1375 448 1425 solito,

182 1459 330 1509 Feria
349 1463 536 1523 quarta,
563 1462 590 1506 2
613 1458 909 1517 novembriS,
936 1459 1019 1506 SS.
1047 1459 1104 1505 D.
1131 1459 1188 1506 N.
1215 1460 1412 1521 paratus
1436 1457 1635 1515 amictu,
1661 1456 1786 1516 alba,
1821 1458 1925 1505 cin-

27 1582 30 1583 .
75 1555 91 1562 “
126 1543 260 1608 gulo,
283 1542 408 1592 stola
427 1541 661 1602 violacea,
685 1542 880 1606 pluviali
902 1541 1055 1590 rubeo
1078 1541 1286 1605 simplici
1310 1545 1358 1589 et
1378 1541 1523 1589 mitra
1545 1557 1604 1588 ex
1624 1541 1770 1604 perlis
1790 1541 1926 1590 venit

129 1626 191 1676 ad
211 1626 448 1692 capellam
468 1626 739 1691 predictam
761 1626 811 1674 in
835 1642 929 1690 qua
949 1625 1197 1690 predictus
1226 1624 1484 1673 cardinalis
1513 1625 1775 1674 celebravit
1805 1626 1925 1673 mis-

127 1726 232 1760 sam
252 1711 516 1776 publicam.
544 1713 648 1768 Qua
669 1709 823 1771 finita,
849 1711 936 1759 SS.
961 1714 1018 1758 D.
1036 1712 1091 1758 N.
1108 1709 1329 1768 absolvit,
1346 1713 1393 1758 et
1406 1708 1500 1756 alia
1514 1708 1694 1767 omnia,
1710 1712 1760 1756 ut
1774 1708 1923 1756 moris

130 1800 223 1855 est,
248 1799 360 1845 sunt
380 1795 653 1844 observata.
682 1797 788 1843 Duo
816 1794 1029 1860 acolythi
1055 1794 1114 1842 de
1146 1794 1394 1843 thuribulo
1418 1797 1465 1842 et
1485 1809 1597 1841 vase
1627 1809 1750 1856 aque
1771 1793 1925 1840 bene-

129 1878 258 1929 dicte
279 1877 548 1927 servientes
571 1878 926 1942 superpelliciis
947 1876 1103 1926 induti
1126 1881 1280 1925 erant.
1304 1876 1398 1924 Alii
1419 1893 1535 1926 vero
1567 1877 1662 1924 duo
1694 1876 1922 1925 candela-

126 1962 233 2022 hra,
247 1961 707 2026 Papaahsolutionis
730 1962 1002 2010 orationem
1025 1961 1237 2020 dicente,
1261 1961 1311 2008 in
1329 1962 1493 2025 cappis
1517 1961 1615 2009 suis
1638 1965 1918 2010 tenuerunt.

185 2045 328 2096 Feria
365 2045 550 2109 quinta,
585 2045 645 2093 de
686 2045 1032 2093 commissione
1064 2048 1117 2093 R.
1149 2047 1203 2093 P.
1239 2048 1296 2093 D.
1340 2045 1563 2093 Falconis
1595 2045 1655 2093 de
1687 2045 1922 2093 Sinibaldi

129 2130 213 2178 SS.
238 2130 296 2178 D.
321 2131 378 2178 N.
402 2144 525 2192 pape
538 2129 827 2178 thesaurarii
849 2128 1108 2192 generalis,
1134 2128 1454 2176 commissarii
1477 2129 1791 2192 exequiarum
1813 2144 1922 2176 car-

130 2211 303 2261 dinalis
337 2211 721 2276 Andegavensis,
756 2212 866 2261 dedi
901 2212 1179 2260 cursoribus
1216 2212 1470 2260 Fernando
1503 2212 1580 2261 del
1620 2212 1756 2260 Pollo
1784 2228 1813 2259 a
1837 2215 1921 2261 Jo—

129 2296 292 2345 hanne
311 2295 464 2344 Auble
505 2295 637 2343 illam
667 2295 951 2359 recipiente,
990 2295 1272 2344 schedulam
1305 2296 1619 2359 exequiarum
1661 2295 1918 2344 cardinalis

127 2379 492 2444 Andegavensis
512 2379 768 2428 intimandi
791 2379 983 2427 RRmis.
1003 2382 1103 2428 DD.
1121 2379 1449 2428 cardinalibus
1469 2379 1694 2428 videlicet
1712 2378 1916 2426 inchoa-

128 2464 315 2513 tionem
336 2463 655 2527 exequiarum
676 2463 802 2512 bone
826 2463 1065 2512 memorie
1088 2463 1347 2512 cardinalis
1367 2463 1750 2528 Andegavensis,
1776 2463 1916 2527 cujus

128 2546 362 2597 schedule
383 2551 526 2596 tenor
550 2547 658 2600 talis
680 2552 784 2597 erat
810 2566 818 2596 :

195 2634 266 2681 De
281 2631 510 2680 mandato
533 2633 615 2680 SS.
642 2635 700 2680 D.
726 2634 782 2681 N.
807 2648 930 2696 pape
952 2632 1203 2681 intimetur
1223 2632 1449 2680 omnibus
1471 2631 1664 2680 RRmis,
1691 2633 1790 2679 DD.
1817 2647 1918 2679 car-

129 2714 388 2774 dinalibus,
430 2714 721 2774 oratoribus,
760 2715 1061 2764 auditoribus
1100 2721 1206 2766 rote
1247 2732 1303 2764 ac
1333 2716 1439 2764 aliis
1478 2715 1677 2780 prelatis
1716 2730 1916 2762 romane

129 2799 263 2848 curie
274 2813 331 2847 ac
350 2797 532 2846 familie
545 2798 822 2847 Sanctitatis
844 2816 929 2848 sue
952 2800 1081 2863 quod
1103 2800 1314 2850 crastina
1335 2800 1412 2848 die
1435 2803 1463 2847 4
1481 2800 1627 2863 hujus
1649 2799 1741 2847 erit
1761 2798 1919 2861 prima

130 2882 233 2931 dies
254 2881 568 2945 exequiarum
589 2881 715 2930 bone
734 2883 971 2931 memorie
990 2883 1247 2932 cardinalis
1258 2883 1623 2948 Andegavensis
1642 2882 1690 2930 in
1709 2881 1918 2930 ecclesia

130 2983 170 3015 s.
194 2965 424 3015 Praxedis
443 2965 567 3014 hora
590 2981 649 3013 xv
674 2966 750 3014 vel
777 2966 906 3014 circa
927 2975 938 3014 ⁴:
963 2966 1162 3015 missam
1184 2967 1451 3016 celebrabit
1482 2970 1648 3016 Rmus.
1675 2968 1732 3014 D.
1758 2964 1917 3013 cardi-

128 3048 252 3097 nalis
275 3048 631 3109 Ulixbonensis,
665 3049 937 3098 orationem
973 3050 1118 3099 faciet
1149 3053 1206 3099 D.
1242 3051 1525 3099 Dominicus
1556 3050 1769 3114 Crispus,
1806 3064 1916 3096 scu-

129 3131 242 3182 tifer
261 3133 386 3181 Rmi.
412 3132 669 3182 cardinalis
690 3133 971 3182 Aleriensis.

194 3219 318 3266 Nota
338 3217 467 3280 quod
485 3217 563 3265 his
577 3217 765 3277 diebus,
782 3218 948 3266 RRmi.
967 3221 1067 3266 DD.
1081 3217 1525 3276 vicecancellarius,
1550 3216 1913 3279 Neapolitanus,

131 3318 170 3350 s.
195 3301 324 3350 Petri
345 3301 406 3350 ad
426 3301 648 3361 Vincula,
673 3319 712 3350 s.
738 3302 888 3351 Marie
911 3303 961 3350 in
982 3302 1195 3361 Porticu,
1230 3319 1269 3349 s.
1304 3301 1477 3364 Angeli
1499 3305 1546 3350 et
1576 3298 1916 3348 Ulixbonensis

130 3385 345 3451 episcopi
389 3385 660 3435 cardinales
699 3387 861 3452 sepius
900 3403 1006 3454 perd
1027 3390 1083 3435 D.
1128 3385 1502 3451 thesaurarium·¹
1524 3382 1912 3434 commissarium
