2262 3958
174 269 383 312 [Decembre
404 266 494 308 1486]
612 264 782 302 RERUM
817 264 1119 302 URBANARUM
1152 263 1504 302 COMMENTARH.
1888 263 1960 300 233

173 370 437 435 faldistorio
458 372 568 417 ante
590 368 738 416 altare
766 369 925 432 majus
954 363 1041 416 sub
1067 367 1301 431 capitibus
1329 367 1677 432 apostolorum,
1699 367 1779 415 ubi
1803 368 1951 416 missa

175 455 382 505 debebat
413 452 676 511 celebrari;
701 457 802 500 tum
835 451 1060 511 surrexit,
1085 451 1272 515 accepit
1299 451 1503 516 pluviale
1535 466 1591 499 ac
1623 450 1737 500 fecit
1766 452 1957 500 confes-

175 539 362 588 sionem
382 552 495 586 cum
512 537 815 595 celebrante;
846 535 1019 584 deinde
1047 524 1264 599 ascendit
1290 535 1352 583 ad
1372 535 1548 583 solium
1570 535 1743 584 sedens
1765 535 1814 583 in
1837 536 1952 583 sede

174 622 354 671 ibidem
382 635 674 680 marmorea,
707 620 818 684 quia
846 623 1116 667 ammotum
1143 623 1247 667 erat
1273 618 1423 669 altare
1449 620 1665 685 ligneum
1691 620 1739 668 in
1761 620 1952 669 tribuno

174 706 355 756 ibidem
381 704 496 770 poni
519 707 805 754 consuetum
830 718 926 766 quo
951 702 1172 751 canonici
1207 707 1424 751 utuntur.
1460 704 1736 753 cardinales
1763 704 1876 752 hinc
1912 709 1959 752 et

173 789 286 840 inde
313 805 450 839 more
480 788 641 847 solito,
673 786 940 852 presbyteri
980 785 1263 835 assistentes
1302 786 1363 834 ad
1396 787 1576 834 dextr-is
1609 790 1754 851 Pape,
1785 787 1956 852 prelati

174 890 345 923 omnes
372 876 508 922 extra
532 872 752 931 chorum,
786 873 913 934 Papa
936 886 965 918 a
991 870 1170 918 dextris
1197 870 1303 933 ejus
1333 869 1459 918 inter
1489 872 1694 920 chorum
1728 876 1776 920 et
1805 872 1954 920 altare

173 958 349 1022 majuS‚
391 955 604 1020 exceptis
643 954 977 1026 assistentibus
1019 953 1099 1017 qui
1142 957 1280 1002 erant
1316 970 1344 1002 a
1379 954 1583 1003 sinistris
1627 971 1739 1004 cum
1787 958 1953 1019 Papa3

173 1045 390 1090 emtores
415 1039 523 1088 laici
563 1039 611 1086 in
645 1038 837 1087 bancho
869 1037 1126 1095 humiliore
1168 1041 1277 1101 post
1313 1039 1624 1104 presbyteros
1665 1039 1954 1098 cardinales,

172 1124 322 1174 facies
350 1126 595 1173 vertentes
621 1124 749 1186 Pape
778 1126 826 1170 et
847 1137 988 1171 renes
1017 1121 1173 1170 altari.
1210 1121 1470 1171 Celebrans
1495 1123 1575 1186 qui
1603 1123 1692 1172 fuit
1714 1126 1878 1172 RmuS.
1899 1125 1956 1171 D.

172 1207 428 1258 cardinalis
450 1223 489 1255 s.
512 1205 774 1255 Clementis
804 1205 926 1254 sedit
952 1205 1001 1253 in
1036 1205 1302 1254 faldistorio
1330 1205 1380 1253 in
1402 1221 1552 1254 cornu
1586 1207 1790 1271 epistole
1825 1211 1961 1255 extra

173 1292 444 1342 cancellum
467 1290 630 1340 altaris
651 1289 826 1338 faciem
845 1292 973 1354 Pape
994 1294 1204 1339 vertens.
1232 1291 1486 1339 Credentia
1501 1291 1658 1340 stabat
1679 1296 1808 1340 retro
1831 1307 1959 1343 eum.

174 1378 281 1424 Non
318 1374 408 1423 fuit
440 1383 601 1423 sermo
635 1373 694 1422 de
725 1373 953 1422 mandato
989 1377 1135 1438 Pape,
1168 1390 1313 1438 quem
1340 1374 1512 1423 fecisse
1544 1375 1706 1424 debuit
1735 1378 1788 1423 R.
1817 1378 1870 1423 P.
1902 1377 1960 1423 D.

174 1458 307 1507 Titus
337 1457 597 1522 episcopus
621 1457 890 1510 Castrensis
910 1457 957 1505 in
983 1457 1294 1521 patrimonio.
1319 1458 1474 1507 Finita
1493 1459 1658 1518 missa,
1684 1461 1815 1522 Papa
1834 1458 1965 1507 dedit

175 1541 568 1592 benedictionem
612 1545 660 1590 et
703 1541 1026 1604 indulgentias
1074 1541 1316 1605 plenarias
1368 1558 1486 1605 quas
1534 1541 1793 1606 publicavit
1834 1542 1964 1590 cele-

175 1626 337 1674 brans.
362 1625 548 1674 Deinde
580 1627 710 1689 Papa
741 1625 882 1674 rediit
912 1625 1085 1674 eodem
1113 1625 1280 1674 ordine
1317 1626 1378 1675 ad
1404 1626 1635 1690 palatium
1669 1641 1809 1674 suum
1837 1625 1966 1689 apud

174 1725 214 1756 s.
254 1711 482 1767 Petrum;
522 1708 679 1756 eundo
718 1708 845 1756 venit
874 1725 962 1772 per
1000 1725 1225 1773 campum
1259 1710 1419 1769 Flore,
1460 1710 1671 1774 plateam
1705 1709 1964 1774 judeorum

173 1795 225 1840 et=
242 1807 283 1839 s.
311 1791 515 1839 Mariam
533 1791 593 1840 de
613 1791 946 1840 consolatione
966 1809 975 1851 ;
1010 1792 1256 1841 redeundo
1279 1796 1461 1853 autem,
1491 1809 1580 1857 per
1604 1810 1643 1841 s.
1678 1795 1896 1841 Marcum
1918 1797 1966 1841 et

172 1875 298 1924 viem
332 1877 478 1940 Pape.
519 1875 616 1924 Sed
642 1879 742 1924 tam
776 1877 933 1925 eundo
967 1892 1110 1940 quam
1143 1877 1392 1927 redeundo
1419 1878 1548 1926 venit
1580 1893 1669 1942 per
1694 1876 1963 1926 Colisseum

174 1963 426 2009 eti-eatam
446 1959 590 2020 viam,
625 1959 850 2009 videlicet
873 1960 954 2009 ubi
974 1961 1130 2024 posita
1152 1966 1226 2010 est
1255 1961 1417 2026 imago
1446 1961 1656 2026 papisse‚
1688 1966 1740 2009 ut
1768 1961 1960 2022 dicitur,

173 2043 222 2091 in
243 2043 435 2108 signum
456 2038 586 2107 quod
605 2043 854 2092 Johannes
874 2046 959 2096 VII
981 2044 1199 2108 anglicus
1219 2061 1426 2109 puerum
1455 2045 1669 2110 peperit;
1701 2061 1788 2110 per
1814 2061 1960 2109 quam

174 2141 345 2176 omnes
375 2126 543 2176 dicunt
574 2142 671 2176 non
706 2127 883 2176 debere
916 2144 1129 2192 unquam
1163 2129 1395 2192 equitare.
1426 2129 1511 2176 Fui
1544 2134 1805 2193 propterea
1837 2146 1863 2177 a
1902 2132 1959 2177 D.

171 2210 540 2275 archiepiscopo
587 2211 1000 2272 Florentinorum,
1047 2212 1276 2276 episcopo
1319 2215 1544 2261 Massano
1590 2218 1638 2261 et
1678 2216 1883 2277 Hugone
1905 2213 1963 2261 de

171 2294 361 2344 Benciis
407 2280 706 2343 subdiacono
747 2295 1034 2359 apostolicO‚
1082 2296 1428 2360 reprehensus,
1473 2296 1628 2345 Habui
1679 2313 1824 2361 super
1867 2297 1962 2345 hoc

169 2379 370 2428 verbum
408 2394 521 2428 cum
568 2381 624 2426 D.
666 2379 897 2443 episeopo
949 2380 1190 2440 Pientino,
1237 2380 1316 2444 qui
1358 2380 1477 2428 mihi
1527 2381 1645 2430 dixit
1685 2382 1816 2430 illam
1855 2398 1962 2430 esse

170 2459 439 2510 fatuitatem
459 2477 516 2510 ac
535 2461 749 2511 heresim
773 2478 943 2526 sapere
965 2464 1095 2527 quod
1115 2466 1244 2528 Papa
1264 2480 1361 2511 non
1383 2463 1558 2513 debeat
1575 2481 1663 2530 per
1682 2466 1812 2514 illam
1832 2467 1957 2515 viam

170 2543 259 2605 ire,
295 2560 407 2594 cum
443 2561 541 2594 non
574 2546 844 2610 reperiatur
876 2546 1036 2611 aliquo
1073 2547 1195 2595 libro
1231 2548 1513 2598 authentico
1554 2551 1849 2614 prohibitum
1885 2551 1958 2600 vel

171 2643 231 2677 ex
250 2629 601 2679 consuetudine
623 2630 922 2679 contrarium
949 2630 1255 2680 observatum
1279 2631 1359 2698 (1).

236 2712 321 2762 His
341 2713 509 2762 diebus
530 2719 764 2763 venerunt
784 2714 845 2762 ad
866 2715 1045 2763 Urbem
1068 2718 1164 2763 RR.
1187 2718 1279 2764 ΡΡ.
1304 2718 1403 2765 DD.
1432 2717 1686 2767 Wilelmus
1701 2719 1964 2784 archiepis-

218 2864 253 2900 1.
280 2861 507 2900 L’existence
527 2862 573 2900 de
593 2862 627 2900 la
646 2863 810 2912 Papesse
823 2863 839 2900 J
847 2875 962 2901 eanne
980 2869 1037 2901 est
1056 2865 1287 2914 aujourd'bui
1306 2867 1475 2915 releguee
1490 2868 1608 2916 parmi
1624 2868 1677 2906 les
1696 2869 1871 2918 legendes
1891 2880 1962 2917 que

168 2933 263 2960 nous
283 2933 305 2959 a
323 2921 538 2959 transmises
557 2922 592 2960 la
608 2922 656 2960 foi
686 2926 794 2960 naive
815 2923 866 2960 du
890 2935 1021 2972 moyen
1052 2927 1135 2973 age.
1158 2925 1251 2963 Mais
1273 2937 1319 2963 on
1341 2938 1386 2963 ne
1407 2927 1544 2964 saurait
1570 2928 1651 2965 nier
1678 2940 1750 2977 que
1777 2927 1909 2977 depuis
1929 2927 1961 2964 le

168 2988 223 3018 x1⁰
243 2981 354 3018 siecle
374 2981 524 3030 jusqu'a
549 2982 584 3018 la
611 2982 662 3019 fin
689 2983 738 3020 du
763 2989 869 3029 xvn0,
891 2987 986 3021 cette
1014 2983 1168 3032 legende
1201 2985 1290 3022 n'ait
1309 2987 1366 3023 ete
1386 2986 1527 3023 admise
1555 2999 1696 3025 comme
1716 2987 1895 3025 veritable
1923 2991 1960 3024 et

168 3041 257 3079 n'ait
275 3044 466 3078 rencontre
487 3042 580 3079 dans
600 3042 633 3079 le
653 3043 772 3091 olerge
787 3047 902 3080 meme
922 3043 989 3080 des
1009 3043 1194 3092 partisans
1220 3045 1455 3083 convaincus.
1479 3047 1633 3093 platina,
1655 3048 1748 3085 dans
1779 3059 1846 3084 son
1868 3047 1959 3082 His-

168 3102 264 3138 toire
278 3101 345 3136 des
362 3100 490 3148 Papes
510 3102 620 3139 ecrite
637 3114 703 3151 par
716 3103 821 3141 ordre
842 3103 887 3140 de
908 3103 1010 3141 Sixte
1031 3104 1092 3149 IV,
1110 3104 1303 3142 contribua
1317 3116 1364 3142 au
1385 3106 1558 3143 maintien
1579 3107 1623 3143 de
1645 3112 1739 3145 cette
1760 3118 1956 3155 eroyance,

166 3160 252 3197 bien
277 3159 366 3208 qu’il
391 3161 444 3198 ait
470 3161 551 3198 soin
572 3162 616 3199 de
646 3174 857 3212 remarquer
877 3163 963 3212 qu'il
984 3175 1031 3200 ne
1059 3164 1124 3201 fait
1150 3175 1222 3212 que
1247 3170 1437 3213 rapporter
1456 3165 1628 3214 l'opinion
1656 3176 1860 3203 commune.
1887 3166 1959 3214 (De

166 3221 257 3258 vitis
281 3230 327 3255 ac
337 3222 453 3266 yestis
473 3221 587 3261 Sum.
607 3223 737 3269 Pom„
756 3224 862 3270 1664,
885 3235 921 3272 p.
943 3224 1047 3271 258.)
1067 3223 1095 3260 Il
1115 3223 1272 3261 faudrait
1285 3228 1366 3262 tout
1388 3237 1436 3262 un
1456 3226 1598 3262 volume
1618 3237 1710 3274 pour
1726 3226 1957 3262 mentionner

165 3279 217 3316 les
237 3291 417 3328 ouvrages
440 3281 502 3328 qui
521 3285 586 3319 ont
617 3284 673 3319 ete
696 3283 805 3320 ecrits
821 3295 914 3332 pour
935 3295 983 3321 ou
1002 3289 1127 3321 contre
1147 3283 1359 3321 l'existence
1379 3284 1424 3321 de
1448 3285 1483 3321 la
1503 3285 1667 3333 Papesse
1690 3296 1699 3321 :
1723 3297 1810 3322 sans
1832 3290 1954 3322 entrer

165 3339 258 3376 dans
290 3339 324 3376 la
352 3339 559 3378 discussion
584 3341 649 3379 des
675 3347 889 3390 arguments
911 3344 1077 3392 produits
1098 3344 1142 3380 de
1164 3347 1245 3392 part
1261 3349 1298 3381 et
1325 3343 1479 3388 d'autre,
1498 3345 1534 3393 je
1559 3356 1614 3381 me
1634 3344 1800 3382 bornerai
1822 3348 1842 3382 a
1862 3345 1950 3382 citer

163 3398 252 3436 trois
273 3399 488 3438 documents
507 3401 569 3450 qui
588 3403 796 3450 paruissent
816 3403 1057 3449 irrefutableS‚
1080 3408 1295 3453 renvoyant,
1317 3415 1409 3453 pour
1429 3405 1511 3453 plus
1532 3405 1577 3442 de
1598 3404 1743 3445 details,
1766 3407 1787 3442 a
1813 3405 1847 3442 la
1873 3405 1951 3441 dis-
