2262 3958
220 292 428 337 [Decembre
451 291 541 335 1484]
661 289 830 328 RERUM
866 290 1170 329 URBANARUM
1204 290 1555 330 COMMENTARII.
1937 300 2004 338 117

213 397 460 446 Iohannes
493 395 678 444 electus
711 395 1030 444 Tornacensis
1066 395 1229 459 palatii
1266 395 1517 459 apostolici
1548 396 1780 461 magister
1809 399 1998 462 domus,

216 480 348 531 dedit
380 479 497 528 mihi
529 479 693 528 locum
724 481 771 528 in
802 480 966 529 tinello
999 481 1086 528 SS.
1116 481 1173 526 D.
1203 483 1255 527 N.
1290 480 1337 528 in
1365 497 1532 529 mensa
1571 481 1865 545 prelatorum
1893 490 2003 549 post

215 566 441 616 ultimum
464 563 811 614 cubicularium
832 564 1009 612 ibidem
1031 568 1335 626 presentem.

278 652 417 703 Feria
437 658 626 718 quarta,
656 655 712 700 15
731 648 912 698 mensis
930 647 1221 707 decembriS,
1247 663 1331 696 sex
1353 653 1572 698 oratores
1594 650 1791 699 dominii
1810 653 2002 702 Floren-

215 738 442 797 tinorum,
474 742 642 787 octava
673 735 834 798 hujus,
859 731 1041 794 recepti
1063 731 1111 778 in
1133 731 1422 780 consistorio
1444 733 1638 796 publico
1660 734 1709 782 in
1733 736 1872 784 tertia
1892 737 2001 786 aula

215 821 377 886 palatii
404 819 654 886 apostolici
677 817 804 882 apud
839 832 875 863 s.
904 819 1100 864 Petrum
1130 814 1315 873 habito,
1341 816 1539 879 egregio
1572 819 1629 864 D.
1655 819 1999 868 Bartholomeo

213 905 355 954 Scala
387 901 676 954 cancellario
718 898 994 947 Florentino
1031 897 1157 946 inter
1191 913 1274 946 eos
1306 897 1501 946 tertium
1531 898 1694 947 locum
1729 901 1995 961 obtinente,

213 993 399 1048 orante,
423 985 737 1052 prestiterunt
757 982 945 1047 prefato
965 983 1050 1030 SS.
1078 984 1137 1030 D.
1164 986 1334 1030 nostro
1355 982 1552 1031 nomine
1574 999 1745 1032 eorum
1766 985 1999 1035 obedien-

210 1071 327 1122 tiam
347 1070 560 1120 debitam
582 1072 630 1118 et
651 1070 951 1117 consuetam.

273 1154 414 1204 Feria
434 1157 622 1218 quarta,
647 1155 708 1200 22
730 1151 844 1200 dicti
867 1150 1048 1198 mensis
1070 1150 1362 1211 decembriS,
1383 1151 1510 1201 circa
1525 1153 1695 1203 horam
1714 1155 1997 1219 vigesimam

207 1237 400 1289 tertiam
419 1253 507 1303 per
525 1242 714 1302 portam
737 1253 775 1285 s.
801 1235 1032 1285 Johannis
1047 1236 1384 1285 Lateranensis
1399 1237 1696 1288 intraverunt
1713 1240 1891 1289 Urbem
1915 1257 1998 1290 sex

207 1308 426 1373 oratores
447 1321 757 1371 illustrissimi
776 1321 1065 1370 Ferdinandi
1088 1321 1248 1370 Sicilie
1278 1321 1405 1385 regis
1428 1323 1748 1386 Neapolitani,
1776 1324 1998 1374 videlicet

206 1407 402 1458 illustris
426 1407 712 1459 Franciscus
734 1406 952 1471 ejusdem
976 1405 1102 1470 regis
1130 1405 1254 1453 filius
1278 1407 1644 1469 quartogenitus
1667 1408 1995 1473 archiepisco-

206 1508 295 1557 pus
332 1491 680 1557 CapuanenSiS,
717 1490 812 1539 dux
845 1489 1117 1538 Melfitanus
1144 1490 1294 1538 frater
1334 1506 1596 1554 germanus
1638 1493 1762 1541 Rmi.
1805 1496 1862 1541 D.
1900 1495 1996 1543 mei

208 1576 463 1626 cardinalis
485 1574 731 1635 Senensis,
752 1590 920 1623 comes
940 1573 1193 1634 Merconii,
1221 1576 1278 1621 D.
1297 1574 1497 1622 Anellus
1509 1576 1589 1638 qui
1608 1576 1754 1640 longo
1779 1581 1997 1642 tempore

207 1660 426 1727 ejusdem
459 1659 588 1724 regis
623 1664 787 1707 orator
821 1658 869 1706 in
911 1658 1037 1707 Urbe
1069 1657 1176 1717 fuit,
1216 1663 1263 1706 et
1303 1673 1469 1707 comes
1515 1659 1822 1725 Alontagine.
1863 1662 1995 1710 Missi

204 1746 401 1797 fuerunt
417 1743 590 1793 illustri
610 1742 870 1791 Francisco
899 1742 1026 1806 regis
1048 1741 1147 1790 filio
1171 1741 1389 1806 predicto
1410 1742 1598 1791 obviam
1620 1760 1708 1808 per
1729 1745 1992 1808 collegium

204 1831 479 1880 RRmorum
500 1829 602 1876 DD.
628 1826 946 1885 cardinalium
975 1829 1022 1874 et
1044 1827 1147 1890 ejus
1174 1825 1389 1886 nomine,
1416 1826 1582 1874 RRmi.
1617 1830 1718 1876 DD.
1747 1829 1993 1877 lohannes

201 1914 262 1964 de
280 1912 541 1977 Aragonia,
563 1910 687 1961 tituli
710 1928 749 1960 s.
777 1910 954 1959 Sabine
972 1911 1225 1975 presbyter
1242 1910 1500 1960 cardinalis
1516 1911 1736 1975 ejusdem
1748 1913 1994 1962 Francisci

201 1998 352 2048 frater
373 2012 652 2062 germanus,
677 1999 725 2044 et
750 1994 986 2044 Ascanius
1019 1993 1187 2054 Maria,
1218 2011 1257 2042 s.
1290 1994 1388 2044 Viti
1421 1994 1471 2042 in
1500 1995 1705 2044 Macello
1737 1996 1990 2057 diaconuS,

191 2081 381 2132 *Sfortia
395 2080 668 2131 vicecomes
684 2079 955 2129 cardinales
968 2079 1029 2128 ad
1043 2079 1201 2143 ipsum
1218 2079 1558 2127 honorandum
1573 2084 1621 2128 et
1635 2080 1987 2145 recipiendum.

201 2163 468 2214 Cardinalis
488 2163 549 2213 de
570 2162 814 2228 Aragonia
834 2163 914 2211 ivit
943 2163 986 2211 ei
1015 2162 1204 2210 obviam
1231 2178 1319 2226 per
1345 2179 1494 2211 unum
1528 2164 1714 2212 miliare
1742 2165 1815 2213 vel
1842 2165 1987 2225 circa,

203 2252 337 2298 extra
354 2251 572 2313 portam;
597 2247 854 2296 cardinalis
875 2262 988 2295 vero
1016 2246 1252 2295 Ascanius
1281 2247 1550 2312 expectavit
1577 2264 1690 2296 eum
1712 2248 1990 2299 immediate

199 2334 335 2381 extra
348 2335 556 2395 portam,
576 2330 658 2378 ubi
674 2346 786 2379 cum
803 2334 950 2391 esset,
967 2330 1182 2394 prefatus
1195 2332 1229 2378 F
1234 2330 1479 2379 ranciscus
1495 2347 1523 2379 a
1538 2331 1767 2379 cardinali
1785 2333 1990 2381 Ascanio

198 2415 446 2465 osculatus
476 2419 549 2465 est
580 2420 627 2464 et
655 2416 715 2463 ab
740 2415 976 2464 ambobus
1004 2414 1202 2463 nomine
1234 2414 1426 2478 collegii
1457 2420 1681 2480 receptus
1713 2433 1723 2464 ε
1755 2421 1990 2465 venerunt

198 2501 345 2551 etiam
373 2500 419 2550 ei
445 2499 634 2549 obviam
667 2499 846 2548 familie
881 2501 966 2548 SS.
993 2499 1176 2548 domini
1201 2499 1353 2547 nostri
1382 2503 1429 2547 et
1459 2499 1662 2547 aliorum
1691 2503 1984 2555 RRmorum,

197 2586 300 2634 DD.
323 2584 660 2644 cardinalium,
681 2600 709 2632 a
730 2583 900 2648 quibus
923 2583 1078 2632 dictus
1092 2583 1327 2632 Dominus
1347 2583 1631 2632 Franciscus
1654 2585 1840 2633 medius
1864 2584 1990 2634 inter

196 2668 352 2718 dictos
391 2668 512 2717 duos
549 2667 838 2728 cardinaleS,
879 2667 958 2716 alii
989 2683 1104 2716 vero
1158 2668 1373 2732 quinque
1412 2668 1587 2733 singuli
1627 2669 1752 2717 inter
1777 2660 1988 2734 prelatos

199 2751 367 2817 palatii
392 2757 442 2800 et
461 2755 677 2800 oratores
719 2751 920 2801 aliorum
955 2752 1226 2817 principum
1262 2752 1310 2800 in
1343 2753 1470 2802 Urbe
1508 2753 1790 2814 existenteS,
1827 2753 1908 2818 qui
1941 2758 1987 2802 et

200 2835 318 2900 ipsis
338 2834 527 2884 obviam
544 2839 794 2896 venerant,
819 2852 955 2885 more
975 2837 1115 2885 solito
1138 2854 1287 2901 usque
1308 2839 1367 2886 ad
1391 2839 1610 2898 domum,
1636 2839 1733 2887 sive
1754 2838 1985 2903 palatium

202 2919 488 2968 Ursinorum
507 2919 555 2967 in
578 2934 751 2983 campo
773 2919 912 2968 Flore
931 2936 1020 2984 pro
1040 2921 1337 2970 habitatione
1357 2922 1578 2987 ejusdem
1597 2922 1839 2971 Francisci
1862 2923 1987 2971 ordi-

201 3009 385 3065 natum,
408 3004 602 3053 suerunt
621 3003 889 3054 honorifice
908 3003 1150 3053 associati.

269 3088 406 3137 Feria
436 3094 587 3149 sexta,
620 3092 682 3137 24
705 3088 978 3138 decembris
1004 3088 1163 3154 vigilia
1192 3089 1450 3140 nativitatis
1478 3092 1671 3140 Domini
1698 3092 1848 3139 nostri
1876 3093 1988 3140 Jesu

202 3171 396 3231 Christi,
417 3174 502 3221 SS.
525 3176 581 3222 D.
604 3177 771 3222 noster
787 3173 1036 3222 habiturus
1049 3178 1157 3238 post
1171 3189 1397 3238 vesperas
1413 3176 1721 3224 collationem
1744 3175 1988 3240 publicam

198 3255 246 3304 in
270 3255 380 3304 aula
402 3257 585 3320 majore
607 3258 770 3322 palatii
789 3258 1038 3323 apostolici
1061 3258 1186 3323 apud
1208 3275 1246 3306 s.
1275 3261 1487 3318 Petrum,
1509 3275 1733 3324 vesperas
1749 3259 1984 3308 celebrari

201 3339 350 3388 voluit
366 3339 415 3387 in
437 3340 621 3404 capella
641 3343 827 3407 majore
847 3342 959 3391 dicti
975 3343 1133 3407 palatii
1157 3358 1244 3407 pro
1266 3344 1449 3407 maj0re
1467 3343 1534 3391 rei
1551 3343 1912 3403 commoditate,
1929 3358 1987 3392 ne

205 3420 501 3470 discedendo
513 3426 559 3470 et
572 3424 846 3474 recedendo
858 3441 918 3475 ex
929 3427 1128 3476 basilica
1140 3443 1178 3475 s.
1195 3425 1321 3476 Petri
1338 3426 1539 3475 nimium
1555 3426 1787 3491 temporis
1801 3426 1991 3491 dispen-
