2262 3958
149 318 366 367 [Avril1492l
597 318 766 355 RERUM
801 318 1105 358 URBANARUM
1140 320 1491 359 COMMENTARII.
1863 324 1934 359 463

150 426 286 482 runt,
344 422 658 484 sequentibus
708 424 839 486 ipsos
900 424 1097 488 prelatis
1153 425 1396 484 omnibus,
1456 440 1662 490 quorum
1719 424 1936 473 omnium

150 518 399 552 mcessum
419 503 534 564 dux,
561 504 797 554 birretum
812 510 998 554 tantum
1018 506 1066 553 in
1089 506 1245 569 capite
1269 507 1455 556 habens
1478 507 1595 556 etin
1611 525 1758 557 manu
1781 510 1937 574 capel-

147 586 250 635 lum
271 602 429 653 suum,
453 587 634 637 ibidem
657 588 952 653 expectavit3
978 588 1153 636 deinde
1176 588 1369 638 intravit
1389 590 1622 654 palatium
1641 593 1930 655 predictum.

150 663 325 720 Eundo'
348 670 410 719 ad
429 672 712 736 pontificem
737 677 785 720 et
812 671 924 719 inde
955 671 1223 731 redeunde,
1254 689 1310 720 ac
1333 673 1479 722 etiam
1501 691 1590 737 per
1617 677 1715 725 vias
1747 676 1934 724 strictas

149 753 429 818 equitando,
451 755 707 804 cardinalis
728 757 1103 803 Beneventanus
1125 755 1443 822 precedebat,
1471 774 1617 820 quem
1643 760 1936 823 sequebatur

148 837 261 898 dux,
298 842 348 887 et
384 839 559 888 ducem
595 838 851 888 cardinalis
892 838 1144 886 Ascanius.
1190 841 1297 886 Dux
1330 839 1462 888 venit
1497 841 1558 889 ad
1604 843 1783 891 Urbem
1822 860 1932 892 cum

148 921 314 970 salmis
337 938 512 982 xxxin,
544 922 851 986 equestribus
887 921 1083 970 circiter
1111 937 1184 981 cc,
1221 921 1348 970 inter
1381 938 1502 986 quos
1539 930 1677 973 erant
1709 926 1932 985 comiteS,

146 1005 373 1066 barones,
396 1005 579 1054 domini
600 1008 648 1054 et
669 1005 849 1054 milites
868 1004 1064 1054 circiter
1093 1005 1432 1070 quadraginta.

210 1090 301 1141 Die
319 1089 526 1149 sabbati,
553 1093 612 1137 14
634 1089 751 1138 dicti
773 1090 955 1140 mensis
976 1090 1156 1155 apriliS,
1187 1090 1237 1137 in
1265 1089 1476 1139 ecclesia
1505 1095 1771 1141 conventus
1792 1093 1933 1142 beate

141 1173 292 1227 Marie
330 1173 391 1223 de
421 1172 676 1234 Minerva,'
688 1174 868 1239 paratis
905 1173 1223 1223 circumcirca
1252 1191 1342 1238 per
1367 1173 1571 1222 chorum
1598 1175 1855 1226 intorticiis
1888 1182 1935 1227 et

138 1257 396 1319 catalectO,
441 1258 588 1324 pallio
616 1259 828 1324 desuper
862 1258 1040 1323 posito,
1075 1275 1133 1307 ac
1165 1258 1271 1306 aliis
1299 1273 1436 1307 more
1471 1265 1725 1321 consueto,
1767 1261 1932 1311 habite

141 1347 255 1392 sunt
291 1342 499 1408 exequie
532 1343 737 1408 predicti
764 1343 1027 1403 Laurentii,
1053 1343 1228 1407 quibus
1251 1343 1578 1394 interfuerunt
1605 1346 1676 1395 lll.
1702 1349 1761 1395 D.
1785 1346 1932 1395 Nico-

138 1426 244 1475 laus
271 1426 334 1476 de
370 1427 555 1476 Ursinis
585 1427 793 1477 Pitiliani
829 1444 996 1478 comes
1027 1428 1310 1493 capitaneus
1347 1430 1607 1494 generalis,
1641 1432 1928 1480 Franciscus

140 1509 258 1560 eibo
295 1509 424 1559 filius
462 1513 609 1576 Pape,
648 1511 728 1576 qui
758 1511 909 1560 filiam
943 1511 1058 1560 dicti
1094 1513 1338 1562 Laurentii
1361 1514 1512 1564 habet
1544 1514 1595 1563 in
1623 1530 1845 1574 uxorem,
1878 1521 1928 1565 et

68 1639 71 1642 .
141 1592 280 1643 multi
314 1594 395 1643 alii
420 1594 606 1644 domini
643 1600 692 1644 et
725 1596 931 1660 prelati3
968 1596 1223 1645 cardinalis
1257 1602 1420 1647 autem
1453 1599 1512 1647 de
1539 1599 1737 1649 Medicis
1767 1604 1816 1650 et
1847 1601 1927 1649 alii

141 1677 411 1728 cardinales
431 1694 531 1728 non
547 1679 888 1728 interfuerunt.
919 1680 1116 1728 Missam
1150 1681 1410 1730 celebravit
1440 1685 1496 1731 R.
1531 1688 1671 1748 pater
1702 1684 1927 1733 dominus

139 1761 575 1827 Titus,·episcopus
604 1764 874 1812 Castrensis
908 1763 956 1811 in
976 1764 1288 1828 patrimonio,
1310 1767 1393 1830 qui
1420 1766 1568 1815 etiam
1596 1771 1707 1831 post
1726 1767 1926 1816 missam

137 1845 341 1896 absolvit
360 1861 448 1911 per
467 1863 615 1895 unam
643 1847 914 1897 orationem
937 1864 1073 1897 more
1103 1849 1244 1898 solito
1271 1867 1280 1897 :
1308 1848 1559 1898 distribute
1589 1849 1786 1898 fuerunt
1813 1866 1930 1899 can-

133 1928 244 1979 dele
269 1929 670 1981 interessentium
708 1931 924 1991 cuilibet,
962 1933 1228 1982 secundum
1266 1933 1471 1997 gradum
1502 1949 1671 1994 suum;
1706 1934 1795 1982 has
1824 1934 1928 1983 fieri

136 2012 255 2062 fecit
274 2014 538 2064 Honufrius
564 2016 883 2064 Tornabonus
920 2017 1062 2065 banci
1093 2017 1209 2066 dicti
1227 2017 1471 2067 Laurentii
1492 2017 1542 2066 in
1570 2018 1704 2067 curia
1727 2034 1929 2067 romana

135 2111 307 2146 curam
323 2098 511 2147 habens
531 2115 541 2146 :
557 2098 718 2147 nullus
734 2099 946 2148 interfuit
961 2100 1164 2149 funestis
1180 2101 1394 2149 vestibus
1410 2101 1603 2149 indutus
1617 2139 1627 2161 ,
1645 2101 1927 2166 capitaneus

136 2184 301 2230 tamen
321 2181 542 2230 Ecclesie
564 2186 613 2230 et
634 2182 925 2232 Franciscus'
949 2183 1066 2232 Cibo
1091 2184 1246 2232 induti
1273 2185 1469 2233 fuerunt
1501 2184 1744 2233 mantellis
1763 2185 1924 2249 longis

135 2265 288 2330 nigris
308 2265 369 2315 de
389 2282 551 2331 panno
587 2283 757 2332 grosso
779 2283 930 2332 usque
963 2268 1023 2316 ad
1047 2271 1244 2328 terram,
1275 2269 1335 2317 ab
1369 2268 1598 2317 anteriori
1629 2273 1766 2333 parte
1787 2285 1925 2334 aper—

136 2350 214 2411 tis,
251 2351 426 2416 quibus
461 2351 543 2400 illo
577 2367 720 2401 mane
754 2355 942 2400 tantum
988 2351 1061 2399 usi
1107 2356 1248 2411 sunt;
1282 2351 1458 2400 deinde
1489 2351 1776 2401 Franciscus
1811 2369 1925 2417 pre-

135 2434 289 2485 dictus
325 2439 459 2486 veste
493 2436 710 2487 violacea
739 2436 949 2486 obscura
978 2451 1132 2499 usque
1165 2436 1226 2484 ad
1256 2452 1417 2501 genua
1448 2435 1522 2483 vel
1570 2435 1695 2485 ultra
1723 2439 1924 2487 vestitus

135 2523 226 2568 est.

198 2605 454 2656 Dominica
479 2607 768 2671 palmarum,
807 2610 864 2656 15
892 2607 1006 2656 dicti
1035 2606 1218 2656 mensis
1247 2605 1429 2671 apriliS,
1469 2610 1636 2655 Rmus.
1671 2609 1729 2656 D.
1767 2606 1926 2656 cardi-

134 2689 255 2738 nalis
290 2690 575 2750 Aleriensis,
632 2690 832 2739 missam
891 2691 1174 2740 solemniter
1222 2691 1571 2751 celebraturus,
1610 2690 1827 2755 pervenit
1865 2691 1926 2739 ad

132 2772 370 2838 capellam
395 2773 634 2837 majorem
672 2773 1000 2837 supradictam
1029 2779 1196 2839 preter
1220 2775 1398 2823 bonam
1425 2774 1846 2831 consuetudinem,
1879 2779 1925 2821 et

133 2857 320 2922 accepit
356 2861 642 2922 paramenta
680 2857 846 2905 omnia
881 2861 1138 2918 consueta;
1170 2857 1364 2906 interim
1396 2858 1507 2922 quia
1536 2858 1695 2922 palme
1727 2857 1925 2906 benedi-

132 2940 287 2990 cende
324 2942 540 2990 nondum
574 2958 634 2990 ex
669 2941 814 2990 domo
843 2940 1062 3005 magistri
1095 2941 1376 3001 Florentini,
1401 2941 1484 3006 qui
1517 2930 1621 2991 illas
1657 2946 1917 3006 aptaverat,

133 3029 383 3090 apportate
404 3026 612 3086 fuerant,
634 3041 723 3090 pro
744 3041 803 3075 eo
826 3025 954 3090 quod
975 3025 1105 3073 idem
1126 3025 1354 3090 magister
1377 3026 1569 3075 volebat
1591 3025 1679 3074 sibi
1700 3025 1833 3090 prius
1860 3026 1920 3074 de

133 3107 305 3157 decem
330 3109 519 3159 ducatis
537 3114 797 3174 propterea
824 3108 997 3158 debitis
1029 3108 1271 3167 satisfieri,
1304 3111 1389 3157 SS.
1422 3110 1480 3156 D.
1512 3111 1568 3157 N.
1594 3108 1840 3158 accersitis
1862 3107 1922 3155 ad

133 3205 186 3238 se
208 3189 432 3239 omnihus
450 3193 644 3241 RRmis.
668 3195 768 3242 DD.
791 3192 1118 3242 cardinalibus
1141 3191 1323 3241 ibidem
1339 3191 1645 3256 presentibus
1664 3192 1711 3239 in
1727 3206 1924 3240 camera

134 3289 221 3322 sua
242 3278 445 3334 secreta,
470 3277 650 3325 creavit
671 3282 719 3326 et
746 3276 1023 3342 publicavit,
1058 3276 1117 3325 de
1145 3275 1464 3324 cardinalium
1492 3275 1776 3323 eorumdem
1804 3291 1922 3324 con-

137 3358 243 3407 silio
277 3359 572 3408 cardinalem
616 3359 675 3409 de
701 3361 920 3421 Medicis,
948 3362 1164 3425 legatum
1201 3358 1482 3408 Patrimonii
1514 3375 1552 3406 s.
1594 3360 1741 3419 Petri,
1774 3375 1921 3424 quem

134 3441 298 3502 voluit,
323 3442 473 3492 missa
492 3443 644 3504 finita,
670 3449 723 3493 ut
744 3444 891 3494 talem
912 3445 972 3494 ab
1001 3444 1225 3493 omnibus
1248 3445 1440 3494 RRmis.
1474 3448 1575 3494 DD.
1598 3444 1920 3494 cardinalibus
