2262 3958
369 317 439 352 540
1114 314 1398 354 APPENDICE.

370 417 560 458 fraterno
582 420 623 458 et
640 417 885 469 principatu
915 415 1118 465 micante,
1151 416 1323 457 achmat
1352 415 1523 456 basiam
1557 415 1748 468 (ydronti
1767 419 2140 472 expugnatorem)

371 480 554 532 impellit
574 482 622 520 ut
641 478 903 530 magistrum
923 477 979 518 ad
1010 489 1162 529 pacem
1197 477 1547 528 amplectendam
1570 480 1735 522 :literis
1766 482 1977 524 hortetur.
2010 483 2138 525 Basia

373 548 518 586 autem
550 545 668 597 regis
691 554 825 584 suasu
845 543 901 583 ad
921 543 1174 584 rhodiorum
1195 543 1433 594 prinprem
1452 544 1602 585 literas
1625 546 1757 595 dedit,
1780 558 1967 599 quarum
1988 559 2138 589 exem-

376 610 472 661 plar
490 610 571 651 hoc
590 613 670 650 est.

426 752 441 770 α
470 734 669 788 Epistola
689 735 806 775 basie
825 733 882 774 ad
901 727 1152 785 nzayistrum
1171 733 1309 774 Rhodi
1334 735 1595 775 escher-tantis
1615 736 1677 775 ad
1687 747 1838 788 pacem
1854 737 2100 780 ineundam.

435 860 450 878 α
483 841 664 883 Achmat
682 842 821 891 basia,
850 841 942 882 asie
973 841 1089 893 regis
1116 841 1267 881 inuicti
1294 842 1500 893 Bagyazit
1528 842 1805 894 imperat0r1s
1829 831 2143 896 imperatorum

381 908 656 949 consiliarius
679 906 1035 959 splendidissimo
1052 907 1234 958 principi
1255 907 1523 947 Rhodiorum
1540 908 1767 960 magistro.
1791 910 1915 950 Petro
1939 908 2143 951 Daubus-

382 986 477 1023 son,
501 973 835 1015 christianorum
855 971 1018 1012 athlete
1037 970 1302 1020 fortissimo;
1326 972 1368 1011 S.
1389 973 1431 1012 P.
1453 974 1502 1013 D.
1526 974 1635 1014 Nota
1651 974 1757 1014 mihi
1775 977 1849 1015 tua
1867 960 2157 1027 generosi-tas

379 1044 474 1081 tum
498 1038 613 1080 fama
632 1041 723 1078 tum
741 1049 788 1078 re
807 1037 979 1088 impulit
996 1040 1044 1077 ut
1063 1037 1144 1077 has
1161 1036 1217 1077 ad
1234 1035 1277 1077 te
1292 1036 1528 1077 scriberem
1542 1038 1783 1089 perbreues
1799 1039 1962 1080 literas,
1984 1041 2146 1081 Tantas

381 1105 543 1157 quippe
560 1104 674 1144 vires
693 1103 832 1143 virtus
849 1103 996 1151 habet,
1019 1106 1067 1142 ut
1083 1103 1258 1154 ignotos
1278 1105 1403 1153 pater
1417 1106 1458 1143 et
1474 1103 1625 1144 hostes
1636 1105 1694 1146 ad
1708 1105 1948 1146 amandum
1966 1105 2141 1177 alliciat.

380 1171 547 1210 Virtute
568 1168 759 1220 profecto
786 1167 968 1208 allectus
998 1171 1088 1216 tua,
1114 1167 1159 1207 id
1184 1167 1452 1218 persuadere
1481 1179 1627 1210 conor.
1661 1170 1784 1220 Quod
1814 1169 2085 1222 magnanimi
2101 1173 2146 1212 et

382 1245 605 1287 pugnaces
623 1233 703 1273 viri
735 1233 810 1284 qui
833 1233 964 1273 etiam
992 1233 1055 1285 (ut
1084 1235 1279 1283 optatam
1303 1233 1497 1284 quietem
1526 1234 1768 1287 inueniant)
1796 1247 1918 1276 arma
1943 1239 2146 1278 exercent

384 1299 533 1350 sepius
566 1298 756 1350 amplexi
785 1301 888 1339 sunt
907 1301 956 1338 ut
987 1309 1139 1349 pacem
1165 1309 1263 1338 cum
1293 1298 1488 1350 principe
1519 1300 1727 1352 Bagyazit
1752 1299 1928 1341 firmare
1948 1301 2142 1343 studeas.

382 1364 473 1408 Nec
491 1364 637 1404 minus
653 1364 831 1416 quidem
857 1363 937 1404 viri
963 1363 1199 1415 prestantis
1221 1363 1448 1416 ingenium
1466 1367 1508 1404 et
1523 1365 1737 1416 sapientia
1752 1376 1858 1417 pace
1882 1376 2016 1417 quam
2028 1365 2145 1407 bello

384 1434 575 1475 relucet:
597 1441 678 1470 nec
696 1440 817 1470 arma
840 1428 940 1481 (que
960 1439 1077 1468 nunc
1103 1427 1357 1480 tractamus)
1385 1429 1548 1469 nostris
1568 1428 1847 1482 refragantur
1874 1431 2000 1472 dictis
2020 1443 2030 1472 ε
2051 1431 2149 1473 hos-

383 1502 471 1538 tem
485 1494 794 1548 propulsamus
808 1496 857 1534 ut
871 1493 1063 1545 quietem
1079 1504 1384 1544 assequamur.
1401 1494 1490 1534 Pax
1499 1497 1614 1535 certe
1630 1494 1828 1535 diuinum
1843 1495 2066 1547 quoddam
2079 1499 2147 1537 est

388 1563 567 1610 donum,
592 1560 686 1601 sine
706 1570 792 1611 qua
822 1569 902 1599 nec
931 1559 1184 1599 substancie
1211 1561 1427 1610 separate,
1455 1569 1535 1599 nec
1562 1559 1754 1600 celorum
1779 1563 1942 1610 motuS,
1963 1572 2046 1602 nec
2064 1561 2147 1603 ele-

386 1630 635 1668 mentorum
662 1624 1068 1673 transmutationeS‚
1091 1635 1171 1664 nec
1199 1623 1392 1675 corporis
1420 1623 1603 1664 humani
1622 1635 1874 1677 compages,
1895 1636 1976 1667 nec
1995 1636 2148 1679 regna,

384 1704 464 1734 nec
495 1692 644 1739 urbes,
677 1700 757 1729 nec
785 1700 855 1729 res
886 1689 1122 1730 domestice
1159 1689 1445 1740 sempiterne,
1481 1689 1685 1731 diuturne
1711 1693 1844 1743 atque
1869 1689 2018 1732 felices
2050 1703 2150 1743 esse

386 1757 589 1811 poterint.
609 1756 700 1806 Qua
721 1754 890 1795 ratione
908 1753 1037 1802 ducti,
1061 1754 1328 1806 principatus
1356 1754 1430 1805 qui
1457 1754 1670 1804 sapientia
1691 1758 1733 1795 et
1757 1756 1959 1807 potencia
1978 1756 2146 1809 pollent

390 1827 448 1873 (et
467 1824 522 1864 ab
542 1822 707 1862 oriente
729 1823 770 1860 et
790 1820 845 1860 ab
867 1819 1089 1860 occidente
1117 1819 1257 1860 nostri
1283 1818 1359 1870 qui
1382 1818 1589 1870 principis
1610 1818 1723 1860 fines
1750 1819 1964 1874 accolunt)
1994 1819 2150 1863 foedus

387 1889 625 1942 prudenter
644 1887 766 1927 inire.
792 1886 984 1936 Quorum
1006 1885 1205 1936 exemplo
1224 1895 1398 1933 suasus,
1416 1887 1506 1924 tam
1522 1884 1692 1924 celebre
1710 1887 1753 1925 et
1770 1884 1969 1926 diuinum
1984 1885 2150 1927 bonum

390 1953 623 2006 explodere
638 1962 727 1992 non
749 1950 883 1991 debes
907 1962 916 1989 :
939 1949 1056 2001 quod
1078 1950 1114 1990 si
1132 1949 1409 2001 expetiueriS‚
1432 1951 1507 1989 tue
1529 1939 1765 2001 prudencie
1785 1950 1904 2001 apud
1925 1961 2008 1991 nos
2033 1949 2150 1992 fama

389 2019 550 2059 mirum
569 2017 613 2056 in
639 2015 819 2056 modum
847 2017 1082 2066 augescet3
1118 2013 1155 2053 si
1186 2024 1362 2061 renues,
1396 2013 1549 2064 pocius
1580 2017 1623 2054 te
1649 2013 1799 2055 diuino
1826 2014 1987 2056 auxilio
2019 2003 2151 2067 quam

390 2081 594 2124 humanis
613 2081 779 2122 viribus
799 2078 959 2119 fretum
981 2078 1242 2119 diiudicabo.
1273 2079 1360 2118 Iloc
1383 2082 1587 2129 prestans
1617 2090 1778 2119 munus
1802 2091 1936 2132 quam
1955 2079 2154 2121 celeriter

388 2147 650 2199 amplectere
664 2145 866 2196 princeps
888 2144 1211 2194 sapientissime
1232 2155 1240 2183 z
1260 2142 1403 2184 fruere
1424 2143 1738 2195 tranquillitate
1750 2155 1883 2196 quam
1903 2156 1981 2185 rex
1995 2155 2152 2198 regum

391 2212 595 2267 pacificus
622 2210 828 2263 Bagyazit
853 2209 961 2249 nulli
986 2220 1183 2261 unquam
1206 2210 1371 2260 petenti
1404 2208 1640 2262 denegauit
1672 2223 1682 2250 ε
1713 2221 1866 2251 verum
1899 2213 2153 2251 cunctorum

390 2279 634 2332 legationes
661 2276 728 2316 sui
759 2274 936 2315 exordio
965 2274 1234 2325 principatus
1272 2274 1542 2315 humanitate
1569 2278 1611 2315 et
1636 2274 1939 2315 beniuolencia
1969 2275 2151 2326 excepit.

391 2347 473 2386 Ero
507 2342 623 2383 enim
653 2340 798 2381 fautor
823 2342 897 2380 tua
928 2339 1139 2389 prestanti
1165 2339 1325 2379 virtute
1350 2339 1568 2389 impulsus
1595 2338 1663 2378 cui
1681 2339 1984 2389 obtemperare
2009 2338 2152 2393 cupio.

394 2409 510 2449 Vale.
528 2409 614 2448 Nec
633 2404 941 2457 magnanimus
965 2404 1175 2455 magister
1202 2404 1480 2450 suauioribus
1508 2403 1632 2443 dictis
1659 2407 1877 2452 mouetur,
1899 2406 1943 2444 at
1962 2403 2157 2454 presagit

395 2485 481 2526 quo
502 2471 684 2512 tendant
703 2469 878 2510 barbari
899 2471 1031 2516 arteS,
1054 2469 1144 2519 qui,
1167 2469 1302 2508 missa
1321 2469 1447 2509 solita
1466 2468 1650 2518 feritate,
1681 2469 1829 2508 mitius
1851 2467 2056 2520 loquitur.
2079 2468 2158 2508 Vel

395 2538 574 2592 quidem
602 2537 753 2593 lingue
783 2545 921 2586 sagax
955 2533 1156 2584 princeps
1189 2544 1278 2573 non
1309 2533 1514 2582 desumit,
1549 2536 1598 2573 ut
1632 2533 1847 2574 virulente
1876 2532 2014 2573 caude
2043 2532 2155 2573 ictus

395 2603 527 2650 vitet;
549 2611 629 2640 nec
651 2598 925 2650 floccipendit
954 2609 1130 2647 suaSUS,
1161 2598 1238 2638 sed
1266 2601 1314 2638 ut
1345 2598 1514 2638 cautius
1546 2597 1691 2638 firmet
1719 2598 1892 2649 pedem,
1913 2600 1956 2638 et
1972 2597 2157 2639 nuncios

394 2664 653 2707 missitando
677 2666 852 2713 tempus
874 2665 1066 2710 teratur;
1095 2662 1271 2702 fraterni
1300 2662 1470 2702 dissidii
1498 2662 1661 2702 exitum
1683 2663 1950 2703 eminentem
1969 2661 2159 2714 pruden-

398 2737 463 2773 ter
487 2727 735 2782 expectans.
770 2727 940 2767 Litteris
969 2727 1259 2778 respondens,
1285 2727 1342 2767 ad
1370 2727 1541 2768 basiam
1571 2727 1802 2780 epistolam
1830 2727 1979 2768 scribit
2003 2727 2048 2768 in
2079 2726 2160 2767 hec

396 2797 544 2838 verba.
1376 2791 1379 2794 '

454 2925 469 2944 α
499 2909 652 2949 Littera
670 2907 866 2958 maqistri
884 2905 1023 2945 Rhodi
1048 2905 1103 2944 ad
1120 2905 1286 2945 basiam
1311 2909 1551 2958 responsiue
1570 2917 1694 2958 super
1717 2904 1883 2955 foedere
1906 2901 2106 2943 ineundo.

458 3038 472 3059 α
507 3024 661 3064 Petrus
680 3020 946 3061 Daubusson
974 3018 1240 3059 Rhodiorum
1267 3018 1479 3071 magister
1510 3015 1757 3058 'clarissimo
1789 3016 2042 3056 thurcorum
2067 3023 2163 3064 pre-

400 3088 510 3129 fecto
538 3088 720 3129 Achmat
747 3086 871 3126 basie
903 3084 1037 3136 Regio
1073 3084 1318 3124 consiliario
1354 3084 1395 3124 S.
1418 3085 1468 3124 D.
1503 3083 1695 3134 Epistola
1723 3085 1797 3121 tua
1817 3079 2090 3120 humanitate
2121 3079 2164 3116 et

402 3152 637 3205 prudencia
667 3149 826 3191 referta
852 3148 981 3188 nobis
1023 3148 1194 3189 reddita
1227 3151 1308 3196 est,
1341 3159 1426 3199 que
1454 3147 1510 3188 ad
1545 3157 1696 3198 pacem
1721 3143 1959 3186 ineundam
1989 3140 2160 3181 suadet.

401 3221 487 3260 Nec
507 3219 623 3259 enim
650 3218 906 3269 ignoramus
939 3217 1101 3264 quanta
1122 3214 1237 3254 bona
1258 3224 1344 3264 pax
1367 3212 1583 3264 parturire
1608 3212 1761 3259 soleat,
1786 3213 1828 3251 et
1850 3218 1983 3260 quam
2007 3205 2161 3247 efficax

402 3285 457 3322 sit
476 3283 621 3333 ipsum
639 3281 836 3322 diuinum
854 3290 1029 3328 munus,
1048 3279 1166 3330 quod
1187 3278 1305 3318 orbis
1324 3277 1567 3318 machinam
1587 3276 1712 3328 regit.
1737 3277 1876 3326 Quam
1896 3273 1932 3313 si
1951 3270 2158 3312 mortales

402 3347 604 3397 amplecti
631 3346 872 3394 studerent,
897 3348 940 3385 et
967 3344 1153 3396 quisque
1180 3343 1271 3383 suis
1299 3341 1462 3382 finibus
1490 3344 1608 3381 esset
1637 3342 1883 3388 contentus,
1914 3340 1956 3378 et
1975 3345 2160 3380 aureum

403 3409 594 3460 profecto
612 3409 808 3450 seculum
827 3409 1104 3465 haberemus.
1123 3409 1178 3448 At
1198 3418 1304 3447 seua
1321 3406 1536 3457 rapacitas
1556 3408 1599 3445 et
1617 3404 1868 3445 dominandi
1885 3400 2035 3448 libido,
2052 3408 2160 3449 quo-
