2262 3958
227 313 450 358 [Septembre
468 312 559 354 1486]
662 310 831 348 RERUM
866 309 1172 349 URBANARUM
1205 310 1556 349 COMMENTARII.
1942 309 2008 345 211

289 415 428 465 Feria
465 418 617 474 sexta,
655 417 714 462 22
749 415 930 463 mensis
959 414 1267 479 septembriS‚
1302 418 1413 462 ante
1446 414 1619 462 horam
1653 411 1926 461 consistorii
1963 411 2010 459 in

222 500 367 565 plano
389 515 534 564 supra
558 499 736 563 gradus
760 503 872 551 ante
888 498 1136 547 basilicam
1157 515 1195 545 s.
1228 498 1355 546 Petri
1377 498 1426 545 in
1449 501 1677 562 suggesto
1701 497 1762 545 ad
1781 497 1877 545 hoc
1901 513 2012 560 pre-

222 585 392 647 parato
408 582 730 647 personaliter
745 582 1052 642 constitutUS,
1080 585 1134 629 R.
1162 584 1215 629 P.
1239 584 1294 629 D.
1311 582 1443 630 Titus
1463 582 1719 646 episcopus
1745 580 2011 629 Castrensis

223 665 273 714 in
290 665 603 730 patrimonio,
629 666 827 726 amictu,
853 666 978 724 alba,
1013 665 1226 729 cingulo,
1248 666 1387 726 stola,
1413 666 1604 730 pluviali
1630 666 1782 714 rubeo
1801 670 1848 714 et
1870 665 2013 714 mitra

225 748 524 813 simplicibus
535 753 747 814 paratus,
759 749 808 796 in
826 748 1092 797 faldistorio
1110 749 1303 808 sedens,
1323 753 1378 797 R.
1399 752 1451 797 P.
1467 753 1524 797 D.
1538 752 1708 797 Petrus
1721 749 1779 797 de
1791 749 2016 800 Vicentia

224 834 357 883 curie
374 848 630 882 causarum
652 848 848 882 camere
864 833 1130 898 apostolice
1153 833 1360 891 auditor,
1379 836 1437 881 N.
1453 833 1512 881 de
1536 836 1709 882 Parma
1730 840 2015 898 procurator

223 917 420 976 fiscalis,
451 915 699 965 Johann'es
733 917 1019 966 Franciscus
1044 917 1324 981 barigeHUS,
1355 917 1563 965 Jacobus
1592 917 1856 974 Quintinoti
1875 922 2016 966 nota-

225 1003 325 1052 rius
355 1015 612 1051 causarum
640 1003 772 1052 curie
800 1002 1017 1067 predicte
1055 1006 1103 1050 et
1135 1002 1295 1066 plures
1330 1001 1408 1049 alii
1443 1017 1497 1050 ac
1532 1003 1698 1050 Frater
1732 1000 1922 1050 Gabriel
1955 1001 2014 1049 de

225 1090 452 1139 Fontaria
477 1090 536 1139 de
572 1088 818 1138 Placentia
849 1087 1100 1152 professus
1134 1086 1315 1135 ordinis
1343 1086 1691 1135 canonicorum
1720 1085 2014 1150 regularium

223 1189 264 1223 s.
293 1175 547 1240 Augustini
575 1174 794 1223 omnium
822 1172 1047 1221 ordinum
1074 1187 1228 1235 usque
1263 1170 1324 1219 ad
1352 1170 1742 1236 presbyteratum
1763 1169 2012 1229 inclusive,

182 1283 196 1289 ·
221 1259 519 1325 paramentis
552 1263 749 1324 paratus
779 1273 947 1306 versus
977 1256 1228 1322 populum,
1268 1261 1399 1304 stans
1439 1258 1495 1304 D.
1545 1255 1754 1304 ‚Iacobus
1797 1253 2016 1303 notarius

221 1343 340 1408 legit
361 1343 678 1392 summarium
697 1358 956 1408 processus
987 1346 1156 1390 contra
1184 1341 1458 1405 predictum
1491 1340 1763 1389 Gabrielem
1795 1338 1947 1387 habiti
1970 1342 2018 1386 et

225 1427 515 1477 sententiam
536 1432 708 1476 contra
723 1443 836 1476 eum
850 1426 998 1475 latam
1017 1442 1072 1475 ac
1093 1425 1490 1475 commissionem
1510 1441 1656 1490 super
1670 1422 2015 1488 degradatione

224 1511 464 1561 facienda.
492 1511 675 1569 Quibus
695 1511 851 1570 lectiS,
876 1511 1091 1574 prefatus
1112 1513 1170 1558 D.
1191 1510 1448 1574 episcopus
1470 1525 1580 1558 eum
1597 1507 1874 1573 degradavit
1882 1507 2019 1571 juxta

226 1595 447 1645 ordinem
486 1595 535 1643 in
580 1593 848 1660 pontificali
895 1594 1060 1643 datum
1098 1594 1147 1642 in
1190 1594 1286 1642 vim
1332 1593 1690 1643 commissionis
1734 1592 1863 1641 date.
1914 1594 2017 1648 Quo

225 1678 509 1744 degradato,
530 1678 791 1743 barigellus
813 1678 1003 1727 reduxit
1018 1694 1130 1726 eum
1147 1678 1208 1726 ad
1224 1678 1412 1726 Turrim
1430 1678 1645 1736 Soldani,
1668 1681 1715 1726 et
1736 1676 1812 1725 die
1835 1670 2019 1724 sabbati

228 1764 286 1812 18
315 1762 625 1828 septembriS,
659 1763 788 1811 circa
815 1763 989 1811 horam
1025 1762 1265 1811 decimam
1293 1762 1505 1823 tertiam,
1542 1762 1672 1810 idem
1704 1760 2017 1825 degradatUS‚

222 1847 311 1896 fuit
329 1863 596 1912 suspensus
616 1846 665 1895 in
696 1862 870 1912 campo
900 1847 1040 1896 Flore
1068 1862 1245 1911 magna
1271 1846 1503 1911 patientia
1532 1850 1580 1894 et
1601 1845 1853 1894 devotione
1878 1846 2021 1907 prout

221 1930 442 1981 videntes
470 1925 758 1992 retulerunt,
795 1930 1028 1980 moriens.
1062 1934 1114 1979 ln
1139 1931 1297 1996 capite
1334 1922 1480 1980 corde
1515 1946 1611 1994 qua
1637 1944 1900 1993 suspensus
1930 1927 2020 1975 fuit

226 2030 496 2080 appensum
517 2015 606 2064 fuit
623 2016 912 2081 auripellum
933 2015 982 2064 in
1005 2015 1195 2080 signum
1217 2016 1348 2080 quod
1371 2015 1459 2063 fuit
1479 2014 1722 2064 excellens
1743 2013 1884 2062 latro.

291 2099 477 2149 Eodem
513 2115 676 2159 mane,
713 2100 762 2148 in
797 2100 1095 2166 Campidolio
1128 2117 1390 2165 suspensus
1428 2099 1517 2148 fuit
1550 2115 1637 2164 pro
1671 2099 1796 2146 furto
1824 2097 2019 2161 quidam

223 2183 419 2249 Judeus,
445 2183 563 2232 alias
591 2184 765 2245 factus,
790 2185 1080 2234 christianus
1102 2184 1182 2249 qui
1206 2200 1402 2232 crucem
1423 2187 1534 2231 ante
1564 2198 1615 2231 se
1635 2187 1682 2231 et
1703 2181 2020 2230 christianum

225 2266 386 2332 ipsum
412 2267 459 2315 in
482 2267 578 2316 fide
598 2268 774 2317 Christi
806 2269 1164 2318 confortantem
1188 2269 1371 2318 habere
1398 2266 1653 2327 recusavit,
1687 2266 1774 2315 sed
1801 2265 1849 2313 in
1865 2264 2022 2330 judai-

227 2364 335 2401 smo
352 2352 478 2401 mori
499 2351 667 2411 voluit,
682 2357 826 2417 prout
846 2358 1068 2402 mortuus
1087 2357 1162 2402 est
1177 2357 1222 2401 et
1243 2368 1526 2416 suspensus.
1554 2349 1772 2398 Debebat
1790 2352 1838 2397 et
1859 2347 2019 2396 socius

227 2452 342 2486 suus
362 2436 484 2485 alius
497 2436 675 2501 judeus
697 2437 842 2486 etiam
859 2437 1085 2487 detentus
1111 2453 1279 2486 secum
1307 2435 1535 2501 suspendi
1563 2434 1643 2499 qui
1666 2450 1718 2483 se
1745 2433 1947 2498 projecit
1971 2433 2019 2480 in

227 2521 445 2572 cloacam
477 2537 537 2571 ex
569 2538 663 2586 qua
692 2522 866 2572 eodem
899 2522 976 2571 die
1008 2521 1139 2570 vivus
1174 2521 1261 2569 tuit
1295 2524 1536 2570 extractus
1579 2523 1628 2568 et
1666 2518 1840 2567 deinde
1873 2517 2018 2567 etiam

229 2621 513 2672 suspensuS.

296 2689 437 2739 Feria
469 2690 628 2751 tertia,
661 2693 720 2739 26
746 2689 929 2739 mensis
966 2690 1273 2754 septembris,
1306 2692 1361 2736 R.
1393 2691 1445 2736 P.
1478 2691 1534 2735 D.
1561 2686 1818 2751 episcopus
1845 2685 2021 2734 Alben-

231 2770 477 2837 ganensiS‚
500 2775 584 2822 SS.
608 2775 665 2821 D.
691 2775 747 2822 N.
774 2776 902 2837 Pape
921 2771 970 2820 in
992 2774 1119 2822 Urbe
1138 2773 1342 2822 vicarius
1364 2771 1621 2821 celebravit
1641 2771 1841 2819 missam
1860 2769 2019 2834 publi-

232 2865 340 2906 cam
358 2856 407 2906 in
429 2856 616 2922 capella
647 2857 833 2920 majore
856 2840 1020 2920 palatii
1045 2857 1296 2921 apostolici
1324 2872 1412 2922 pro
1438 2856 1599 2905 anima
1628 2855 1756 2904 bone
1783 2853 2018 2902 memorie

233 2941 480 2991 Philiberti
503 2939 626 2990 tituli
654 2944 933 2988 sanctorum
955 2940 1188 2988 Johannis
1213 2945 1260 2989 et
1291 2941 1438 3001 Pauli,
1467 2939 1737 3005 presbyteri
1766 2937 2019 2986 cardinalis

228 3024 599 3074 Matisconensis
635 3024 897 3090 vulgariter
931 3025 1214 3088 nuncupati,
1240 3025 1380 3089 juxta
1399 3023 1802 3073 consuetudinem
1837 3020 2020 3086 capelle

228 3113 411 3170 nostre,
449 3104 581 3174 Papa
617 3109 836 3169 absente,
874 3109 1065 3157 RRmis.
1101 3111 1199 3156 DD.
1241 3107 1651 3167 vicecancellario,
1701 3124 1740 3154 s.
1790 3105 1917 3154 Petri
1961 3104 2022 3152 ad

227 3193 451 3254 Vincula,
483 3194 839 3259 Andegavensi,
866 3211 905 3243 s,
938 3193 1200 3243 Clementis
1229 3193 1287 3241 de
1317 3192 1583 3242 Comitibus
1609 3195 1655 3239 et
1687 3188 1891 3239 Senensi
1908 3186 2021 3253 pre-

238 3277 472 3328 sentibus.
509 3281 620 3327 Post
653 3279 852 3328 missam
884 3278 1012 3327 idem
1044 3278 1296 3326 celebrans
1324 3276 1438 3325 fecit
1464 3275 1819 3324 absolutionem
1853 3278 1900 3322 et
1930 3273 2022 3322 alia

235 3378 373 3412 more
396 3362 537 3411 solito
558 3366 668 3412 sunt
685 3363 955 3413 observata.

304 3446 443 3498 Feria
469 3451 655 3511 quarta,
696 3451 754 3496 27
774 3447 956 3498 mensis
986 3446 1293 3512 septembriS,
1332 3445 1462 3494 circa
1493 3445 1666 3495 horam
1700 3460 1841 3494 xxnn
1869 3444 1943 3493 vel
1972 3449 2023 3492 ut
