2262 3958
157 312 255 356 [Jutn
274 309 367 353 1489]
600 304 770 344 RERUM
800 304 1107 344 URBANARUM
1141 305 1492 344 COMMENTARII.
1874 306 1946 342 359

159 414 341 475 omnia,
376 410 547 461 vexilla
580 413 626 459 et
657 410 860 460 baculus
890 409 1018 475 apud
1051 411 1138 459 SS.
1175 412 1232 458 D.
1265 412 1321 457 N.
1360 411 1716 458 remanserunt.
1744 408 1946 457 Familia

158 496 364 555 comitiS,
398 494 598 569 dimisso
630 494 808 544 comite
836 494 885 542 in
910 494 1106 558 palatio,
1136 493 1267 543 venit
1297 493 1359 541 ad
1385 493 1583 541 domum
1612 493 1672 541 de
1710 493 1943 542 Martellis

159 579 408 640 curialem,
432 579 639 644 positam
661 595 806 644 supra
824 579 1007 628 flumen
1019 579 1157 643 juxta
1172 578 1296 626 viam
1319 578 1459 627 beate
1481 576 1631 626 Marie
1654 577 1714 626 de
1737 577 1939 642 PopuIO,

155 681 244 730 pro
259 663 365 730 ipso
383 664 562 714 comite
589 663 876 712 ordinatam.

226 746 496 807 Dominica,
524 749 584 795 28
607 745 747 811 junii,
778 745 906 794 bono
933 760 1075 794 mane
1105 760 1270 794 comes
1295 744 1539 808 predictus
1575 745 1805 809 equitavit
1831 760 1942 796 cum

154 831 338 883 familia
375 846 544 880 secum
583 829 644 878 ad
681 833 899 877 montem
939 828 1162 888 Marium,
1204 828 1332 877 unde
1374 827 1573 876 veniens
1606 830 1736 879 circa
1767 830 1942 878 horam

158 914 516 974 duodecimam,
538 930 566 963 a
584 912 776 963 familiis
798 915 1092 962 RRmorum.
1124 915 1224 962 DD.
1253 911 1570 960 cardinalium
1595 917 1644 961 et
1659 914 1750 963 SS.
1776 916 1836 963 D.
1860 917 1899 963 N
1907 953 1940 974 .‚

156 1001 217 1052 de
241 998 469 1050 mandato
501 996 776 1047 Sanctitatis
811 1013 916 1057 sue,
954 996 1123 1045 ordine
1151 999 1387 1045 consueto
1424 1001 1648 1061 receptus
1678 1002 1770 1058 est,
1807 1002 1856 1047 et
1882 999 1945 1047 ad

155 1083 354 1134 domum
370 1081 678 1131 habitationis
698 1097 783 1130 sue
799 1081 1125 1146 supradictam
1145 1079 1417 1129 honorifice
1437 1080 1705 1130 associatus
1724 1098 1735 1142 ;
1753 1081 1946 1132 intravit

153 1182 242 1233 per
258 1171 452 1232 portam
475 1165 614 1216 Urbis
640 1167 778 1231 juxta
799 1166 1077 1215 viridarium
1104 1169 1251 1231 Pape.
1280 1165 1480 1214 Familia
1517 1168 1645 1231 Pape
1677 1167 1945 1232 expectavit

154 1266 268 1301 eum
297 1251 436 1316 juxta
475 1250 734 1300 ecclesiam
783 1251 938 1300 sancti
982 1250 1222 1315 Pelegrini
1249 1255 1385 1301 extra
1425 1256 1618 1316 portam
1654 1252 1939 1317 predictam,

153 1334 332 1386 familie
359 1335 676 1384 cardinalium
711 1335 838 1384 ultra
869 1339 1087 1400 pontem,
1126 1336 1263 1400 juxta
1303 1336 1537 1400 palatium
1570 1337 1630 1385 de
1677 1336 1938 1402 Spinellis:

154 1419 285 1471 venit
305 1418 450 1468 etiam
477 1419 522 1468 ei
547 1419 736 1468 obviam
762 1422 820 1468 D.
843 1420 1048 1468 Mathias
1074 1419 1332 1485 episcopus
1356 1419 1659 1469 Secoviensis
1679 1420 1942 1485 imperialis

156 1508 335 1566 orator,
359 1508 408 1555 et
432 1520 544 1554 eum
574 1519 712 1554 more
741 1504 883 1553 solito
912 1504 1120 1568 excepit,
1153 1520 1300 1568 quem
1330 1503 1547 1568 equitare
1578 1503 1671 1553 feci
1710 1520 1739 1553 a
1763 1505 1942 1554 dextris

155 1589 364 1650 comitiS,
396 1589 510 1654 quia
539 1588 601 1638 ad
623 1589 844 1653 ejusdem
871 1588 1062 1637 comitis
1096 1587 1338 1636 sinistram
1367 1591 1471 1636 erat
1505 1587 1792 1637 Franciscus
1825 1589 1940 1639 Cibo

155 1690 310 1740 nepos
339 1673 416 1740 (1).
452 1676 714 1738 Postquam
744 1672 926 1721 familia
962 1675 1088 1736 Pape
1118 1671 1277 1735 ipsum
1304 1671 1510 1736 excepit,
1544 1673 1723 1722 mansit
1746 1674 1808 1722 ad
1836 1675 1941 1738 ejus

155 1758 401 1810 sinistram
435 1757 722 1807 Franciscus
758 1756 1022 1821 predictUS,
1067 1757 1207 1821 cujus
1240 1756 1299 1807 ad
1330 1756 1579 1805 dexteram
1611 1758 1753 1822 posui
1786 1741 1842 1807 R.
1878 1761 1937 1808 D.

152 1843 405 1894 Nicolaum
439 1842 556 1893 Cibo
586 1841 1010 1906 archiepiscopum
1042 1841 1379 1890 Arelatensem
1410 1841 1621 1905 primum
1656 1857 1715 1891 ex
1743 1843 1941 1907 prelatis

150 1928 333 1994 palatii,
354 1932 466 1994 post
487 1942 572 1978 eos
590 1943 620 1977 a
636 1926 814 1975 dextris
841 1927 1124 1991 episcopum
1145 1929 1514 1987 Cortonensem,
1546 1930 1594 1975 et
1620 1926 1681 1974 ad
1699 1926 1941 1976 sinistram

151 2004 435 2080 episcopum
453 2011 796 2062 Secoviensem
811 2011 1102 2076 predictum,
1127 2011 1302 2060 deinde
1322 2010 1440 2059 alios
1455 2010 1667 2075 prelatos
1690 2011 1872 2075 palatii,
1893 2016 1942 2061 et

151 2095 273 2146 alios
295 2095 434 2145 binos
458 2100 506 2145 et
524 2095 664 2145 binos
683 2095 806 2144 :hoc
827 2095 996 2143 ordine
1013 2095 1232 2144 venimus
1254 2095 1327 2144 via
1352 2095 1626 2144 Romadore
1651 2094 1712 2161 (2)
1730 2096 1791 2144 ad
1813 2112 1942 2146 cam-

150 2194 269 2245 pum
283 2180 424 2229 Flore
440 2181 678 2244 majorem
694 2195 782 2243 per
798 2179 997 2227 domum
1017 2179 1077 2227 de
1096 2178 1316 2227 Maximis
1331 2182 1443 2227 ante
1459 2179 1660 2227 domum
1679 2181 1939 2230 cardinalis

151 2262 476 2327 Neapolitani3
501 2262 739 2328 hospitale
753 2262 1135 2311 Alemannorum
1147 2263 1285 2327 juxta
1300 2263 1498 2312 domum
1517 2263 1774 2313 cardinalis
1792 2267 1940 2315 Asca-

151 2346 238 2407 nii,
257 2361 318 2396 ex
343 2362 455 2410 qua,
483 2346 546 2395 ad
574 2346 822 2395 dexteram
846 2350 1108 2407 vertenteS,
1140 2347 1201 2395 ad
1229 2347 1429 2396 domum
1460 2347 1720 2399 residentie
1749 2350 1938 2399 comitis

149 2429 436 2496 prodictam,
457 2434 568 2480 ante
586 2446 733 2495 quam
757 2430 912 2479 dictus
937 2446 1104 2480 comes
1133 2431 1333 2496 singulis
1352 2448 1487 2481 more
1510 2438 1746 2483 consueto
1762 2435 1938 2499 gratias

150 2514 267 2580 egit,
291 2518 340 2564 et
358 2518 468 2580 post
488 2515 706 2564 omnium
723 2515 1018 2580 prelatorum
1034 2531 1303 2578 recessum,
1325 2518 1523 2566 domum
1537 2518 1694 2584 ipsam
1715 2519 1905 2569 intravit
1924 2537 1934 2571 :

152 2614 252 2649 non
272 2599 598 2650 interfuerunt
617 2600 796 2650 familie
816 2603 1111 2649 RRmorum.
1144 2603 1246 2650 DD.
1274 2602 1590 2651 cardinalium
1614 2604 1933 2669 Neapolitani,

151 2683 212 2732 de
245 2684 529 2746 ComitibuS,
568 2690 615 2734 et
645 2685 969 2750 quorumdam
1017 2685 1238 2747 aliorum,
1289 2703 1449 2751 neque
1492 2687 1683 2752 aliquiS,
1739 2689 1936 2756 dempto

153 2766 384 2832 episcopo
405 2768 681 2817 Secoviensi
706 2770 1002 2834 supradicto,
1027 2773 1189 2819 orator
1208 2770 1441 2821 interfuit.

216 2850 398 2901 Eadem
425 2851 521 2910 die,
551 2852 713 2916 vigilia
745 2854 1074 2918 apostolorum
1107 2855 1234 2903 Petri
1263 2859 1311 2904 et
1336 2857 1488 2919 Pauli,
1516 2858 1709 2907 fuerunt
1734 2874 1936 2922 vespere

151 2936 350 3002 papales
370 2935 419 2984 in
445 2936 644 2986 basilica
671 2953 711 2985 s.
743 2937 888 2996 Petri,
924 2939 1053 3001 Papa
1084 2938 1303 2999 absente,
1340 2956 1460 3003 quas
1489 2945 1654 2990 Rmus,
1690 2944 1746 2989 D.
1779 2941 1936 2989 cardi-

153 3020 276 3069 nalis
296 3036 337 3068 s.
362 3020 489 3068 Petri
520 3020 582 3068 ad
606 3020 814 3070 Vincula
849 3020 1110 3069 celebravit
1137 3022 1196 3070 de
1225 3038 1453 3087 expressa
1476 3024 1674 3073 licentia
1706 3027 1834 3088 Pape
1852 3040 1940 3088 per

153 3102 336 3152 bullam
366 3101 455 3151 sihi
497 3102 657 3152 datam
691 3103 740 3151 iu
775 3103 884 3153 loco
918 3109 1155 3154 consueto
1183 3107 1408 3156 columne
1443 3109 1491 3157 in
1531 3124 1682 3158 cornu
1714 3108 1936 3172 epistole,

200 3278 232 3312 l.
251 3275 353 3324 Voy.
377 3275 670 3324 precedemment
688 3289 783 3327 page
799 3279 884 3325 275,
906 3283 990 3317 note
1019 3282 1052 3316 1.

199 3337 236 3373 2.
265 3336 366 3373 Tous
386 3336 439 3373 les
458 3347 549 3374 mss.
570 3337 812 3377 donnentvia
826 3340 1044 3376 Romadore
1058 3340 1126 3388 (‘?);
1145 3351 1234 3377 mss.
1253 3340 1362 3386 5158,
1380 3340 1440 3378 fol.
1466 3342 1552 3382 152;
1574 3342 1682 3387 5159,
1699 3353 1735 3390 p.
1758 3343 1841 3379 788.
1870 3342 1939 3380 Via

151 3397 384 3442 Romadori,
403 3395 523 3444 Chigi,
544 3396 569 3434 s.
592 3397 675 3444 503,
696 3411 746 3444 v.;
769 3399 987 3446 Gennerelli,
1010 3412 1047 3448 p.
1071 3400 1154 3437 123.
1177 3400 1262 3438 Seul
1280 3400 1311 3437 le
1331 3412 1420 3437 mss.
1443 3401 1552 3448 5521,
1579 3406 1606 3439 t.
1630 3402 1674 3448 Il,
1697 3401 1757 3439 sol.
1779 3403 1863 3447 280,
1884 3416 1938 3447 v.‚

152 3457 274 3493 donne
295 3467 304 3493 ε
326 3457 391 3491 via
412 3457 683 3495 commodiori.
