2262 3958
348 320 417 355 470
950 314 1180 352 ιΙΟΗΑΝΝῘΞ
1214 314 1506 361 BURCHARDI,
1893 318 2000 366 [Avril
2022 318 2113 366 1492]

349 420 548 485 singulis
569 435 738 484 regum
760 418 888 477 filiis,
908 417 1139 476 secunde,
1163 417 1305 466 tertio
1321 422 1368 467 et
1379 418 1504 467 ultra
1524 419 1716 483 genitis,
1738 421 1863 470 inter
1883 420 2111 469 diaconos

348 504 615 553 cardinales
636 503 797 550 locum
819 500 985 550 deberi
1007 518 1017 550 ε
1041 506 1299 565 propterea
1319 501 1448 566 quod
1469 502 1528 550 ad
1552 502 1708 551 minus
1725 520 1813 568 per
1833 519 1982 552 unum
2004 519 2112 551 car-

347 588 555 636 dinalem
576 586 700 635 foret
718 585 1040 648 recipiendus,
1070 586 1432 634 convenientius
1455 590 1617 635 tamen
1638 601 1724 650 per
1739 587 1874 647 duos,
1901 602 2010 636 cum
2030 586 2112 635 hic

348 673 408 721 sit
443 672 597 735 major
622 671 748 735 regis
775 669 1075 734 Neapolitani
1099 669 1241 729 filius,
1267 685 1324 718 eo
1353 671 1483 733 quod
1514 686 1715 734 regnum
1745 671 2109 734 Neapolitanum

349 757 586 819 expectat,
612 753 670 802 de
698 769 792 817 quo
821 753 966 802 etiam
983 753 1315 802 investituram
1341 753 1520 802 habere
1543 746 1743 812 dicitur,
1773 758 1820 803 et
1839 753 2111 803 Fridericus

348 853 402 886 ac
420 837 703 886 Franciscus
733 836 846 885 dicti
882 837 1009 901 regis
1037 836 1139 895 filii,
1165 852 1275 884 cum
1296 837 1411 884 alias
1444 837 1493 884 in
1521 836 1647 885 Urbe
1679 841 1840 886 essent
1873 843 1920 886 et
1951 837 2111 886 locum

345 919 604 969 habuerint
623 921 750 969 inter
769 920 991 968 ultimum
1026 924 1073 968 et
1102 920 1419 983 penultimum
1442 920 1669 968 diaconos
1692 920 1975 981 cardinales,
1998 920 2112 970 huic

344 1009 453 1068 post
484 1003 694 1067 primum
732 1003 988 1052 diaconum
1023 1003 1183 1051 locum
1217 1004 1503 1063 convenire;
1547 1004 1719 1052 adduxi
1760 1004 1906 1052 etiam
1935 1019 2028 1067 que
2063 1003 2112 1052 in

346 1086 552 1149 antiquis
592 1087 994 1135 ceremonialibus
1034 1087 1284 1135 observata
1329 1087 1424 1151 legi
1470 1092 1522 1136 ut
1561 1087 1779 1147 inferius,
1820 1087 1869 1135 in
1910 1086 2107 1137 modum

346 1170 565 1229 extracti,
596 1172 854 1219 annotabo.

408 1253 715 1316 Replicarunt
745 1254 864 1301 mihi
893 1253 1155 1301 Aleriensis
1193 1258 1240 1302 et
1266 1253 1498 1302 Ascanius
1529 1269 1583 1302 ac
1609 1254 1802 1316 quidem
1838 1253 1917 1302 alii
1953 1255 2111 1303 cardi-

341 1336 493 1393 nales,
518 1335 826 1382 Franciscum
862 1339 910 1382 et
948 1335 1246 1384 Fridericum
1281 1352 1378 1385 non
1418 1336 1543 1384 inter
1582 1335 1849 1383 cardinales
1882 1335 1967 1383 sed
2004 1341 2110 1400 post

272 1429 277 1433 ·
342 1419 563 1467 ultimum
585 1418 879 1466 cardinalem
904 1419 1114 1478 sedisse;
1151 1419 1209 1468 de
1240 1435 1333 1483 quo
1368 1419 1469 1483 ipse
1491 1418 1747 1467 cardinalis
1776 1418 2012 1467 Ascanius
2032 1435 2112 1468 re-

341 1501 629 1549 cordabatur
648 1502 775 1564 quod
795 1502 1079 1550 Franciscus
1100 1508 1209 1566 post
1222 1503 1380 1566 ipsum
1400 1501 1540 1561 sedit,
1560 1506 1607 1550 et
1629 1501 1808 1565 optime
1831 1502 2111 1552 meminisse

341 1590 386 1633 et
408 1589 684 1633 annotasse.
723 1584 850 1633 Dixit
886 1589 934 1633 et
970 1585 1100 1648 quod
1129 1585 1400 1634 Fridericus
1422 1585 1471 1632 in
1493 1585 1696 1633 adventu
1730 1600 1814 1632 suo
1853 1584 1914 1633 ad
1934 1585 2110 1635 Urbem

338 1684 426 1732 per
455 1684 605 1715 unum
645 1667 939 1716 cardinalem
976 1671 1180 1728 tantum,
1225 1668 1448 1716 videlicet
1491 1668 1933 1717 vicecancellarium
1970 1668 2052 1732 qui
2084 1684 2111 1718 a

344 1750 524 1799 dextris
555 1750 774 1814 ejusdem
805 1750 1035 1798 Friderici
1070 1752 1314 1814 equitavit,
1339 1756 1563 1815 receptus
1590 1752 1679 1800 fuit
1704 1769 1714 1800 τ
1737 1757 1960 1816 preterea
1999 1768 2108 1803 cum

337 1834 457 1882 alias
486 1838 704 1898 tempore
732 1834 883 1882 felicis
916 1833 1265 1882 recordationis
1293 1834 1362 1881 Pii
1394 1849 1515 1898 pape
1554 1834 1754 1882 secundi
1784 1835 1833 1882 in
1868 1840 2107 1884 conventu

337 1920 593 1965 Mantuano
615 1917 817 1965 fuissent
839 1916 1109 1964 successive
1127 1916 1461 1980 Sigismundus
1482 1916 1714 1964 archidux
1731 1917 1941 1976 Austrie,
1961 1918 2108 1965 Fran·

337 2001 493 2048 ciscus
513 2000 608 2048 dux
626 2001 998 2050 Mediolanensis
1021 2004 1068 2049 et
1091 2001 1185 2048 dux
1208 2000 1469 2060 Clevensis,
1500 2001 1615 2064 ipsis
1645 1999 1842 2063 singulis
1866 2000 2028 2048 locum
2052 2000 2102 2048 in
2147 1985 2155 1992 ⁸

332 2084 520 2133 bancho
554 2084 869 2133 cardinalium
897 2089 1006 2149 post
1045 2100 1213 2132 omnes
1242 2084 1509 2132 cardinales
1544 2084 1850 2147 adsignatum
1878 2084 2026 2132 fuisse
2058 2088 2106 2132 et

335 2184 443 2216 cum
458 2183 634 2231 magna
650 2169 921 2216 reverentia
940 2184 1056 2232 erga
1073 2167 1338 2216 cardinales
1355 2168 1547 2216 stetisse
1563 2185 1572 2228 ;
1595 2170 1642 2215 et
1657 2166 1804 2215 fuisse
1820 2166 1919 2230 qui,
1938 2166 2102 2227 duceS‚

334 2254 381 2299 et
400 2250 536 2299 titulo
559 2254 606 2299 et
624 2250 854 2314 dignitate
877 2253 1085 2315 maJ'ores
1118 2254 1281 2299 essent
1313 2251 1531 2314 principe
1566 2253 1726 2314 Capue
1751 2249 1862 2313 :qui
1893 2249 2038 2298 etiam
2066 2250 2104 2299 si

333 2333 575 2394 adessent,
597 2349 862 2397 numquam
901 2334 1148 2382 cederent.
1183 2333 1287 2381 Dixi
1324 2349 1402 2381 me
1435 2337 1545 2382 ante
1574 2333 1749 2381 vidisse
1788 2336 1836 2381 et
1865 2332 1932 2381 ita
1958 2332 2103 2382 etiam

332 2421 587 2466 annotasse
609 2418 737 2481 quod
753 2418 1038 2465 Franciscus
1055 2417 1217 2465 locum
1235 2416 1458 2465 habuerit
1473 2421 1583 2464 ante
1595 2416 1752 2480 ipsum
1771 2420 1827 2465 D.
1843 2417 2102 2466 Ascanium

333 2500 656 2559 cardinalem;
686 2515 772 2563 per
802 2500 895 2547 hoc
923 2504 1085 2547 tamen
1118 2500 1246 2547 nolle
1283 2499 1607 2548 Dominationi
1635 2515 1720 2548 sue
1751 2499 2098 2558 contradicere,

333 2582 418 2631 sed
438 2582 634 2641 cedere;
665 2582 724 2630 de
746 2582 992 2631 Friderico
1028 2598 1123 2629 non
1161 2583 1285 2631 bene
1317 2583 1596 2631 meminisse
1626 2583 1674 2631 in
1696 2587 1932 2632 conventu
1967 2585 2097 2631 Man-

330 2670 474 2715 tuano
494 2682 592 2714 non
610 2666 774 2726 fuisse,
791 2681 881 2714 nec
897 2666 1237 2714 ceremonialia
1249 2670 1412 2715 nostra
1426 2666 1485 2714 de
1500 2667 1593 2714 hoc
1613 2667 1871 2730 quicquam
1889 2681 2095 2731 ponere;

328 2749 592 2814 principem
621 2752 780 2813 Capue
809 2749 932 2797 duce
962 2750 1218 2821 Mediolani
1242 2755 1289 2799 et
1312 2750 1572 2798 archiduce
1602 2750 1793 2799 Austrie
1824 2754 1872 2799 et
1903 2750 2099 2799 Celven-

327 2849 430 2880 sem
452 2833 623 2896 :longe
645 2833 879 2896 majorem
899 2850 1022 2894 esse,
1049 2849 1146 2887 non
1167 2834 1352 2883 ratione
1372 2834 1668 2898 principatus
1691 2833 1777 2882 sed
1798 2833 2093 2897 expectative

329 2920 376 2964 et
402 2916 682 2965 investiture
703 2916 857 2979 regni.
882 2917 955 2963 Ad
981 2917 1212 2980 primum,
1235 2916 1458 2965 videlicet
1484 2916 1608 2979 quod
1641 2917 1801 2964 locum
1830 2916 2089 2977 Francisci,

328 3001 493 3047 Rmus.
519 3001 575 3046 D.
598 2999 852 3047 cardinalis
879 3000 1115 3048 Ascanius
1145 3000 1264 3048 dixit
1283 3003 1539 3064 propterea
1570 3015 1648 3048 me
1678 2999 1803 3047 male
1836 3004 2092 3048 annotasse

327 3087 374 3131 et
402 3097 616 3131 errorem
654 3099 815 3132 meum
854 3084 1095 3147 corrigere
1139 3083 1315 3132 debere
1355 3099 1412 3130 ac
1450 3083 1628 3130 dictum
1661 3098 1823 3130 meum
1856 3082 1972 3130 alias
2003 3082 2091 3130 sibi

325 3170 607 3214 extraneum
639 3165 802 3215 videri.
836 3166 1091 3229 Subjunxit
1129 3170 1296 3214 Rmus.
1337 3165 1760 3213 vicecancellarius
1796 3165 1925 3228 quod
1949 3181 2093 3229 super

322 3248 413 3296 hac
434 3265 486 3297 re
507 3249 678 3297 melius
701 3249 969 3298 deliberare
992 3249 1239 3308 deberem,
1262 3251 1309 3297 et
1331 3263 1443 3295 eum
1462 3253 1648 3296 certum
1672 3248 1845 3296 deinde
1864 3249 2083 3298 reddere.

323 3333 578 3395 Comperta
605 3348 718 3381 vero
748 3333 795 3381 in
830 3333 1037 3397 antiquis
1063 3333 1196 3381 libris
1228 3331 1629 3391 ceremoniarum,
1664 3333 1723 3380 de
1748 3333 1919 3396 quibus
1947 3348 2089 3397 supra

322 3412 375 3460 fit
391 3415 590 3474 mentio,
615 3419 726 3464 sunt
742 3416 1020 3479 hujusmodi
1042 3416 1240 3475 tenoris,
1264 3415 1488 3463 videlicet
1508 3430 1519 3462 ε
