2262 3958
176 305 270 338 Aout
286 304 379 346 1484]
619 299 790 338 RERUM
815 297 1122 337 URBANARUM
1149 296 1500 335 COMMENTARII.
1913 301 1960 336 57

166 407 388 467 extraxit,
425 405 612 454 duobus
645 407 832 453 tantum
862 401 1023 467 digitis
1063 401 1310 461 adhibitis,
1353 405 1404 450 ut
1441 402 1500 450 ab
1540 391 1766 450 Omnibus
1800 403 1960 467 palam

164 490 315 540 videri
346 492 540 554 posset3
583 503 728 552 quam
767 486 1049 535 schedulam
1089 485 1220 533 dedit
1260 484 1482 545 Senensi,
1525 485 1606 549 qui
1646 501 1754 535 eam
1795 486 1958 547 etiam,

167 573 379 624 extensis
409 572 588 638 apertis
619 571 842 619 manibus
874 569 1115 634 aperienS,
1155 569 1346 632 publice
1381 569 1576 634 legebat
1615 573 1663 618 et
1701 570 1957 619 retinebat.

166 661 393 708 Extracta
440 656 687 715 schedula,
738 652 1163 703 vicecancellarius
1214 652 1435 713 calicem,
1488 657 1540 702 ut
1584 653 1739 718 prius,
1787 659 1963 719 patena

169 741 500 808 cooperiebat,
536 754 787 804 quousque
819 737 898 785 illa
929 737 1056 785 lecta
1088 739 1236 795 esset,
1270 741 1371 785 tum
1403 738 1687 787 extrahebat
1719 730 1882 799 aliam,
1917 744 1964 788 et

171 827 242 875 sic
280 825 396 876 fecit
433 839 586 888 usque
625 822 685 871 ad
714 822 863 869 finem
897 819 1132 868 scrutinii.
1167 822 1280 867 Erat
1310 823 1471 867 autem
1504 819 1680 884 prioris
1710 822 1964 887 presbyte-

170 927 337 960 rorum
369 908 682 960 cardinalium
717 905 934 954 officium
974 904 1178 954 calicem
1215 920 1361 968 supra
1399 920 1619 952 mensam
1652 906 1882 969 detegere
1918 911 1966 954 et

170 1002 354 1061 tegere.
390 996 572 1042 Tamen
602 991 714 1056 quia
740 989 997 1039 cardinalis
1024 988 1419 1048 MediolanensiS,
1451 1003 1620 1036 eorum
1647 989 1796 1053 prior,
1832 989 1966 1036 infir-

169 1079 335 1128 mitate
357 1080 598 1142 gravatuS,
619 1075 667 1123 id
688 1075 848 1124 facere
870 1090 970 1122 non
989 1077 1198 1138 poterat,
1221 1073 1650 1122 vicecancellarius
1680 1074 1783 1138 ejus
1806 1073 1855 1120 in
1871 1073 1966 1122 hoc

166 1160 297 1210 vices
319 1158 573 1225 supplevit.
598 1160 747 1206 Erant
767 1161 932 1206 autem
953 1154 1183 1204 schedule
1213 1159 1436 1206 votorum
1457 1158 1735 1223 hujusmodi
1756 1158 1963 1217 tenoris;

169 1243 355 1295 scilicet
378 1261 388 1291 :

237 1330 386 1394 «Ego
413 1327 506 1376 Jul.
539 1327 796 1392 episcopus
828 1326 1082 1397 Ostiensis,
1117 1325 1374 1375 cardinalis
1403 1341 1441 1373 s.
1474 1325 1604 1374 Petri
1635 1326 1696 1373 ad
1733 1325 1964 1386 Vincula,

171 1413 297 1478 eligo
330 1412 381 1460 in
417 1427 660 1460 summum
687 1412 971 1476 pontificem
1007 1415 1201 1460 Rmum.
1233 1414 1290 1460 D.
1318 1426 1485 1458 meum
1513 1412 1570 1458 D.
1597 1412 1670 1457 Jo.
1701 1409 1773 1458 tit.
1803 1414 1967 1459 sancte

171 1496 348 1546 Cecilie
375 1497 716 1562 presbyterum
748 1496 1045 1545 cardinalem
1069 1496 1411 1555 Melfitensem,
1442 1498 1490 1543 et
1510 1497 1702 1542 Rmum.
1726 1497 1784 1542 D.
1803 1511 1968 1543 meum

171 1584 229 1630 D.
261 1580 558 1645 Raphaelem
591 1580 662 1629 tit.
696 1597 735 1628 s.
771 1580 964 1644 Georgii
991 1581 1052 1628 ad
1080 1580 1240 1628 velum
1270 1596 1492 1638 aureum,
1525 1579 1784 1627 diaconum
1817 1580 1970 1627 cardi-

172 1665 351 1725 nalem,
377 1668 426 1713 et
451 1667 646 1714 Rmum.
667 1667 724 1712 D.
744 1680 910 1713 meum
936 1668 996 1713 D.
1017 1666 1091 1712 Jo.
1121 1664 1386 1728 Baptistam
1417 1664 1557 1712 beate
1580 1663 1729 1711 Marie
1753 1663 1802 1710 in
1824 1666 1964 1712 Dom.

172 1749 319 1799 etiam
339 1748 601 1797 diaconum
621 1749 917 1797 cardinalem
937 1750 997 1798 de
1020 1749 1223 1799 Ursinis,
1243 1769 1265 1793 »
1292 1751 1412 1797 Cum
1434 1751 1600 1797 RmuS.
1627 1751 1685 1796 D.
1712 1748 1969 1796 cardinalis

172 1831 402 1884 Senensis
424 1831 636 1897 singulas
658 1832 916 1880 schedulas
944 1833 1221 1897 hujusmodi
1250 1832 1454 1896 legeret,
1489 1831 1665 1896 singuli
1693 1831 1843 1879 RRmi
1865 1834 1965 1879 DD.

172 1915 442 1966 cardinales
495 1915 546 1964 in
589 1915 716 1964 foliis
763 1933 856 1980 que
903 1921 1014 1965 ante
1065 1933 1115 1965 se
1151 1917 1415 1976 habebant,
1470 1917 1767 1965 annotabant
1814 1916 1970 1964 conti-

172 2000 368 2048 nuando
400 2004 528 2064 post,
564 2003 733 2049 Rmus.
771 2004 830 2049 D.
869 2002 1127 2050 cardinalis
1164 2001 1448 2050 Melfitensis
1487 2003 1636 2050 habet
1674 2001 1971 2050 cardinalem

175 2084 466 2134 Ostiensem.
499 2086 635 2134 Idem
667 2086 910 2134 faciebant
940 2086 989 2134 in
1015 2087 1213 2135 nomine
1242 2086 1499 2136 cardinalis
1534 2103 1572 2133 s.
1605 2086 1799 2150 Georgii
1837 2089 1885 2134 et
1912 2086 1971 2134 de

178 2169 362 2218 Ursinis
390 2173 438 2218 et
465 2169 534 2218 sic
561 2170 620 2218 de
649 2170 754 2218 aliis
783 2171 942 2231 lectis,
974 2175 1026 2219 ut
1063 2187 1225 2235 supra.
1261 2171 1572 2234 Singulorum
1600 2170 1724 2217 votis
1753 2185 1974 2233 comper-

177 2256 281 2302 tum
317 2257 391 2301 est
428 2253 612 2301 nullum
651 2269 711 2302 ex
738 2254 1061 2302 cardinalibus
1102 2255 1228 2302 ultra
1259 2254 1433 2301 decem
1474 2257 1584 2301 vota
1621 2254 1831 2312 habere;
1873 2253 1971 2301 imo

180 2337 310 2386 solus
332 2337 590 2386 cardinalis
621 2354 660 2385 s.
686 2337 837 2386 Marci
865 2338 1038 2387 decem
1059 2342 1170 2387 vota
1189 2338 1376 2386 habuit.
1405 2339 1525 2386 Cum
1552 2341 1715 2386 autem
1742 2353 1972 2386 necessa—

178 2423 250 2472 ria
271 2427 435 2472 essent
454 2423 615 2472 futuro
637 2425 857 2488 pontifici
878 2428 988 2473 vota
1013 2441 1132 2485 xvn,
1164 2422 1389 2471 videlicet
1415 2423 1533 2471 duas
1552 2426 1714 2487 partes
1738 2439 1797 2472 ex
1819 2423 1973 2471 tribus

177 2507 494 2556 cardinalium
521 2510 839 2574 presentium,
868 2526 966 2558 non
993 2509 1083 2558 fuit
1109 2510 1205 2557 hoc
1233 2524 1374 2556 mane
1404 2508 1708 2567 conclusum,
1740 2507 1825 2555 sed
1851 2508 1974 2555 votis

175 2591 334 2652 lectis,
365 2597 678 2643 surrexerunt
706 2610 875 2642 omnes
903 2594 1195 2643 cardinales.
1234 2593 1439 2650 Quidam
1465 2593 1653 2642 iverunt
1673 2593 1733 2640 ad
1755 2608 1973 2641 cameras

178 2680 290 2725 suas
311 2677 372 2724 ad
391 2677 664 2742 prandium,
690 2678 770 2726 alii
790 2679 851 2726 ad
871 2678 1255 2743 practicandum.

244 2760 360 2810 Heri
415 2761 671 2811 cardinalis
716 2762 1093 2811 Mediolanensis
1141 2761 1381 2820 infirmus,
1437 2761 1518 2825 qui
1568 2765 1667 2809 tres
1715 2760 1974 2809 servitores

178 2844 390 2892 habebat
410 2844 459 2892 in
480 2846 715 2905 conclavi,
739 2845 859 2894 mihi
881 2846 998 2894 dixit
1016 2846 1289 2894 ‚Iohannem
1311 2845 1370 2893 de
1392 2844 1606 2904 Gualbis,
1632 2861 1782 2892 unum
1805 2860 1864 2892 ex
1883 2844 1975 2891 illis

179 2926 349 2986 tribus,
382 2926 472 2974 sibi
499 2926 660 2976 minus
687 2933 923 2992 oportune
955 2929 1153 2988 servire,
1186 2932 1446 2993 propterea
1477 2928 1637 2992 ipsum
1670 2943 1729 2976 ex
1760 2927 1976 2975 conclavi

181 3010 456 3060 emitterem
501 3016 550 3060 et
596 3013 701 3077 ejus
741 3012 852 3060 loco
889 3012 1212 3060 Justinianum
1249 3013 1534 3060 Amerinum
1584 3011 1976 3060 intromitterem.

182 3096 447 3160 Respondi,
488 3095 537 3143 id
578 3095 698 3144 mihi
743 3112 842 3144 non
879 3096 1029 3145 licere
1070 3096 1175 3145 sine
1221 3096 1413 3160 coHegii
1454 3097 1578 3145 scitu
1628 3101 1676 3145 et
1725 3096 1974 3144 mandato.

184 3179 372 3228 Curavit
391 3179 537 3244 igitur
553 3181 682 3245 quod
702 3183 869 3230 RmuS.
895 3183 953 3229 D.
978 3180 1402 3229 vicecancellarius
1425 3197 1535 3228 cum
1557 3179 1843 3243 quibusdam
1871 3179 1976 3228 aliis

184 3261 505 3312 cardinalibus
537 3266 735 3314 nomine
757 3265 949 3330 collegii
975 3265 1026 3314 id
1051 3265 1170 3313 mihi
1202 3265 1548 3322 committeret,
1582 3263 1642 3310 ad
1675 3263 1810 3326 cujus
1837 3279 1976 3313 man-

183 3347 348 3395 datum
368 3347 608 3410 prefatum
629 3352 702 3398 Jo.
729 3350 788 3399 de
817 3350 1014 3398 Gualbis
1043 3348 1181 3397 emisi
1210 3352 1258 3396 et
1286 3349 1388 3411 ejus
1409 3347 1519 3394 loco
1540 3346 1813 3409 predictum
1832 3349 1979 3396 Justi-

183 3430 381 3479 nianum
403 3430 659 3481 intromisi.
