2262 3958
304 328 370 363 100
904 324 1135 361 JOHANNIS
1169 324 1462 370 BURCHARDI,
1733 327 1951 369 {Septembre
1975 327 2065 367 1484]

301 431 439 491 prout
469 428 518 475 in
551 431 774 490 suggesto
814 428 1020 484 fuerunt,
1051 426 1404 473 descenderunt
1436 441 1522 488 per
1556 427 1728 489 gradus
1757 427 1817 475 ad
1856 427 2064 491 plateam

301 510 494 558 basilice
527 510 756 573 predicte,
784 509 861 556 ubi
883 525 1032 571 equos
1052 509 1116 557 ibi
1143 512 1332 572 paratos
1356 512 1402 556 et
1428 509 1666 572 coopertis
1688 514 1899 569 ornatos,
1923 513 2066 574 prout

304 609 445 657 supra
465 593 513 639 in
530 592 860 655 preparatione
883 592 1062 640 dictum
1083 596 1173 651 est,
1204 592 1522 640 ascenderunt
1552 591 1661 638 ituri
1682 592 1740 639 ad
1760 596 2079 651 Lateranum„

308 679 435 738 Papa
460 675 586 723 venit
614 691 805 739 semper
840 676 984 723 etiam
1011 692 1069 723 ex
1096 676 1238 723 domo
1270 675 1483 738 predicta
1507 691 1655 737 usque
1683 675 1742 722 ad
1763 677 2066 736 Lateranum,

310 759 396 806 sud
445 758 757 817 baldachino,
808 758 936 821 quod
978 758 1237 807 nobiliores
1281 757 1410 806 curie
1447 762 1494 805 et
1542 761 1757 806 oratores
1802 758 2071 822 principum

305 844 610 905 portaverunt
657 857 904 904 quousque
954 845 1081 905 Papa
1123 857 1297 904 equum
1351 841 1663 900 ascendisset,
1719 840 1890 888 deinde
1946 841 2072 890 cives

307 924 491 972 romani
520 941 668 987 usque
693 925 751 972 ad
779 928 1081 973 Lateranum.
1115 927 1371 986 Postquam
1400 927 1528 987 Papa
1555 939 1729 986 equum
1751 940 1891 972 suum
1913 924 2074 973 album

308 1007 538 1066 ascendit,
579 1007 706 1056 scala
745 1008 953 1071 reposita
988 1008 1076 1055 fuit
1112 1023 1255 1071 super
1292 1007 1384 1055 alio
1420 1023 1542 1069 eque
1570 1007 1789 1054 ordinato
1820 1007 1879 1054 ad
1904 1006 2075 1055 hoc‘et

311 1090 455 1139 ducto
486 1091 546 1138 ad
572 1091 732 1139 locum
772 1107 930 1139 suum.
970 1094 1156 1154 Equum
1189 1093 1315 1154 Pape
1356 1090 1591 1138 duxerunt
1625 1094 1818 1138 senator
1852 1089 1991 1138 Urbis
2028 1093 2076 1137 et

311 1178 670 1222 conservatores
693 1191 883 1222 camere
920 1174 1030 1237 quia
1053 1173 1241 1238 dignior
1267 1173 1423 1220 nullus
1444 1173 1684 1241 interfuit,
1707 1172 1787 1236 qui
1809 1173 1856 1220 id
1878 1177 2069 1236 ageret.

375 1257 647 1306 Cardinales
682 1263 728 1305 et
753 1254 920 1321 prelati
941 1258 1091 1321 parati
1125 1272 1293 1304 omnes
1322 1260 1458 1304 erant
1495 1257 1544 1303 in
1580 1256 1731 1303 mitris
1773 1260 1820 1304 et
1856 1255 2077 1304 omnibus

312 1340 622 1399 ornamentis,
648 1344 698 1389 ut
725 1341 769 1388 in
793 1341 940 1389 missa
966 1341 1301 1389 interfuerunt.
1332 1340 1451 1403 Equi
1478 1339 1791 1387 cardinalium
1819 1339 1877 1386 ab
1898 1343 2008 1387 ante
2030 1343 2078 1388 et

311 1428 442 1471 retro
480 1424 697 1487 cooperti
747 1429 883 1472 erant
916 1424 1174 1472 boccasino
1207 1424 1333 1483 albo,
1370 1422 1664 1487 prelatorum
1702 1437 1816 1469 vero
1858 1421 2080 1484 fustagno

311 1508 418 1556 albo
465 1509 522 1556 ad
571 1509 783 1556 medium
832 1508 1044 1572 palmum
1089 1524 1231 1571 super
1271 1513 1450 1555 terram
1488 1506 1756 1569 pendente3
1798 1504 2077 1553 subdiaconi

312 1608 479 1640 omnes
525 1608 669 1655 super
713 1592 931 1650 rocheto,
980 1591 1229 1639 tunicellas
1278 1591 1410 1637 albas
1455 1590 1715 1648 habebant,
1761 1588 1957 1651 dempto
1995 1587 2077 1635 illo

313 1675 394 1737 qui
428 1675 680 1738 epistolam
719 1675 917 1735 dixerat,
955 1675 1033 1737 qni
1075 1675 1237 1722 omnia
1271 1676 1550 1737 paramenta
1586 1671 1781 1719 retinuit
1821 1670 1870 1718 in
1909 1670 2080 1733 quibus

314 1758 612 1806 ministravit.
637 1758 890 1806 Auditores
905 1773 1036 1817 vero,
1062 1757 1223 1806 clerici
1246 1772 1436 1805 camere
1469 1760 1516 1803 et
1549 1755 1720 1819 acolyti
1746 1752 2082 1817 superpellicia

313 1841 555 1889 habebant
583 1857 729 1904 super
759 1841 999 1899 rochetis3
1043 1840 1288 1889 secretarii
1324 1853 1512 1902 quoque
1541 1841 1588 1885 et
1622 1836 1836 1885 advocati
1863 1835 2083 1900 pluvialia

316 1923 424 1971 alba
442 1938 587 1987 super
607 1924 846 1972 mantellis
867 1928 1138 1987 aperturam
1156 1940 1182 1971 a
1202 1926 1335 1987 parte
1355 1922 1553 1979 dextera
1569 1919 1825 1978 babentia3
1849 1923 1896 1967 et
1911 1934 2080 1967 omnes

315 2005 365 2052 hi
387 2022 537 2068 equos
552 2006 838 2069 'equitabant
859 2010 906 2054 et
926 2006 1078 2054 mulas
1102 2006 1344 2054 consuetis
1367 2005 1574 2069 copertis
1597 2008 1808 2052 ornatas.

382 2090 748 2138 Processionem
768 2107 881 2138 vero
905 2090 1182 2154 hujusmodi
1201 2106 1228 2137 a
1248 2089 1451 2137 basilica
1478 2088 1693 2152 predicta
1721 2088 1781 2135 ad
1801 2091 2084 2136 Lateranum

318 2173 550 2220 ordinavit
571 2173 824 2221 cardinalis
848 2173 1074 2222 Senensis
1095 2172 1225 2236 prior
1245 2171 1488 2235 predictus
1515 2171 1609 2218 hoc
1630 2170 1773 2218 modo
1799 2189 1808 2219 :

384 2254 660 2302 Familiares
710 2254 1044 2313 cardinalium,
1087 2254 1382 2317 prelatorum
1415 2258 1462 2303 et
1504 2253 1751 2302 curialium
1791 2269 1847 2301 ac
1886 2252 1964 2301 alii
2005 2251 2087 2315 qui

318 2336 539 2384 brevibus
561 2336 769 2384 vestibus
801 2338 1054 2384 utebantur
1085 2337 1225 2401 primi
1253 2339 1530 2401 equitabant
1569 2354 1679 2386 cum
1713 2337 1886 2385 valisiis
1927 2336 2084 2384 cardi—

321 2417 524 2474 nalium3
549 2417 720 2465 deinde
741 2417 1046 2467 barbitonsor
1081 2422 1206 2483 Pape
1242 2436 1350 2468 cum
1380 2420 1542 2468 valisia
1568 2420 1774 2479 scarlati,
1801 2419 1851 2466 in
1872 2435 1964 2482 qua
1987 2422 2089 2467 erat

322 2516 474 2564 cappa
496 2500 590 2548 sive
609 2501 888 2549 mantellum
912 2518 967 2550 ac
989 2503 1078 2551 alie
1099 2509 1255 2552 vestes
1275 2507 1418 2568 Pape.
1617 2561 1625 2569 ,

391 2587 554 2632 Sartor
574 2587 700 2648 Pape
723 2599 833 2632 cum
852 2586 991 2633 simili
1009 2586 1172 2635 valisia
1193 2588 1241 2635 in
1263 2603 1357 2651 qua
1377 2587 1521 2636 etiam
1545 2591 1682 2635 erant
1712 2587 1984 2636 necessaria
2001 2603 2087 2651 pro

323 2667 567 2730 pontifice.
595 2694 658 2702 -—
676 2667 952 2717 Familiares
990 2683 1075 2717 seu
1103 2660 1502 2734 scutiferi'Pape.
1541 2696 1603 2705 —-—
1624 2670 1816 2719 Nobiles
1854 2671 2001 2719 curie.
2025 2698 2089 2708 -—-

325 2751 532 2812 Nepotes
555 2754 600 2797 et
619 2749 788 2797 affines
811 2750 1140 2799 cardinaliqu
1163 2778 1228 2787 —-
1247 2752 1384 2801 Scala
1404 2755 1528 2816 Pape
1558 2767 1719 2816 panno
1749 2769 1950 2803 rosaceo
1972 2769 2087 2803 coo-

326 2837 459 2896 perta
475 2848 618 2896 super
632 2847 755 2896 equo
768 2833 875 2881 albo
891 2833 1030 2881 simili
1046 2851 1205 2898 panno
1225 2842 1472 2900 cooperto,
1498 2853 1641 2900 quem
1665 2837 1795 2886 duxit
1814 2853 1938 2885 unus
1956 2836 2092 2886 fami-

326 2916 455 2964 liaris
474 2919 619 2980 Pape,
643 2922 774 2966 veste
801 2933 998 2967 rosacea
1018 2918 1228 2978 indutus,
1265 2919 1487 2968 baculum
1517 2921 1721 2969 rubeum
1750 2921 1798 2968 in
1827 2921 1919 2968 alia
1946 2934 2091 2967 manu

328 3005 515 3049 tenens.
537 3027 600 3036 --
615 3001 882 3050 Duodecim
903 3017 1122 3051 cursores
1144 3019 1252 3051 cum
1272 3019 1338 3050 ΧΠ
1366 3003 1546 3051 vexillis
1573 3003 1752 3062 rubeis,
1779 3002 1878 3051 bini
1899 3006 1946 3050 et
1965 3001 2084 3059 bini,

327 3084 534 3132 vestibus
558 3084 766 3133 rosaceis
786 3085 955 3145 induti,
981 3091 1245 3149 equestres,
1278 3086 1315 3133 si
1338 3091 1467 3134 recte
1489 3086 1710 3134 memini.
1749 3111 1812 3121 —-
1841 3084 2092 3134 Tredecim

329 3167 584 3216 familiares
619 3168 946 3229 male'vestiti,
991 3169 1239 3233 pedestres
1273 3185 1361 3216 xi11
1402 3169 1572 3217 vexilla
1610 3182 1852 3217 armorum
1883 3168 2093 3231 capitum

332 3250 581 3312 regionum
603 3251 875 3300 deferentes
898 3253 1026 3315 quod
1048 3268 1350 3315 nequaquam
1376 3251 1548 3300 decere
1569 3251 1831 3311 videbatur,
1862 3250 2100 3299 debebant

333 3327 579 3393 ipsietiam
600 3334 836 3397 capitanei
855 3335 1107 3399 regionum
1127 3349 1214 3399 per
1244 3349 1295 3383 se
1323 3334 1451 3398 ipsos
1484 3335 1607 3383 bene
1635 3334 1808 3394 ornati,
1833 3336 2096 3396 equestreS,

333 3409 423 3461 hec
446 3413 611 3463 vexilla
629 3417 880 3466 honestius
903 3419 1148 3468 detulisse.
