<?xml version="1.0" encoding="UTF-8"?>
<!DOCTYPE html PUBLIC "-//W3C//DTD XHTML 1.0 Transitional//EN"
    "http://www.w3.org/TR/xhtml1/DTD/xhtml1-transitional.dtd">
<html xmlns="http://www.w3.org/1999/xhtml" xml:lang="en" lang="en">
 <head>
  <title>
</title>
<meta http-equiv="Content-Type" content="text/html;charset=utf-8" />
  <meta name='ocr-system' content='tesseract 3.04.00' />
  <meta name='ocr-capabilities' content='ocr_page ocr_carea ocr_par ocr_line ocrx_word'/>
</head>
<body>
  <div class='ocr_page' id='page_1' title='image "./diariumsivererum01burcuoft_0329.png"; bbox 0 0 2262 3958; ppageno 0'>
   <div class='ocr_carea' id='block_1_1' title="bbox 181 300 1967 348">
    <p class='ocr_par' dir='ltr' id='par_1_1' title="bbox 181 300 1967 348">
     <span class='ocr_line' id='line_1_1' title="bbox 181 300 1967 348; baseline -0.001 -9"><span class='ocrx_word' id='word_1_1' title='bbox 181 304 505 348; x_wconf 75' lang='lat' dir='ltr'>[Novembre1488]</span> <span class='ocrx_word' id='word_1_2' title='bbox 630 302 798 339; x_wconf 82' lang='lat' dir='ltr'>RERUM</span> <span class='ocrx_word' id='word_1_3' title='bbox 832 301 1135 339; x_wconf 83' lang='lat' dir='ltr'>URBANARUM</span> <span class='ocrx_word' id='word_1_4' title='bbox 1170 300 1521 339; x_wconf 83' lang='lat' dir='ltr'><strong>COMMENTARII.</strong></span> <span class='ocrx_word' id='word_1_5' title='bbox 1896 303 1967 338; x_wconf 80' lang='lat'>310</span> 
     </span>
    </p>
   </div>
   <div class='ocr_carea' id='block_1_2' title="bbox 174 401 1966 971">
    <p class='ocr_par' dir='ltr' id='par_1_2' title="bbox 174 401 1966 971">
     <span class='ocr_line' id='line_1_2' title="bbox 180 401 1966 470; baseline -0.005 -13"><span class='ocrx_word' id='word_1_6' title='bbox 180 410 282 457; x_wconf 92' lang='lat' dir='ltr'>DD.</span> <span class='ocrx_word' id='word_1_7' title='bbox 302 404 572 456; x_wconf 78' lang='lat' dir='ltr'>cardinales</span> <span class='ocrx_word' id='word_1_8' title='bbox 593 404 827 470; x_wconf 69' lang='lat' dir='ltr'>inmensa</span> <span class='ocrx_word' id='word_1_9' title='bbox 842 404 994 453; x_wconf 88' lang='lat' dir='ltr'>teneri</span> <span class='ocrx_word' id='word_1_10' title='bbox 1014 404 1188 464; x_wconf 80' lang='lat' dir='ltr'>solent,</span> <span class='ocrx_word' id='word_1_11' title='bbox 1218 407 1264 452; x_wconf 91' lang='lat' dir='ltr'>et</span> <span class='ocrx_word' id='word_1_12' title='bbox 1287 419 1458 453; x_wconf 90' lang='lat' dir='ltr'>omnes</span> <span class='ocrx_word' id='word_1_13' title='bbox 1478 403 1622 451; x_wconf 92' lang='lat' dir='ltr'>simul</span> <span class='ocrx_word' id='word_1_14' title='bbox 1644 401 1766 450; x_wconf 93' lang='lat' dir='ltr'>mitti</span> <span class='ocrx_word' id='word_1_15' title='bbox 1787 401 1966 450; x_wconf 88' lang='lat' dir='ltr'>debent</span> 
     </span>
     <span class='ocr_line' id='line_1_3' title="bbox 178 485 1964 555; baseline -0.005 -14"><span class='ocrx_word' id='word_1_16' title='bbox 178 495 235 541; x_wconf 88' lang='lat' dir='ltr'>R.</span> <span class='ocrx_word' id='word_1_17' title='bbox 258 495 310 541; x_wconf 91' lang='lat' dir='ltr'>P.</span> <span class='ocrx_word' id='word_1_18' title='bbox 331 494 386 540; x_wconf 90' lang='lat' dir='ltr'>D.</span> <span class='ocrx_word' id='word_1_19' title='bbox 413 490 666 555; x_wconf 89' lang='lat' dir='ltr'>Sinolpho,</span> <span class='ocrx_word' id='word_1_20' title='bbox 693 490 819 538; x_wconf 89' lang='lat' dir='ltr'>dicte</span> <span class='ocrx_word' id='word_1_21' title='bbox 854 505 1046 539; x_wconf 86' lang='lat' dir='ltr'>camere</span> <span class='ocrx_word' id='word_1_22' title='bbox 1076 488 1273 548; x_wconf 89' lang='lat' dir='ltr'>clerico,</span> <span class='ocrx_word' id='word_1_23' title='bbox 1296 488 1375 552; x_wconf 90' lang='lat' dir='ltr'>qui</span> <span class='ocrx_word' id='word_1_24' title='bbox 1403 504 1486 537; x_wconf 91' lang='lat' dir='ltr'>eas</span> <span class='ocrx_word' id='word_1_25' title='bbox 1520 487 1666 537; x_wconf 93' lang='lat' dir='ltr'>modo</span> <span class='ocrx_word' id='word_1_26' title='bbox 1689 485 1964 551; x_wconf 90' lang='lat' dir='ltr'>supradicto</span> 
     </span>
     <span class='ocr_line' id='line_1_4' title="bbox 177 562 692 624; baseline -0.004 0"><span class='ocrx_word' id='word_1_27' title='bbox 177 574 446 624; x_wconf 84' lang='lat' dir='ltr'><strong>distribuet.</strong></span> <span class='ocrx_word' id='word_1_28' title='bbox 682 562 692 572; x_wconf 61' lang='grc'><strong>”</strong></span> 
     </span>
     <span class='ocr_line' id='line_1_5' title="bbox 240 654 1965 709; baseline -0.005 0"><span class='ocrx_word' id='word_1_29' title='bbox 240 659 360 709; x_wconf 90' lang='lat' dir='ltr'>Dedi</span> <span class='ocrx_word' id='word_1_30' title='bbox 377 658 552 707; x_wconf 88' lang='lat' dir='ltr'>deiude</span> <span class='ocrx_word' id='word_1_31' title='bbox 582 658 789 708; x_wconf 90' lang='lat' dir='ltr'>etaliam</span> <span class='ocrx_word' id='word_1_32' title='bbox 807 656 1092 705; x_wconf 78' lang='lat' dir='ltr'>schedulam</span> <span class='ocrx_word' id='word_1_33' title='bbox 1124 656 1317 704; x_wconf 88' lang='lat' dir='ltr'>RRmis.</span> <span class='ocrx_word' id='word_1_34' title='bbox 1350 656 1410 705; x_wconf 87' lang='lat' dir='ltr'>de</span> <span class='ocrx_word' id='word_1_35' title='bbox 1441 656 1645 704; x_wconf 81' lang='lat' dir='ltr'>Sabellis</span> <span class='ocrx_word' id='word_1_36' title='bbox 1687 659 1735 703; x_wconf 91' lang='lat' dir='ltr'>et</span> <span class='ocrx_word' id='word_1_37' title='bbox 1758 654 1965 702; x_wconf 89' lang='lat' dir='ltr'>Ascanio</span> 
     </span>
     <span class='ocr_line' id='line_1_6' title="bbox 176 738 1960 803; baseline -0.003 -12"><span class='ocrx_word' id='word_1_38' title='bbox 176 742 517 803; x_wconf 82' lang='lat' dir='ltr'>cardinalibus,</span> <span class='ocrx_word' id='word_1_39' title='bbox 549 746 687 790; x_wconf 82' lang='lat' dir='ltr'>Rmo.</span> <span class='ocrx_word' id='word_1_40' title='bbox 724 743 783 788; x_wconf 89' lang='lat' dir='ltr'>D.</span> <span class='ocrx_word' id='word_1_41' title='bbox 816 739 876 788; x_wconf 90' lang='lat' dir='ltr'>de</span> <span class='ocrx_word' id='word_1_42' title='bbox 899 739 1103 788; x_wconf 88' lang='lat' dir='ltr'>Sabellis</span> <span class='ocrx_word' id='word_1_43' title='bbox 1133 740 1417 803; x_wconf 79' lang='lat' dir='ltr'>recipiente,</span> <span class='ocrx_word' id='word_1_44' title='bbox 1443 738 1725 803; x_wconf 89' lang='lat' dir='ltr'>hujusmodi</span> <span class='ocrx_word' id='word_1_45' title='bbox 1748 738 1960 786; x_wconf 88' lang='lat' dir='ltr'>tenoris:</span> 
     </span>
     <span class='ocr_line' id='line_1_7' title="bbox 213 820 1966 890; baseline -0.003 -15"><span class='ocrx_word' id='word_1_46' title='bbox 213 825 546 890; x_wconf 79' lang='lat' dir='ltr'>,Infrascripte</span> <span class='ocrx_word' id='word_1_47' title='bbox 591 825 829 874; x_wconf 89' lang='lat' dir='ltr'>debentur</span> <span class='ocrx_word' id='word_1_48' title='bbox 866 822 1073 885; x_wconf 86' lang='lat' dir='ltr'>pecunie</span> <span class='ocrx_word' id='word_1_49' title='bbox 1115 821 1302 869; x_wconf 90' lang='lat' dir='ltr'>ratione</span> <span class='ocrx_word' id='word_1_50' title='bbox 1342 820 1657 884; x_wconf 79' lang='lat' dir='ltr'>exequiarum</span> <span class='ocrx_word' id='word_1_51' title='bbox 1697 821 1826 869; x_wconf 88' lang='lat' dir='ltr'>bone</span> <span class='ocrx_word' id='word_1_52' title='bbox 1862 836 1966 869; x_wconf 87' lang='lat' dir='ltr'>me-</span> 
     </span>
     <span class='ocr_line' id='line_1_8' title="bbox 174 902 1962 971; baseline -0.004 -13"><span class='ocrx_word' id='word_1_53' title='bbox 174 908 327 958; x_wconf 80' lang='lat' dir='ltr'>morie</span> <span class='ocrx_word' id='word_1_54' title='bbox 349 907 606 958; x_wconf 88' lang='lat' dir='ltr'>cardinalis</span> <span class='ocrx_word' id='word_1_55' title='bbox 626 904 1002 971; x_wconf 84' lang='lat' dir='ltr'>Mediolanensis</span> <span class='ocrx_word' id='word_1_56' title='bbox 1034 921 1094 952; x_wconf 89' lang='lat' dir='ltr'>ex</span> <span class='ocrx_word' id='word_1_57' title='bbox 1120 903 1350 953; x_wconf 89' lang='lat' dir='ltr'>laudabili</span> <span class='ocrx_word' id='word_1_58' title='bbox 1384 902 1697 951; x_wconf 86' lang='lat' dir='ltr'>observantia</span> <span class='ocrx_word' id='word_1_59' title='bbox 1724 903 1962 951; x_wconf 88' lang='lat' dir='ltr'>hactenus</span> 
     </span>
    </p>
   </div>
   <div class='ocr_carea' id='block_1_3' title="bbox 177 991 1964 1138">
    <p class='ocr_par' dir='ltr' id='par_1_3' title="bbox 177 991 1964 1138">
     <span class='ocr_line' id='line_1_9' title="bbox 177 991 489 1042; baseline -0.01 0"><span class='ocrx_word' id='word_1_60' title='bbox 177 991 455 1042; x_wconf 87' lang='lat' dir='ltr'>introducta</span> <span class='ocrx_word' id='word_1_61' title='bbox 479 1007 489 1039; x_wconf 91' lang='lat'>:</span> 
     </span>
     <span class='ocr_line' id='line_1_10' title="bbox 238 1043 1964 1138; baseline -0.005 -15"><span class='ocrx_word' id='word_1_62' title='bbox 238 1073 480 1138; x_wconf 83' lang='lat' dir='ltr'>Magistris</span> <span class='ocrx_word' id='word_1_63' title='bbox 531 1072 919 1121; x_wconf 80' lang='lat' dir='ltr'>ceremoniarum</span> <span class='ocrx_word' id='word_1_64' title='bbox 975 1071 1161 1136; x_wconf 90' lang='lat' dir='ltr'>capelle</span> <span class='ocrx_word' id='word_1_65' title='bbox 1205 1073 1290 1119; x_wconf 91' lang='lat' dir='ltr'>SS.</span> <span class='ocrx_word' id='word_1_66' title='bbox 1335 1073 1396 1118; x_wconf 94' lang='lat' dir='ltr'>D.</span> <span class='ocrx_word' id='word_1_67' title='bbox 1445 1073 1505 1119; x_wconf 90' lang='lat' dir='ltr'>N.</span> <span class='ocrx_word' id='word_1_68' title='bbox 1547 1043 1671 1134; x_wconf 85' lang='lat' dir='ltr'>pape</span> <span class='ocrx_word' id='word_1_69' title='bbox 1712 1068 1872 1117; x_wconf 90' lang='lat' dir='ltr'>ducati</span> <span class='ocrx_word' id='word_1_70' title='bbox 1917 1068 1964 1115; x_wconf 92' lang='lat' dir='ltr'>in</span> 
     </span>
    </p>
   </div>
   <div class='ocr_carea' id='block_1_4' title="bbox 172 1155 1966 1460">
    <p class='ocr_par' dir='ltr' id='par_1_4' title="bbox 172 1155 1966 1460">
     <span class='ocr_line' id='line_1_11' title="bbox 172 1155 1966 1206; baseline -0.003 -1"><span class='ocrx_word' id='word_1_71' title='bbox 172 1155 1580 1206; x_wconf 86' lang='lat' dir='ltr'><strong>aurodecamera....................</strong></span> <span class='ocrx_word' id='word_1_72' title='bbox 1674 1169 1966 1200; x_wconf 83' lang='lat' dir='ltr'><strong>...xxv</strong></span> 
     </span>
     <span class='ocr_line' id='line_1_12' title="bbox 230 1238 1964 1304; baseline -0.003 -14"><span class='ocrx_word' id='word_1_73' title='bbox 230 1239 448 1290; x_wconf 87' lang='lat' dir='ltr'>Diacono</span> <span class='ocrx_word' id='word_1_74' title='bbox 469 1244 518 1288; x_wconf 91' lang='lat' dir='ltr'>et</span> <span class='ocrx_word' id='word_1_75' title='bbox 538 1239 836 1288; x_wconf 86' lang='lat' dir='ltr'>subdiacono</span> <span class='ocrx_word' id='word_1_76' title='bbox 858 1240 986 1289; x_wconf 89' lang='lat' dir='ltr'>dicte</span> <span class='ocrx_word' id='word_1_77' title='bbox 1009 1239 1211 1304; x_wconf 91' lang='lat' dir='ltr'>capelle,</span> <span class='ocrx_word' id='word_1_78' title='bbox 1238 1239 1420 1287; x_wconf 89' lang='lat' dir='ltr'>similes</span> <span class='ocrx_word' id='word_1_79' title='bbox 1442 1238 1601 1286; x_wconf 87' lang='lat' dir='ltr'>ducati</span> <span class='ocrx_word' id='word_1_80' title='bbox 1641 1272 1651 1283; x_wconf 92' lang='lat'>.</span> <span class='ocrx_word' id='word_1_81' title='bbox 1689 1275 1697 1284; x_wconf 92' lang='lat'>.</span> <span class='ocrx_word' id='word_1_82' title='bbox 1738 1275 1747 1286; x_wconf 93' lang='lat'>.</span> <span class='ocrx_word' id='word_1_83' title='bbox 1785 1275 1794 1284; x_wconf 94' lang='lat'>.</span> <span class='ocrx_word' id='word_1_84' title='bbox 1930 1253 1964 1284; x_wconf 89' lang='lat'>11</span> 
     </span>
     <span class='ocr_line' id='line_1_13' title="bbox 231 1322 1965 1390; baseline -0.003 -15"><span class='ocrx_word' id='word_1_85' title='bbox 231 1325 518 1376; x_wconf 84' lang='lat' dir='ltr'>Cantoribus</span> <span class='ocrx_word' id='word_1_86' title='bbox 539 1325 760 1390; x_wconf 89' lang='lat' dir='ltr'>ejusdem</span> <span class='ocrx_word' id='word_1_87' title='bbox 784 1324 986 1388; x_wconf 90' lang='lat' dir='ltr'>capelle,</span> <span class='ocrx_word' id='word_1_88' title='bbox 1010 1322 1190 1371; x_wconf 89' lang='lat' dir='ltr'>similes</span> <span class='ocrx_word' id='word_1_89' title='bbox 1213 1323 1371 1371; x_wconf 85' lang='lat' dir='ltr'>ducati</span> <span class='ocrx_word' id='word_1_90' title='bbox 1382 1360 1793 1370; x_wconf 91' lang='grc'><strong>.........</strong></span> <span class='ocrx_word' id='word_1_91' title='bbox 1934 1338 1965 1370; x_wconf 81' lang='lat' dir='ltr'><strong>x</strong></span> 
     </span>
     <span class='ocr_line' id='line_1_14' title="bbox 236 1407 1964 1460; baseline -0.005 0"><span class='ocrx_word' id='word_1_92' title='bbox 236 1409 518 1460; x_wconf 87' lang='lat' dir='ltr'>Cursoribus</span> <span class='ocrx_word' id='word_1_93' title='bbox 541 1412 626 1459; x_wconf 91' lang='lat' dir='ltr'>SS.</span> <span class='ocrx_word' id='word_1_94' title='bbox 652 1414 709 1460; x_wconf 89' lang='lat' dir='ltr'>D.</span> <span class='ocrx_word' id='word_1_95' title='bbox 738 1412 794 1459; x_wconf 90' lang='lat' dir='ltr'>N.</span> <span class='ocrx_word' id='word_1_96' title='bbox 819 1409 1073 1459; x_wconf 88' lang='lat' dir='ltr'>P.similes</span> <span class='ocrx_word' id='word_1_97' title='bbox 1095 1407 1286 1456; x_wconf 88' lang='lat' dir='ltr'>ducati.</span> <span class='ocrx_word' id='word_1_98' title='bbox 1333 1445 1338 1453; x_wconf 90' lang='lat'><strong>.</strong></span> <span class='ocrx_word' id='word_1_99' title='bbox 1378 1445 1387 1453; x_wconf 89' lang='lat'>.</span> <span class='ocrx_word' id='word_1_100' title='bbox 1437 1445 1445 1454; x_wconf 97' lang='lat'>.</span> <span class='ocrx_word' id='word_1_101' title='bbox 1482 1445 1491 1454; x_wconf 94' lang='lat'>.</span> <span class='ocrx_word' id='word_1_102' title='bbox 1531 1444 1540 1453; x_wconf 92' lang='lat'>.</span> <span class='ocrx_word' id='word_1_103' title='bbox 1577 1443 1586 1452; x_wconf 89' lang='lat'>.</span> <span class='ocrx_word' id='word_1_104' title='bbox 1630 1443 1638 1452; x_wconf 94' lang='lat'>.</span> <span class='ocrx_word' id='word_1_105' title='bbox 1677 1443 1685 1452; x_wconf 96' lang='lat'>.</span> <span class='ocrx_word' id='word_1_106' title='bbox 1724 1443 1732 1452; x_wconf 93' lang='lat'>.</span> <span class='ocrx_word' id='word_1_107' title='bbox 1779 1444 1788 1453; x_wconf 90' lang='lat'>.</span> <span class='ocrx_word' id='word_1_108' title='bbox 1934 1423 1964 1452; x_wconf 83' lang='lat' dir='ltr'>x</span> 
     </span>
    </p>
   </div>
   <div class='ocr_carea' id='block_1_5' title="bbox 162 1491 1996 3484">
    <p class='ocr_par' dir='ltr' id='par_1_5' title="bbox 162 1491 1996 3484">
     <span class='ocr_line' id='line_1_15' title="bbox 238 1491 1962 1559; baseline -0.002 -16"><span class='ocrx_word' id='word_1_109' title='bbox 238 1495 377 1544; x_wconf 88' lang='lat' dir='ltr'>Feria</span> <span class='ocrx_word' id='word_1_110' title='bbox 405 1498 590 1559; x_wconf 88' lang='lat' dir='ltr'>quarta,</span> <span class='ocrx_word' id='word_1_111' title='bbox 627 1497 683 1542; x_wconf 78' lang='lat'>12</span> <span class='ocrx_word' id='word_1_112' title='bbox 717 1495 898 1543; x_wconf 90' lang='lat' dir='ltr'>mensis</span> <span class='ocrx_word' id='word_1_113' title='bbox 941 1493 1233 1552; x_wconf 80' lang='lat' dir='ltr'>novembris,</span> <span class='ocrx_word' id='word_1_114' title='bbox 1264 1492 1312 1540; x_wconf 91' lang='lat' dir='ltr'>in</span> <span class='ocrx_word' id='word_1_115' title='bbox 1343 1493 1530 1558; x_wconf 91' lang='lat' dir='ltr'>capella</span> <span class='ocrx_word' id='word_1_116' title='bbox 1558 1492 1697 1540; x_wconf 87' lang='lat' dir='ltr'>beate</span> <span class='ocrx_word' id='word_1_117' title='bbox 1726 1491 1874 1540; x_wconf 88' lang='lat' dir='ltr'>Marie</span> <span class='ocrx_word' id='word_1_118' title='bbox 1903 1492 1962 1540; x_wconf 90' lang='lat' dir='ltr'>de</span> 
     </span>
     <span class='ocr_line' id='line_1_16' title="bbox 173 1575 1957 1644; baseline -0.002 -18"><span class='ocrx_word' id='word_1_119' title='bbox 173 1578 405 1627; x_wconf 88' lang='lat' dir='ltr'>Febribus</span> <span class='ocrx_word' id='word_1_120' title='bbox 420 1578 615 1628; x_wconf 88' lang='lat' dir='ltr'>basilice</span> <span class='ocrx_word' id='word_1_121' title='bbox 634 1579 865 1644; x_wconf 90' lang='lat' dir='ltr'>principis</span> <span class='ocrx_word' id='word_1_122' title='bbox 883 1579 1216 1643; x_wconf 87' lang='lat' dir='ltr'>apostolorum</span> <span class='ocrx_word' id='word_1_123' title='bbox 1236 1579 1294 1627; x_wconf 90' lang='lat' dir='ltr'>de</span> <span class='ocrx_word' id='word_1_124' title='bbox 1312 1577 1458 1635; x_wconf 86' lang='lat' dir='ltr'>Urbe,</span> <span class='ocrx_word' id='word_1_125' title='bbox 1473 1577 1595 1624; x_wconf 90' lang='lat' dir='ltr'>hora</span> <span class='ocrx_word' id='word_1_126' title='bbox 1615 1592 1696 1623; x_wconf 80' lang='lat' dir='ltr'>xvi</span> <span class='ocrx_word' id='word_1_127' title='bbox 1721 1575 1792 1624; x_wconf 93' lang='lat' dir='ltr'>vel</span> <span class='ocrx_word' id='word_1_128' title='bbox 1811 1575 1957 1634; x_wconf 89' lang='lat' dir='ltr'>circa,</span> 
     </span>
     <span class='ocr_line' id='line_1_17' title="bbox 169 1659 1960 1727; baseline -0.001 -17"><span class='ocrx_word' id='word_1_129' title='bbox 169 1661 332 1711; x_wconf 86' lang='lat' dir='ltr'>habite</span> <span class='ocrx_word' id='word_1_130' title='bbox 369 1667 479 1711; x_wconf 92' lang='lat' dir='ltr'>sunt</span> <span class='ocrx_word' id='word_1_131' title='bbox 525 1663 726 1727; x_wconf 87' lang='lat' dir='ltr'>exequie</span> <span class='ocrx_word' id='word_1_132' title='bbox 775 1663 902 1711; x_wconf 91' lang='lat' dir='ltr'>bone</span> <span class='ocrx_word' id='word_1_133' title='bbox 933 1663 1169 1712; x_wconf 90' lang='lat' dir='ltr'>memorie</span> <span class='ocrx_word' id='word_1_134' title='bbox 1225 1665 1282 1710; x_wconf 93' lang='lat' dir='ltr'>D.</span> <span class='ocrx_word' id='word_1_135' title='bbox 1330 1659 1659 1709; x_wconf 87' lang='lat' dir='ltr'>Bartholomei</span> <span class='ocrx_word' id='word_1_136' title='bbox 1707 1659 1960 1708; x_wconf 89' lang='lat' dir='ltr'>Marasche</span> 
     </span>
     <span class='ocr_line' id='line_1_18' title="bbox 167 1743 1960 1810; baseline -0.001 -18"><span class='ocrx_word' id='word_1_137' title='bbox 167 1744 412 1794; x_wconf 88' lang='lat' dir='ltr'>Mantuani</span> <span class='ocrx_word' id='word_1_138' title='bbox 433 1745 643 1794; x_wconf 84' lang='lat' dir='ltr'>Civitatis</span> <span class='ocrx_word' id='word_1_139' title='bbox 658 1745 848 1794; x_wconf 87' lang='lat' dir='ltr'>Castelli</span> <span class='ocrx_word' id='word_1_140' title='bbox 871 1745 1087 1810; x_wconf 91' lang='lat' dir='ltr'>episcopi</span> <span class='ocrx_word' id='word_1_141' title='bbox 1109 1746 1190 1809; x_wconf 93' lang='lat' dir='ltr'>qui</span> <span class='ocrx_word' id='word_1_142' title='bbox 1207 1745 1255 1792; x_wconf 93' lang='lat' dir='ltr'>in</span> <span class='ocrx_word' id='word_1_143' title='bbox 1277 1743 1628 1809; x_wconf 83' lang='lat' dir='ltr'>gubernatione</span> <span class='ocrx_word' id='word_1_144' title='bbox 1652 1743 1960 1807; x_wconf 84' lang='lat' dir='ltr'>episcopatus</span> 
     </span>
     <span class='ocr_line' id='line_1_19' title="bbox 169 1826 1957 1894; baseline -0.001 -19"><span class='ocrx_word' id='word_1_145' title='bbox 169 1827 355 1876; x_wconf 89' lang='lat' dir='ltr'>Perusii</span> <span class='ocrx_word' id='word_1_146' title='bbox 376 1829 505 1878; x_wconf 92' lang='lat' dir='ltr'>diem</span> <span class='ocrx_word' id='word_1_147' title='bbox 527 1830 697 1879; x_wconf 88' lang='lat' dir='ltr'>clausit</span> <span class='ocrx_word' id='word_1_148' title='bbox 718 1835 989 1879; x_wconf 86' lang='lat' dir='ltr'>extremum</span> <span class='ocrx_word' id='word_1_149' title='bbox 1009 1846 1018 1889; x_wconf 81' lang='lat'><em>3</em></span> <span class='ocrx_word' id='word_1_150' title='bbox 1044 1831 1181 1894; x_wconf 92' lang='lat' dir='ltr'>cujus</span> <span class='ocrx_word' id='word_1_151' title='bbox 1204 1830 1408 1878; x_wconf 88' lang='lat' dir='ltr'>cadaver</span> <span class='ocrx_word' id='word_1_152' title='bbox 1429 1829 1526 1878; x_wconf 87' lang='lat' dir='ltr'>sive</span> <span class='ocrx_word' id='word_1_153' title='bbox 1550 1844 1662 1877; x_wconf 89' lang='lat' dir='ltr'>ossa</span> <span class='ocrx_word' id='word_1_154' title='bbox 1683 1827 1742 1876; x_wconf 92' lang='lat' dir='ltr'>de</span> <span class='ocrx_word' id='word_1_155' title='bbox 1759 1826 1957 1891; x_wconf 88' lang='lat' dir='ltr'>speciali</span> 
     </span>
     <span class='ocr_line' id='line_1_20' title="bbox 164 1909 1958 1978; baseline -0.001 -19"><span class='ocrx_word' id='word_1_156' title='bbox 164 1909 360 1960; x_wconf 83' lang='lat' dir='ltr'>licentia</span> <span class='ocrx_word' id='word_1_157' title='bbox 381 1913 438 1960; x_wconf 91' lang='lat' dir='ltr'>D.</span> <span class='ocrx_word' id='word_1_158' title='bbox 463 1914 519 1961; x_wconf 91' lang='lat' dir='ltr'>N.</span> <span class='ocrx_word' id='word_1_159' title='bbox 546 1915 674 1977; x_wconf 87' lang='lat' dir='ltr'>Pape</span> <span class='ocrx_word' id='word_1_160' title='bbox 695 1929 783 1977; x_wconf 90' lang='lat' dir='ltr'>per</span> <span class='ocrx_word' id='word_1_161' title='bbox 798 1916 853 1961; x_wconf 92' lang='lat' dir='ltr'>R.</span> <span class='ocrx_word' id='word_1_162' title='bbox 882 1917 930 1963; x_wconf 89' lang='lat' dir='ltr'><strong>P.</strong></span> <span class='ocrx_word' id='word_1_163' title='bbox 954 1917 1012 1962; x_wconf 94' lang='lat' dir='ltr'>D.</span> <span class='ocrx_word' id='word_1_164' title='bbox 1039 1913 1324 1978; x_wconf 90' lang='lat' dir='ltr'>episcopum</span> <span class='ocrx_word' id='word_1_165' title='bbox 1351 1911 1654 1960; x_wconf 87' lang='lat' dir='ltr'>Aleriensem</span> <span class='ocrx_word' id='word_1_166' title='bbox 1679 1927 1853 1975; x_wconf 89' lang='lat' dir='ltr'>nuper,</span> <span class='ocrx_word' id='word_1_167' title='bbox 1880 1926 1958 1957; x_wconf 89' lang='lat' dir='ltr'>me</span> 
     </span>
     <span class='ocr_line' id='line_1_21' title="bbox 164 1993 1960 2059; baseline -0.002 -17"><span class='ocrx_word' id='word_1_168' title='bbox 164 1999 409 2059; x_wconf 86' lang='lat' dir='ltr'>presente,</span> <span class='ocrx_word' id='word_1_169' title='bbox 435 1995 630 2044; x_wconf 85' lang='lat' dir='ltr'>obtenta</span> <span class='ocrx_word' id='word_1_170' title='bbox 653 1997 848 2047; x_wconf 89' lang='lat' dir='ltr'>oraculo</span> <span class='ocrx_word' id='word_1_171' title='bbox 869 1998 970 2048; x_wconf 84' lang='lat' dir='ltr'>vive</span> <span class='ocrx_word' id='word_1_172' title='bbox 991 1998 1139 2058; x_wconf 81' lang='lat' dir='ltr'>vociS,</span> <span class='ocrx_word' id='word_1_173' title='bbox 1165 2013 1275 2046; x_wconf 91' lang='lat' dir='ltr'>cum</span> <span class='ocrx_word' id='word_1_174' title='bbox 1297 1997 1480 2059; x_wconf 88' lang='lat' dir='ltr'>absque</span> <span class='ocrx_word' id='word_1_175' title='bbox 1510 1993 1791 2058; x_wconf 90' lang='lat' dir='ltr'>hujusmodi</span> <span class='ocrx_word' id='word_1_176' title='bbox 1812 1993 1960 2042; x_wconf 85' lang='lat' dir='ltr'>licen-</span> 
     </span>
     <span class='ocr_line' id='line_1_22' title="bbox 170 2077 1955 2146; baseline -0.002 -19"><span class='ocrx_word' id='word_1_177' title='bbox 170 2077 236 2127; x_wconf 87' lang='lat' dir='ltr'>tia</span> <span class='ocrx_word' id='word_1_178' title='bbox 270 2095 476 2145; x_wconf 84' lang='lat' dir='ltr'>corpora</span> <span class='ocrx_word' id='word_1_179' title='bbox 515 2085 816 2131; x_wconf 89' lang='lat' dir='ltr'>mortuorum</span> <span class='ocrx_word' id='word_1_180' title='bbox 855 2098 954 2130; x_wconf 91' lang='lat' dir='ltr'>non</span> <span class='ocrx_word' id='word_1_181' title='bbox 983 2082 1170 2146; x_wconf 90' lang='lat' dir='ltr'>possint</span> <span class='ocrx_word' id='word_1_182' title='bbox 1206 2082 1265 2130; x_wconf 91' lang='lat' dir='ltr'>de</span> <span class='ocrx_word' id='word_1_183' title='bbox 1299 2080 1399 2129; x_wconf 90' lang='lat' dir='ltr'>suis</span> <span class='ocrx_word' id='word_1_184' title='bbox 1437 2078 1693 2143; x_wconf 90' lang='lat' dir='ltr'>sepulturis</span> <span class='ocrx_word' id='word_1_185' title='bbox 1727 2077 1955 2138; x_wconf 87' lang='lat' dir='ltr'>amoveri,</span> 
     </span>
     <span class='ocr_line' id='line_1_23' title="bbox 165 2161 1958 2231; baseline -0.001 -19"><span class='ocrx_word' id='word_1_186' title='bbox 165 2162 298 2212; x_wconf 90' lang='lat' dir='ltr'>illinc</span> <span class='ocrx_word' id='word_1_187' title='bbox 318 2164 577 2213; x_wconf 90' lang='lat' dir='ltr'>adductum</span> <span class='ocrx_word' id='word_1_188' title='bbox 599 2165 687 2214; x_wconf 85' lang='lat' dir='ltr'>fuit</span> <span class='ocrx_word' id='word_1_189' title='bbox 708 2170 755 2215; x_wconf 91' lang='lat' dir='ltr'>et</span> <span class='ocrx_word' id='word_1_190' title='bbox 773 2169 977 2215; x_wconf 90' lang='lat' dir='ltr'>Romam</span> <span class='ocrx_word' id='word_1_191' title='bbox 999 2166 1229 2231; x_wconf 88' lang='lat' dir='ltr'>applicuit</span> <span class='ocrx_word' id='word_1_192' title='bbox 1246 2182 1334 2230; x_wconf 89' lang='lat' dir='ltr'>per</span> <span class='ocrx_word' id='word_1_193' title='bbox 1353 2168 1543 2229; x_wconf 91' lang='lat' dir='ltr'>portam</span> <span class='ocrx_word' id='word_1_194' title='bbox 1565 2164 1706 2211; x_wconf 87' lang='lat' dir='ltr'>beate</span> <span class='ocrx_word' id='word_1_195' title='bbox 1728 2161 1876 2210; x_wconf 86' lang='lat' dir='ltr'>Marie</span> <span class='ocrx_word' id='word_1_196' title='bbox 1899 2162 1958 2210; x_wconf 89' lang='lat' dir='ltr'>dc</span> 
     </span>
     <span class='ocr_line' id='line_1_24' title="bbox 167 2246 1959 2314; baseline -0.001 -19"><span class='ocrx_word' id='word_1_197' title='bbox 167 2246 370 2311; x_wconf 92' lang='lat' dir='ltr'>Populo,</span> <span class='ocrx_word' id='word_1_198' title='bbox 409 2247 485 2296; x_wconf 89' lang='lat' dir='ltr'>die</span> <span class='ocrx_word' id='word_1_199' title='bbox 520 2248 707 2298; x_wconf 88' lang='lat' dir='ltr'>sabbati</span> <span class='ocrx_word' id='word_1_200' title='bbox 752 2250 970 2314; x_wconf 88' lang='lat' dir='ltr'>proxime</span> <span class='ocrx_word' id='word_1_201' title='bbox 1016 2249 1236 2314; x_wconf 89' lang='lat' dir='ltr'>preteriti</span> <span class='ocrx_word' id='word_1_202' title='bbox 1275 2252 1302 2297; x_wconf 89' lang='lat'>8</span> <span class='ocrx_word' id='word_1_203' title='bbox 1340 2249 1484 2313; x_wconf 91' lang='lat' dir='ltr'>hujus</span> <span class='ocrx_word' id='word_1_204' title='bbox 1529 2246 1736 2306; x_wconf 90' lang='lat' dir='ltr'>mensis,</span> <span class='ocrx_word' id='word_1_205' title='bbox 1784 2246 1862 2294; x_wconf 93' lang='lat' dir='ltr'>ubi</span> <span class='ocrx_word' id='word_1_206' title='bbox 1910 2246 1959 2293; x_wconf 90' lang='lat' dir='ltr'>in</span> 
     </span>
     <span class='ocr_line' id='line_1_25' title="bbox 166 2330 1957 2398; baseline -0.001 -18"><span class='ocrx_word' id='word_1_207' title='bbox 166 2330 374 2380; x_wconf 87' lang='lat' dir='ltr'>ecclesia</span> <span class='ocrx_word' id='word_1_208' title='bbox 400 2331 540 2380; x_wconf 89' lang='lat' dir='ltr'>beate</span> <span class='ocrx_word' id='word_1_209' title='bbox 562 2333 711 2382; x_wconf 88' lang='lat' dir='ltr'>Marie</span> <span class='ocrx_word' id='word_1_210' title='bbox 731 2333 949 2397; x_wconf 87' lang='lat' dir='ltr'>predicta</span> <span class='ocrx_word' id='word_1_211' title='bbox 971 2334 1237 2398; x_wconf 87' lang='lat' dir='ltr'>repositum</span> <span class='ocrx_word' id='word_1_212' title='bbox 1263 2333 1351 2381; x_wconf 86' lang='lat' dir='ltr'>fuit</span> <span class='ocrx_word' id='word_1_213' title='bbox 1380 2349 1533 2396; x_wconf 90' lang='lat' dir='ltr'>usque</span> <span class='ocrx_word' id='word_1_214' title='bbox 1562 2332 1623 2380; x_wconf 89' lang='lat' dir='ltr'>ad</span> <span class='ocrx_word' id='word_1_215' title='bbox 1640 2334 1835 2379; x_wconf 87' lang='lat' dir='ltr'>noctem</span> <span class='ocrx_word' id='word_1_216' title='bbox 1855 2330 1957 2379; x_wconf 89' lang='lat' dir='ltr'>sine</span> 
     </span>
     <span class='ocr_line' id='line_1_26' title="bbox 164 2413 1957 2482; baseline 0 -20"><span class='ocrx_word' id='word_1_217' title='bbox 164 2413 342 2478; x_wconf 85' lang='lat' dir='ltr'>aliquia</span> <span class='ocrx_word' id='word_1_218' title='bbox 359 2430 556 2479; x_wconf 88' lang='lat' dir='ltr'>pompa.</span> <span class='ocrx_word' id='word_1_219' title='bbox 582 2417 632 2463; x_wconf 93' lang='lat' dir='ltr'>In</span> <span class='ocrx_word' id='word_1_220' title='bbox 656 2431 765 2465; x_wconf 92' lang='lat' dir='ltr'>sero</span> <span class='ocrx_word' id='word_1_221' title='bbox 782 2417 974 2477; x_wconf 90' lang='lat' dir='ltr'>eodem,</span> <span class='ocrx_word' id='word_1_222' title='bbox 993 2417 1366 2482; x_wconf 90' lang='lat' dir='ltr'>precedentibus</span> <span class='ocrx_word' id='word_1_223' title='bbox 1382 2415 1688 2482; x_wconf 89' lang='lat' dir='ltr'>paucissimis</span> <span class='ocrx_word' id='word_1_224' title='bbox 1705 2415 1957 2464; x_wconf 83' lang='lat' dir='ltr'>intorticiis</span> 
     </span>
     <span class='ocr_line' id='line_1_27' title="bbox 163 2496 1958 2566; baseline 0.001 -20"><span class='ocrx_word' id='word_1_225' title='bbox 163 2500 210 2547; x_wconf 87' lang='lat' dir='ltr'>et</span> <span class='ocrx_word' id='word_1_226' title='bbox 231 2496 335 2547; x_wconf 91' lang='lat' dir='ltr'>sine</span> <span class='ocrx_word' id='word_1_227' title='bbox 353 2513 531 2563; x_wconf 90' lang='lat' dir='ltr'>pompa</span> <span class='ocrx_word' id='word_1_228' title='bbox 558 2499 645 2548; x_wconf 87' lang='lat' dir='ltr'>fuit</span> <span class='ocrx_word' id='word_1_229' title='bbox 669 2504 915 2564; x_wconf 91' lang='lat' dir='ltr'>portatum</span> <span class='ocrx_word' id='word_1_230' title='bbox 944 2501 1005 2549; x_wconf 89' lang='lat' dir='ltr'>ad</span> <span class='ocrx_word' id='word_1_231' title='bbox 1031 2501 1280 2550; x_wconf 89' lang='lat' dir='ltr'>basilicam</span> <span class='ocrx_word' id='word_1_232' title='bbox 1307 2501 1578 2566; x_wconf 89' lang='lat' dir='ltr'>predictam</span> <span class='ocrx_word' id='word_1_233' title='bbox 1609 2517 1648 2548; x_wconf 78' lang='lat' dir='ltr'>S.</span> <span class='ocrx_word' id='word_1_234' title='bbox 1682 2499 1809 2549; x_wconf 88' lang='lat' dir='ltr'>Petri</span> <span class='ocrx_word' id='word_1_235' title='bbox 1841 2504 1888 2549; x_wconf 92' lang='lat' dir='ltr'>et</span> <span class='ocrx_word' id='word_1_236' title='bbox 1911 2499 1958 2548; x_wconf 89' lang='lat' dir='ltr'>in</span> 
     </span>
     <span class='ocr_line' id='line_1_28' title="bbox 162 2580 1952 2651; baseline 0.001 -22"><span class='ocrx_word' id='word_1_237' title='bbox 162 2580 348 2646; x_wconf 84' lang='lat' dir='ltr'>capella</span> <span class='ocrx_word' id='word_1_238' title='bbox 367 2581 508 2631; x_wconf 87' lang='lat' dir='ltr'>beate</span> <span class='ocrx_word' id='word_1_239' title='bbox 534 2583 684 2632; x_wconf 90' lang='lat' dir='ltr'>Marie</span> <span class='ocrx_word' id='word_1_240' title='bbox 714 2584 935 2648; x_wconf 90' lang='lat' dir='ltr'>predicta</span> <span class='ocrx_word' id='word_1_241' title='bbox 964 2585 1205 2650; x_wconf 87' lang='lat' dir='ltr'>sepultum</span> <span class='ocrx_word' id='word_1_242' title='bbox 1234 2586 1315 2634; x_wconf 90' lang='lat' dir='ltr'>ubi</span> <span class='ocrx_word' id='word_1_243' title='bbox 1344 2586 1452 2651; x_wconf 87' lang='lat' dir='ltr'>ejus</span> <span class='ocrx_word' id='word_1_244' title='bbox 1483 2583 1721 2633; x_wconf 90' lang='lat' dir='ltr'>memoria</span> <span class='ocrx_word' id='word_1_245' title='bbox 1746 2583 1952 2632; x_wconf 86' lang='lat' dir='ltr'>videtur.</span> 
     </span>
     <span class='ocr_line' id='line_1_29' title="bbox 163 2663 1952 2734; baseline 0.002 -22"><span class='ocrx_word' id='word_1_246' title='bbox 163 2663 361 2713; x_wconf 88' lang='lat' dir='ltr'>Missam</span> <span class='ocrx_word' id='word_1_247' title='bbox 393 2665 651 2714; x_wconf 87' lang='lat' dir='ltr'>celebravit</span> <span class='ocrx_word' id='word_1_248' title='bbox 687 2670 744 2715; x_wconf 91' lang='lat' dir='ltr'>R.</span> <span class='ocrx_word' id='word_1_249' title='bbox 776 2671 829 2716; x_wconf 90' lang='lat' dir='ltr'>P.</span> <span class='ocrx_word' id='word_1_250' title='bbox 868 2671 925 2717; x_wconf 89' lang='lat' dir='ltr'>D.</span> <span class='ocrx_word' id='word_1_251' title='bbox 962 2672 1132 2718; x_wconf 90' lang='lat' dir='ltr'>Petrus</span> <span class='ocrx_word' id='word_1_252' title='bbox 1171 2670 1346 2718; x_wconf 92' lang='lat' dir='ltr'>Paulus</span> <span class='ocrx_word' id='word_1_253' title='bbox 1382 2669 1638 2734; x_wconf 90' lang='lat' dir='ltr'>episcopus</span> <span class='ocrx_word' id='word_1_254' title='bbox 1674 2683 1712 2715; x_wconf 93' lang='lat' dir='ltr'><strong>s.</strong></span> <span class='ocrx_word' id='word_1_255' title='bbox 1745 2667 1952 2732; x_wconf 84' lang='lat' dir='ltr'>Agathe.</span> 
     </span>
     <span class='ocr_line' id='line_1_30' title="bbox 165 2747 1956 2814; baseline 0.002 -19"><span class='ocrx_word' id='word_1_256' title='bbox 165 2747 492 2797; x_wconf 81' lang='lat' dir='ltr'>Interfuerunt</span> <span class='ocrx_word' id='word_1_257' title='bbox 511 2750 810 2814; x_wconf 86' lang='lat' dir='ltr'>gubernator</span> <span class='ocrx_word' id='word_1_258' title='bbox 831 2752 989 2812; x_wconf 92' lang='lat' dir='ltr'>Urbis,</span> <span class='ocrx_word' id='word_1_259' title='bbox 1009 2753 1293 2813; x_wconf 88' lang='lat' dir='ltr'>Aleriensis,</span> <span class='ocrx_word' id='word_1_260' title='bbox 1318 2752 1658 2811; x_wconf 84' lang='lat' dir='ltr'>TornacensiS‚</span> <span class='ocrx_word' id='word_1_261' title='bbox 1682 2751 1956 2799; x_wconf 90' lang='lat' dir='ltr'>Melfitanus</span> 
     </span>
     <span class='ocr_line' id='line_1_31' title="bbox 167 2830 1957 2900; baseline 0.001 -20"><span class='ocrx_word' id='word_1_262' title='bbox 167 2834 216 2880; x_wconf 89' lang='lat' dir='ltr'>et</span> <span class='ocrx_word' id='word_1_263' title='bbox 241 2830 403 2895; x_wconf 90' lang='lat' dir='ltr'>plures</span> <span class='ocrx_word' id='word_1_264' title='bbox 430 2832 510 2880; x_wconf 89' lang='lat' dir='ltr'>alii</span> <span class='ocrx_word' id='word_1_265' title='bbox 538 2833 753 2898; x_wconf 87' lang='lat' dir='ltr'>episcopi</span> <span class='ocrx_word' id='word_1_266' title='bbox 781 2835 1004 2898; x_wconf 87' lang='lat' dir='ltr'>palatini,</span> <span class='ocrx_word' id='word_1_267' title='bbox 1037 2837 1318 2886; x_wconf 88' lang='lat' dir='ltr'>cubicularii</span> <span class='ocrx_word' id='word_1_268' title='bbox 1343 2842 1391 2887; x_wconf 89' lang='lat' dir='ltr'>et</span> <span class='ocrx_word' id='word_1_269' title='bbox 1419 2835 1633 2886; x_wconf 86' lang='lat' dir='ltr'>scutiferi</span> <span class='ocrx_word' id='word_1_270' title='bbox 1663 2838 1809 2900; x_wconf 86' lang='lat' dir='ltr'>Pape,</span> <span class='ocrx_word' id='word_1_271' title='bbox 1847 2851 1957 2883; x_wconf 87' lang='lat' dir='ltr'>can-</span> 
     </span>
     <span class='ocr_line' id='line_1_32' title="bbox 168 2915 1957 2984; baseline 0.002 -21"><span class='ocrx_word' id='word_1_272' title='bbox 168 2918 298 2963; x_wconf 88' lang='lat' dir='ltr'>tores</span> <span class='ocrx_word' id='word_1_273' title='bbox 331 2915 515 2980; x_wconf 91' lang='lat' dir='ltr'>capelle</span> <span class='ocrx_word' id='word_1_274' title='bbox 557 2921 721 2967; x_wconf 87' lang='lat' dir='ltr'>nostre</span> <span class='ocrx_word' id='word_1_275' title='bbox 759 2934 815 2966; x_wconf 90' lang='lat' dir='ltr'>ac</span> <span class='ocrx_word' id='word_1_276' title='bbox 855 2918 1045 2968; x_wconf 90' lang='lat' dir='ltr'>diaconi</span> <span class='ocrx_word' id='word_1_277' title='bbox 1083 2925 1129 2970; x_wconf 92' lang='lat' dir='ltr'>et</span> <span class='ocrx_word' id='word_1_278' title='bbox 1167 2922 1465 2971; x_wconf 87' lang='lat' dir='ltr'>subdiaconi.</span> <span class='ocrx_word' id='word_1_279' title='bbox 1515 2923 1802 2969; x_wconf 89' lang='lat' dir='ltr'>Sermonem</span> <span class='ocrx_word' id='word_1_280' title='bbox 1848 2923 1957 2984; x_wconf 88' lang='lat' dir='ltr'>post</span> 
     </span>
     <span class='ocr_line' id='line_1_33' title="bbox 165 2995 1956 3066; baseline 0.003 -19"><span class='ocrx_word' id='word_1_281' title='bbox 165 2999 366 3048; x_wconf 89' lang='lat' dir='ltr'>missam</span> <span class='ocrx_word' id='word_1_282' title='bbox 384 2999 497 3049; x_wconf 86' lang='lat' dir='ltr'>fecit</span> <span class='ocrx_word' id='word_1_283' title='bbox 515 3002 698 3065; x_wconf 90' lang='lat' dir='ltr'>Gaspar</span> <span class='ocrx_word' id='word_1_284' title='bbox 704 3039 826 3062; x_wconf 86' lang='lat'><strong>......</strong></span> <span class='ocrx_word' id='word_1_285' title='bbox 850 3019 946 3066; x_wconf 90' lang='lat' dir='ltr'>quo</span> <span class='ocrx_word' id='word_1_286' title='bbox 972 2995 1127 3064; x_wconf 86' lang='lat' dir='ltr'>finito,</span> <span class='ocrx_word' id='word_1_287' title='bbox 1159 3006 1413 3055; x_wconf 88' lang='lat' dir='ltr'>celebrans</span> <span class='ocrx_word' id='word_1_288' title='bbox 1444 3003 1646 3056; x_wconf 88' lang='lat' dir='ltr'>absolvit</span> <span class='ocrx_word' id='word_1_289' title='bbox 1668 3003 1797 3051; x_wconf 92' lang='lat' dir='ltr'>solus</span> <span class='ocrx_word' id='word_1_290' title='bbox 1819 3019 1956 3052; x_wconf 87' lang='lat' dir='ltr'>more</span> 
     </span>
     <span class='ocr_line' id='line_1_34' title="bbox 167 3080 1955 3153; baseline 0.004 -25"><span class='ocrx_word' id='word_1_291' title='bbox 167 3080 326 3130; x_wconf 90' lang='lat' dir='ltr'>solito.</span> <span class='ocrx_word' id='word_1_292' title='bbox 362 3083 518 3147; x_wconf 88' lang='lat' dir='ltr'>Supra</span> <span class='ocrx_word' id='word_1_293' title='bbox 543 3083 840 3148; x_wconf 87' lang='lat' dir='ltr'>sepulturam</span> <span class='ocrx_word' id='word_1_294' title='bbox 867 3085 1024 3150; x_wconf 87' lang='lat' dir='ltr'>posita</span> <span class='ocrx_word' id='word_1_295' title='bbox 1055 3086 1143 3135; x_wconf 86' lang='lat' dir='ltr'>fuit</span> <span class='ocrx_word' id='word_1_296' title='bbox 1174 3103 1320 3152; x_wconf 89' lang='lat' dir='ltr'>capsa</span> <span class='ocrx_word' id='word_1_297' title='bbox 1347 3105 1522 3153; x_wconf 85' lang='lat' dir='ltr'>magna</span> <span class='ocrx_word' id='word_1_298' title='bbox 1551 3090 1646 3138; x_wconf 89' lang='lat' dir='ltr'>alta</span> <span class='ocrx_word' id='word_1_299' title='bbox 1680 3105 1790 3139; x_wconf 91' lang='lat' dir='ltr'>cum</span> <span class='ocrx_word' id='word_1_300' title='bbox 1811 3087 1955 3152; x_wconf 89' lang='lat' dir='ltr'>pallio</span> 
     </span>
     <span class='ocr_line' id='line_1_35' title="bbox 163 3161 1956 3229; baseline 0.003 -16"><span class='ocrx_word' id='word_1_301' title='bbox 163 3164 420 3214; x_wconf 89' lang='lat' dir='ltr'>cardinalis</span> <span class='ocrx_word' id='word_1_302' title='bbox 464 3168 870 3229; x_wconf 75' lang='lat' dir='ltr'>constantiensiS,</span> <span class='ocrx_word' id='word_1_303' title='bbox 916 3174 964 3218; x_wconf 83' lang='lat' dir='ltr'>et</span> <span class='ocrx_word' id='word_1_304' title='bbox 992 3171 1106 3220; x_wconf 89' lang='lat' dir='ltr'>hinc</span> <span class='ocrx_word' id='word_1_305' title='bbox 1148 3171 1258 3220; x_wconf 87' lang='lat' dir='ltr'>inde</span> <span class='ocrx_word' id='word_1_306' title='bbox 1298 3161 1515 3221; x_wconf 87' lang='lat' dir='ltr'>cavelleti</span> <span class='ocrx_word' id='word_1_307' title='bbox 1555 3190 1667 3221; x_wconf 92' lang='lat' dir='ltr'>cum</span> <span class='ocrx_word' id='word_1_308' title='bbox 1702 3172 1956 3221; x_wconf 88' lang='lat' dir='ltr'>intorticiis</span> 
     </span>
     <span class='ocr_line' id='line_1_36' title="bbox 165 3248 1956 3320; baseline 0.004 -25"><span class='ocrx_word' id='word_1_309' title='bbox 165 3248 550 3311; x_wconf 89' lang='lat' dir='ltr'>quatuordecim.</span> <span class='ocrx_word' id='word_1_310' title='bbox 588 3252 628 3298; x_wconf 92' lang='lat' dir='ltr'><strong>A</strong></span> <span class='ocrx_word' id='word_1_311' title='bbox 661 3252 819 3317; x_wconf 90' lang='lat' dir='ltr'>capite</span> <span class='ocrx_word' id='word_1_312' title='bbox 846 3253 906 3301; x_wconf 89' lang='lat' dir='ltr'>ad</span> <span class='ocrx_word' id='word_1_313' title='bbox 939 3255 1088 3319; x_wconf 89' lang='lat' dir='ltr'>pedes</span> <span class='ocrx_word' id='word_1_314' title='bbox 1133 3256 1318 3304; x_wconf 91' lang='lat' dir='ltr'>nullum</span> <span class='ocrx_word' id='word_1_315' title='bbox 1356 3256 1566 3320; x_wconf 89' lang='lat' dir='ltr'>positum</span> <span class='ocrx_word' id='word_1_316' title='bbox 1599 3257 1686 3305; x_wconf 91' lang='lat' dir='ltr'>suit</span> <span class='ocrx_word' id='word_1_317' title='bbox 1720 3256 1830 3320; x_wconf 91' lang='lat' dir='ltr'>quia</span> <span class='ocrx_word' id='word_1_318' title='bbox 1859 3271 1956 3304; x_wconf 90' lang='lat' dir='ltr'>non</span> 
     </span>
     <span class='ocr_line' id='line_1_37' title="bbox 165 3325 1996 3405; baseline 0.003 -25"><span class='ocrx_word' id='word_1_319' title='bbox 165 3338 301 3380; x_wconf 86' lang='lat' dir='ltr'>erant</span> <span class='ocrx_word' id='word_1_320' title='bbox 332 3334 622 3384; x_wconf 89' lang='lat' dir='ltr'>candelabra</span> <span class='ocrx_word' id='word_1_321' title='bbox 662 3353 822 3401; x_wconf 89' lang='lat' dir='ltr'>neque</span> <span class='ocrx_word' id='word_1_322' title='bbox 860 3338 998 3387; x_wconf 89' lang='lat' dir='ltr'>locus</span> <span class='ocrx_word' id='word_1_323' title='bbox 1039 3338 1303 3387; x_wconf 88' lang='lat' dir='ltr'>ordinatus.</span> <span class='ocrx_word' id='word_1_324' title='bbox 1343 3340 1554 3387; x_wconf 84' lang='lat' dir='ltr'>Fuerunt</span> <span class='ocrx_word' id='word_1_325' title='bbox 1594 3325 1837 3388; x_wconf 82' lang='lat' dir='ltr'>intorticia</span> <span class='ocrx_word' id='word_1_326' title='bbox 1867 3355 1956 3386; x_wconf 92' lang='lat' dir='ltr'>no-</span> <span class='ocrx_word' id='word_1_327' title='bbox 1985 3398 1996 3405; x_wconf 69' lang='lat'><strong>.</strong></span> 
     </span>
     <span class='ocr_line' id='line_1_38' title="bbox 162 3416 1955 3484; baseline 0.003 -20"><span class='ocrx_word' id='word_1_328' title='bbox 162 3416 431 3466; x_wconf 87' lang='lat' dir='ltr'>vemdecim</span> <span class='ocrx_word' id='word_1_329' title='bbox 461 3434 548 3483; x_wconf 89' lang='lat' dir='ltr'>pro</span> <span class='ocrx_word' id='word_1_330' title='bbox 576 3419 838 3484; x_wconf 90' lang='lat' dir='ltr'>sepultura,</span> <span class='ocrx_word' id='word_1_331' title='bbox 870 3421 1005 3470; x_wconf 89' lang='lat' dir='ltr'>altari</span> <span class='ocrx_word' id='word_1_332' title='bbox 1043 3426 1090 3471; x_wconf 89' lang='lat' dir='ltr'>et</span> <span class='ocrx_word' id='word_1_333' title='bbox 1124 3421 1419 3481; x_wconf 84' lang='lat' dir='ltr'>celebrante,</span> <span class='ocrx_word' id='word_1_334' title='bbox 1467 3422 1625 3471; x_wconf 87' lang='lat' dir='ltr'>facule</span> <span class='ocrx_word' id='word_1_335' title='bbox 1659 3422 1796 3470; x_wconf 87' lang='lat' dir='ltr'>unius</span> <span class='ocrx_word' id='word_1_336' title='bbox 1833 3421 1955 3470; x_wconf 90' lang='lat' dir='ltr'>libre</span> 
     </span>
    </p>
   </div>
  </div>
 </body>
</html>
