2262 3958
161 322 370 367 [Aont1484]
607 319 777 358 RERUM
807 318 1113 357 URBANARUM
1146 317 1497 358 COMMENTARII.
1900 324 1946 360 41

156 432 354 488 nerent,
396 443 514 492 quas
550 427 600 475 in
647 443 743 475 uno
784 426 907 475 libro
948 428 1136 474 secreto
1182 424 1307 490 apud
1350 424 1662 473 secretarium
1703 425 1949 491 registrari

157 513 451 580 permittam.
1448 522 1451 525 ·

225 601 364 660 Item,
405 584 515 648 cum
548 615 577 647 a
613 597 856 647 nonnullis
890 599 1132 646 asseratur
1161 598 1395 659 quosdam
1427 614 1465 645 s.
1503 614 1542 645 r.
1568 600 1622 645 E.
1661 595 1948 656 cardinales,

159 683 385 732 timentes
413 700 474 732 ne
508 699 737 732 romanus
770 680 987 746 pontifex
1024 697 1107 728 eos
1143 682 1230 729 sub
1264 682 1426 730 colore
1461 682 1662 746 alicujus
1696 681 1950 745 legationis

160 768 419 833 compellat
444 783 472 816 a
498 783 698 815 romana
729 766 864 814 curia
896 765 1146 824 secedere,
1182 781 1546 828 nonnumquam
1581 766 1869 814 abstinuisse
1905 770 1950 814 et

162 851 404 900 abstinere
431 868 460 900 a
482 852 633 899 libere
660 849 976 899 consultando
1003 848 1052 896 in
1080 848 1367 896 consistorio
1397 865 1454 897 oa
1484 866 1575 912 que
1611 849 1680 897 eis
1710 849 1948 907 videntur,

161 935 445 998 intersitque
489 949 688 982 romane
729 933 936 982 ecclesie
987 936 1034 980 et
1081 933 1345 999 apostolice
1396 933 1523 980 sedis
1571 934 1699 996 quod
1738 934 1952 998 ipsorum

161 1018 477 1072 cardinalium
517 1018 704 1067 animus
737 1018 798 1066 sit
836 1018 885 1065 in
927 1017 1225 1066 consulendo
1265 1017 1390 1066 liber
1425 1022 1473 1065 et
1517 1021 1676 1065 cesset
1712 1018 1760 1064 in
1799 1019 1956 1065 consi-

157 1105 333 1154 liorum
352 1103 635 1152 eorumdem
658 1102 953 1153 exhibitione
976 1102 1132 1152 omnis
1154 1102 1360 1150 formido
1389 1101 1643 1165 omnisque
1666 1101 1827 1162 timor,
1852 1104 1954 1167 pari

158 1189 305 1239 modo
339 1203 504 1250 voveo,
539 1188 650 1253 juro
685 1193 734 1237 et
767 1187 1000 1251 promitto
1036 1203 1135 1236 non
1175 1187 1369 1236 mittere
1411 1186 1623 1251 aliquem
1657 1187 1951 1238 cardinalem

157 1273 360 1323 invitum
391 1273 442 1321 in
479 1273 691 1337 aliquam
724 1272 1046 1338 legationem,
1080 1272 1172 1320 nisi
1205 1272 1474 1322 necessitas
1510 1272 1732 1322 mittendi
1762 1281 1878 1322 vera
1906 1279 1955 1322 et

158 1373 257 1407 non
289 1357 428 1418 ficta,
464 1357 550 1406 sed
574 1357 826 1405 dumtaxat
855 1356 1071 1407 volentes
1099 1361 1148 1406 et
1181 1373 1410 1423 expresse
1440 1357 1827 1419 consentienteS,
1862 1373 1953 1407 nec

159 1457 244 1492 eos
260 1441 492 1491 indirecte
514 1441 576 1490 ad
594 1441 850 1490 volendum
872 1446 920 1490 et
935 1442 1338 1491 consentiendum
1358 1457 1447 1507 per
1466 1442 1627 1506 aliqua
1643 1442 1771 1491 mala
1791 1442 1952 1491 media

160 1541 356 1590 quoquo
373 1525 520 1574 modo
540 1525 771 1574 inducere
784 1561 795 1572 .

226 1613 284 1660 Et
308 1611 508 1676 insuper
529 1611 727 1677 puritati
751 1610 1162 1660 conscientiarum
1187 1610 1474 1659 eorumdem
1491 1611 1811 1660 cardinalium
1835 1627 1954 1660 con—

161 1695 321 1745 sulere
346 1695 569 1745 volentes
592 1699 738 1760 prout
767 1699 994 1759 oportere
1019 1694 1255 1756 videatur,
1291 1710 1375 1744 eos
1411 1700 1460 1745 et
1489 1696 1757 1761 quemlibet
1783 1712 1954 1745 eorum

160 1795 191 1829 a
223 1778 469 1844 quibusvis
509 1779 816 1840 criminibus,
863 1779 1142 1828 excessibus
1186 1784 1234 1829 et
1274 1780 1461 1829 delictis
1501 1785 1954 1845 quantumcumque

161 1861 443 1911 enormibus
464 1867 513 1911 et
532 1862 775 1926 gravibuS,
800 1878 888 1926 per
915 1879 999 1912 eos
1026 1864 1265 1913 hactenus
1295 1865 1663 1929 quomodolibet
1680 1865 1954 1914 commissis

160 1951 210 1996 et
243 1947 549 2012 perpetratiS,
589 1946 962 2013 qualiacumque
996 1948 1108 2009 sint,
1150 1949 1296 1998 etiam
1334 1949 1373 1997 si
1411 1949 1527 1998 talia
1565 1950 1742 2011 forent,
1778 1966 1872 2014 que
1905 1950 1957 1998 in

162 2031 377 2096 generali
398 2031 712 2096 expressione
732 2032 1016 2097 hujusmodi
1040 2048 1139 2082 non
1165 2033 1702 2097 comprehenderentur
1723 2039 1769 2083 et
1794 2034 1957 2098 requi-

163 2120 327 2167 rerent
373 2116 555 2165 nudam
601 2121 648 2166 et
693 2117 973 2182 specificam
1015 2117 1393 2176 confessionem,
1444 2123 1493 2167 et
1539 2119 1600 2167 ad
1639 2118 1956 2167 obtinendum

163 2215 333 2250 eorum
365 2200 723 2250 ahsolutionem
770 2217 830 2250 ex
870 2201 1036 2265 quavis
1083 2202 1385 2250 ordinatione
1424 2185 1721 2250 individuam
1765 2217 1958 2266 expres-

164 2284 354 2334 sionem
369 2283 660 2348 indigerent,
692 2289 919 2349 essetque
945 2301 1114 2334 eorum
1141 2285 1381 2334 absolutio
1408 2285 1683 2350 specialiter
1707 2302 1734 2334 a
1754 2301 1957 2334 romano

162 2368 392 2435 pontifice
410 2372 653 2418 reservata
673 2385 731 2418 ex
751 2370 916 2433 quavis
934 2385 1083 2418 causa
1098 2370 1375 2419 necessario
1395 2370 1726 2435 exprimenda,
1748 2386 1839 2419 nec
1860 2386 1958 2419 non

163 2469 194 2504 a
224 2453 614 2519 quibuscumque
657 2455 1198 2516 excommunicationiS,
1236 2456 1568 2520 suspensionis
1607 2460 1656 2505 et
1687 2456 1955 2517 interdicti,

163 2539 369 2604 aliisque
401 2537 744 2589 ecclesiasticis
778 2540 1055 2601 sententiiS,
1091 2540 1310 2589 censuris
1346 2545 1395 2590 et
1428 2541 1566 2606 penis
1599 2557 1628 2589 a
1658 2542 1768 2605 jure
1795 2541 1869 2589 vel
1900 2540 1959 2589 ab

163 2622 365 2672 homine
388 2624 554 2688 quavis
585 2624 843 2674 occasione
869 2625 949 2673 vel
976 2640 1124 2674 causa
1148 2624 1258 2673 latis
1293 2629 1341 2674 et
1371 2625 1588 2686 inflictis,
1624 2641 1711 2674 seu
1740 2625 1959 2688 promul-

164 2707 305 2773 gatis,
336 2707 483 2758 etiam
510 2708 705 2770 talibus,
734 2725 940 2773 quarum
968 2709 1209 2758 absolutio
1234 2713 1479 2759 reservata
1505 2710 1786 2775 simpliciter
1814 2709 1955 2769 foret,

165 2794 218 2838 ut
261 2791 522 2856 prefertur,
561 2793 828 2858 apostolica
875 2794 1186 2854 authoritate,
1235 2794 1451 2860 plenarie
1496 2795 1546 2843 in
1595 2800 1800 2859 utroque
1853 2794 1959 2842 foro

166 2874 363 2924 absolvo
381 2880 430 2925 et
455 2877 667 2926 totaliter
684 2877 863 2938 libero;
898 2894 954 2927 ac
980 2894 1127 2943 super
1154 2895 1464 2944 quacumque
1491 2879 1848 2943 irregularitate
1874 2894 1961 2942 per

167 2974 253 3009 eos
297 2964 382 3009 aut
431 2960 698 3025 quemlibet
747 2977 918 3010 eorum
967 2962 1334 3026 quomodolibet
1385 2967 1635 3013 contracta
1682 2961 1962 3026 simpliciter

168 3046 219 3094 in
239 3050 446 3109 utroque
472 3045 576 3095 soro
606 3045 769 3109 quoad
795 3060 964 3095 omnes
995 3046 1209 3107 ordineS,
1246 3051 1293 3096 et
1321 3047 1514 3096 illorum
1542 3047 1687 3096 etiam
1720 3046 1768 3094 in
1800 3044 1960 3094 altaris

171 3129 437 3180 ministerio
456 3131 516 3180 ad
533 3130 824 3196 pontificalis
845 3130 994 3180 officii
1013 3131 1371 3191 executionem,
1393 3148 1482 3181 nec
1498 3148 1596 3181 non
1614 3129 1959 3195 presidendum

172 3213 409 3275 ecclesiiS,
439 3215 746 3265 monasteriis
768 3220 817 3264 et
843 3215 948 3264 aliis
976 3215 1097 3265 locis
1129 3216 1489 3276 ecclesiasticiS,
1520 3215 1696 3277 illaque
1723 3217 1771 3262 et
1795 3214 1960 3277 quevis

171 3297 410 3347 beneficia
432 3299 764 3349 ecclesiastica
794 3315 850 3349 ac
878 3315 1214 3364 quoscumque
1248 3302 1382 3348 actus
1413 3296 1741 3346 exercendum
1777 3296 1960 3361 plenis-

173 3382 294 3432 sime
318 3382 546 3446 dispenso
571 3383 841 3449 aboleoque
873 3388 919 3434 et
949 3385 1090 3434 deleo
1118 3382 1314 3432 omnem
1341 3382 1656 3431 inhabilitatis
1688 3386 1736 3432 et
1761 3382 1959 3431 infamie

172 3467 414 3515 maculam
447 3482 506 3516 ex
538 3469 786 3531 premissis
813 3469 1196 3533 provenientem,
1233 3483 1329 3531 qua
1356 3466 1721 3531 quomodolibet
1751 3466 1959 3531 respersi
