2262 3958
363 303 407 336 1ss
966 297 1200 334 ιΙΟΗΑΝΝΙΞ
1233 296 1528 343 BURCHARDI,
1909 301 2013 342 [Aoat
2033 303 2132 345 1484]

374 402 573 449 missam
597 381 797 449 absolvit
824 400 924 463 ipse
953 415 1063 446 cum
1088 402 1295 461 quatuor
1317 397 1420 444 aliis
1450 414 1508 445 ex
1532 377 1945 448 reverendissimis
1979 403 2135 451 cardi-

369 483 553 530 nalibus
576 482 654 547 (1).

431 566 571 614 Feria
593 565 821 624 secunda,
846 568 905 612 23
938 563 1145 627 augusti,
1170 563 1217 610 in
1246 562 1418 610 eodem
1446 562 1582 609 altari
1608 566 1770 612 Rmus.
1793 569 1849 614 D.
1881 570 2134 619 cardinalis

363 650 682 697 Amalfitanus
703 647 961 696 celebravit
978 647 1176 694 missam
1201 645 1441 709 publicam
1461 660 1547 708 pro
1573 646 1733 695 anima
1753 649 1972 712 ejusdem
1994 653 2130 714 sixti,

366 737 413 781 et
440 736 546 795 post
571 732 769 778 missam
804 730 1001 778 absolvit
1027 730 1128 793 ipse
1151 745 1261 776 cum
1289 732 1496 791 quatuor
1514 728 1607 775 illis
1635 745 1694 777 ex
1722 734 2132 783 reverendissimis

366 815 572 863 dominis
591 814 886 879 presbyteris
908 812 1246 861 cardinalibus.

430 899 609 946 Eadem
647 898 742 957 die,
774 898 968 960 incepta
1000 897 1087 943 suit
1124 899 1363 943 structura
1399 896 1643 944 conclavis
1678 898 1737 944 ad
1779 898 2130 949 ordinationem

366 986 656 1030 RRmorum.
688 983 788 1029 DD.
821 980 1074 1028 camerarii
1102 983 1148 1027 et
1176 979 1328 1026 sancti
1356 979 1505 1026 Marci
1533 980 1846 1028 cardinalium
1872 981 1920 1028 in
1948 983 2132 1046 capella

363 1066 564 1129 majore,
599 1068 740 1127 prout
764 1064 886 1111 infra
912 1063 1052 1110 latius
1081 1062 1290 1120 dicetur3
1323 1061 1403 1125 qui
1437 1061 1531 1110 duo
1567 1063 1850 1123 cardinales,
1871 1081 1959 1128 per
1984 1065 2131 1115 colle-

365 1148 496 1211 gium
524 1147 583 1195 ad
607 1148 700 1195 hoc
729 1146 950 1203 ordinati,
976 1146 1282 1209 prefecerunt
1306 1148 1545 1194 structure
1571 1145 1850 1209 hujusmodi
1871 1148 2131 1197 Falconem

300 1215 312 1226 ’
366 1231 424 1278 de
452 1230 708 1278 Sinibaldis
731 1229 857 1278 sedis
882 1229 1144 1293 apostolice
1164 1228 1567 1292 protonotarium,
1590 1229 2068 1292 vicethesaurarium,
2086 1236 2132 1281 et

362 1312 613 1361 dominum
645 1313 939 1360 Ludovicum
971 1312 1029 1360 de
1063 1311 1277 1375 Agnellis
1313 1311 1459 1359 etiam
1493 1313 1712 1376 ejusdem
1746 1314 1872 1362 sedis
1902 1319 2131 1379 protono-

360 1396 534 1445 tarium
556 1400 603 1444 et
624 1412 815 1444 camere
837 1395 1099 1459 apostolice
1118 1394 1362 1454 clericum,
1385 1395 1425 1442 si
1447 1395 1571 1444 bene
1593 1396 1812 1445 memini.

426 1483 483 1528 Et
526 1480 755 1542 quoniam
802 1484 1011 1527 castrum
1056 1478 1207 1538 sancti
1243 1478 1415 1542 Angeli
1459 1478 1616 1527 adhuc
1660 1484 1761 1527 erat
1807 1481 1855 1528 in
1909 1482 2129 1530 manibus

361 1563 549 1612 comitis
569 1552 867 1627 Hieronymi,
889 1561 1077 1625 nepotis
1096 1561 1175 1609 fel.
1201 1577 1299 1612 rec.
1326 1561 1445 1609 Sixti
1466 1577 1590 1625 pape
1612 1563 1787 1625 quarti,
1809 1564 1890 1626 qui
1915 1565 2129 1629 superio-

360 1647 492 1695 ribus
514 1645 683 1694 diebus
714 1645 893 1694 bellum
921 1645 1322 1693 Columnensibus
1344 1644 1597 1704 indixerat,
1618 1646 1880 1695 noluerunt
1907 1662 2128 1697 reveren-

359 1730 543 1778 dissimi
563 1728 744 1776 domini
769 1729 827 1777 de
850 1728 1069 1788 SabelliS,
1100 1728 1159 1776 de
1183 1728 1415 1776 Columna
1438 1732 1486 1777 et
1513 1729 1664 1777 sancti
1689 1730 1816 1777 Petri
1835 1730 1895 1778 ad
1920 1731 2126 1780 Vincula

359 1812 645 1870 cardinales,
679 1816 727 1859 et
753 1811 833 1874 qui
865 1827 1033 1859 eorum
1065 1815 1252 1874 partem
1285 1810 1526 1870 fovebant,
1557 1812 1617 1858 ad
1643 1812 1815 1860 missas
1849 1812 2124 1876 exequiales

358 1895 597 1959 predictas
626 1895 807 1953 venire,
835 1898 1107 1942 asserentes
1129 1893 1217 1941 sibi
1245 1897 1398 1942 tutum
1422 1909 1519 1958 non
1546 1897 1711 1957 patere
1742 1910 2009 1956 accessum,
2033 1896 2125 1944 nisi

358 1982 565 2026 castrum
594 1977 863 2042 predictum
892 1977 1096 2039 collegio
1125 1976 1438 2025 cardinalium
1471 1977 1823 2040 assignaretur;
1856 1978 1986 2042 quod
2018 1983 2125 2028 tan-

356 2061 466 2110 dem
492 2061 580 2108 suit
606 2060 809 2123 collegio
838 2059 1150 2123 assignatum,
1174 2059 1223 2106 in
1255 2076 1348 2122 quo
1373 2060 1534 2123 posuit
1557 2061 1870 2109 castellanum
1898 2077 2124 2111 reveren—

356 2144 606 2191 dissimum
648 2143 695 2189 in
736 2142 925 2190 Christo
962 2146 1150 2205 patrem
1183 2142 1431 2189 dominum
1470 2144 1750 2207 episcopum
1786 2145 2120 2194 Tudertinum.

354 2230 605 2277 Venerunt
631 2225 804 2273 deinde
832 2225 1005 2288 prefati
1034 2225 1199 2273 RRmi.
1231 2225 1497 2274 cardinales
1530 2227 1591 2274 ad
1618 2227 1788 2275 missas
1824 2228 2119 2291 exequiales,

354 2310 622 2373 equitantes
645 2313 741 2356 tam
759 2308 997 2357 veniendo
1019 2309 1077 2356 ad
1093 2308 1265 2356 missas
1277 2308 1572 2372 hujusmodi,
1592 2326 1737 2372 quam
1755 2311 2022 2371 redeundo,
2036 2327 2125 2376 per

350 2393 472 2440 viam
495 2391 901 2439 transtiberinam.

417 2476 500 2523 His
529 2475 717 2529 diebus,
742 2476 906 2521 Rmus.
938 2473 986 2520 in
1011 2472 1201 2520 Christo
1231 2476 1368 2535 pater
1393 2476 1440 2521 et
1467 2473 1689 2521 dominus
1716 2470 1948 2524 Ascanius
1972 2478 2122 2527 Maria

353 2558 504 2606 sancti
533 2557 631 2608 Viti
670 2561 716 2604 et
743 2555 947 2604 Modesti
979 2559 1244 2619 martyrum
1276 2555 1326 2601 in
1357 2555 1578 2613 Macello,
1609 2555 1841 2604 diaconus
1867 2559 2120 2609 cardinalis

352 2642 528 2689 Sfortia
556 2641 826 2688 vicecomes
860 2654 918 2686 ex
952 2637 1223 2686 Mediolano
1259 2638 1389 2686 venit
1424 2641 1624 2686 Romam
1666 2638 1795 2687 solus
1833 2656 1944 2689 cum
1976 2643 2119 2692 unico

352 2723 592 2782 familiari,
634 2722 766 2770 brevi
804 2721 969 2769 habitu
1010 2721 1221 2779 indutuS,
1261 2721 1381 2774 adeo
1418 2721 1548 2783 quod
1585 2721 1744 2783 potius
1781 2723 1930 2772 laicus
1973 2741 2116 2788 quam

352 2807 554 2856 clericus
573 2806 829 2854 videretur.
857 2807 1008 2853 Nemo
1031 2803 1117 2851 sibi
1140 2795 1337 2851 >obviam
1358 2804 1508 2862 venit,
1537 2820 1596 2852 ex
1617 2805 1890 2855 Mediolano
1916 2812 2134 2872 quatuor*

353 2890 540 2948 diebus,
565 2888 639 2937 vel
660 2888 804 2946 circa,
827 2886 960 2934 venit
981 2889 1198 2933 Romam.

420 2971 754 3036 Superioribus
774 2969 960 3027 diebus,
983 2968 1202 3016 videlicet
1222 2968 1464 3017 dominica
1482 2972 1541 3018 30
1562 2971 1742 3018 mensis
1762 2972 1877 3019 maii
1897 2972 2115 3035 proxime

354 3054 588 3119 preteriti,
619 3053 746 3101 circa
771 3053 1081 3110 horam‘xxn,
1106 3051 1329 3099 dominus
1351 3052 1670 3116 Hieronymus
1689 3053 1748 3101 de
1768 3053 1927 3101 Riario
1949 3069 2114 3102 comes

351 3145 398 3188 et
445 3139 722 3203 capitaneus
769 3135 1003 3200 generalis
1049 3151 1087 3182 S.
1138 3149 1338 3183 romane
1386 3132 1618 3190 Ecclesie,
1667 3148 1721 3180 ac
1768 3133 1966 3194 Gentilis
2010 3134 2115 3184 Vir-

355 3223 511 3285 ginius
554 3222 613 3270 de
652 3220 855 3279 Ursinis,
891 3235 1001 3267 cum
1041 3218 1139 3266 suis
1182 3217 1405 3281 gentibus
1446 3230 1650 3262 numero
1692 3218 1817 3263 3000
1854 3216 1929 3264 vel
1967 3217 2109 3277 circa,

395 3345 433 3381 1.
453 3344 551 3391 Voy.
574 3347 676 3380 outre
698 3343 882 3379 Insessura
902 3344 937 3377 et
962 3341 994 3377 le
1014 3341 1153 3375 Dim-io
1173 3341 1216 3374 di
1236 3337 1355 3375 Roma
1381 3339 1444 3374 del
1469 3339 1562 3374 Not.
1586 3339 1649 3373 del
1667 3339 1849 3384 Nantip.,
1871 3338 1922 3376 les
1942 3346 2000 3375 n⁰⁵
2021 3340 2055 3383 8,
2076 3338 2113 3383 9,

350 3404 408 3448 10,
432 3403 490 3447 11,
513 3403 633 3448 12,13
651 3403 694 3437 de
708 3400 957 3450 l’Appendice.
