2262 3958
154 306 260 351 [Anat
282 306 372 350 1484]
594 305 765 344 RERUM
799 305 1106 345 URBANARUM
1140 307 1492 345 COMMENTARH.
1899 310 1944 345 87

150 409 383 471 restituit;
417 410 593 475 quibus
623 410 850 476 receptis,
880 410 1010 460 idem
1039 411 1172 474 prior
1212 413 1340 477 Pape
1378 410 1538 460 adhuc
1567 409 1756 458 sedenti
1790 409 1938 474 cingit

152 511 299 559 supra
329 494 576 559 planetam
608 510 779 544 zonam
816 495 875 544 de
910 495 1065 544 serico
1100 495 1251 544 rubeo
1281 511 1393 544 cum
1426 496 1572 542 bursa
1604 509 1848 558 purpurea
1880 493 1945 540 illi

150 578 459 645 appendente
483 579 532 627 in
560 596 655 645 qua
683 582 794 629 sunt
820 578 1079 628 duodecim
1108 579 1294 643 lapides
1335 578 1534 643 pretiosi
1568 593 1680 626 cum
1714 577 1879 642 sigillis
1902 581 1949 626 et

150 677 340 712 muscO.

131 748 133 750 ’
222 751 293 797 De
310 748 472 813 judeis
494 764 505 798 :
1389 805 1393 809 .

218 835 364 898 Papa,
391 849 479 898 per
504 836 721 882 montem
747 833 1009 897 jordanum
1036 834 1319 880 transeunte
1348 832 1408 879 ad
1435 848 1476 880 S.
1505 832 1778 880 Johannem
1810 833 1949 879 Late-

154 933 431 978 ranensem,
453 920 714 966 occurrunt
733 917 776 965 ei
796 916 931 982 judei
958 916 1007 964 in
1035 916 1196 980 platea
1222 916 1402 964 montis
1420 916 1633 981 jordani,
1659 920 1706 964 et
1723 916 1766 964 ei
1783 916 1944 980 legem

149 999 415 1051 mosaicam
449 1000 675 1061 offerunt,
713 1006 938 1065 petentes
959 1001 1091 1049 illam
1125 999 1403 1049 confirmari
1444 1004 1490 1048 et
1511 999 1786 1064 approbari.
1816 1002 1946 1063 Papa

146 1089 309 1134 tamen
342 1100 430 1150 pro
465 1085 560 1134 hoc
598 1085 702 1134 vice
736 1085 977 1135 concessit
1017 1085 1134 1150 ipsis
1165 1085 1326 1150 judeis
1361 1084 1609 1133 licentiam
1642 1083 1774 1148 quod
1803 1098 1948 1147 super

149 1185 290 1218 muro
326 1169 545 1219 inferiori
583 1170 727 1218 castri
768 1187 808 1218 S.
849 1170 1020 1235 Angeli
1056 1170 1183 1218 inter
1221 1169 1432 1218 merulas
1467 1168 1630 1231 legem
1664 1167 1947 1232 hujusmodi

147 1254 370 1314 offerant,
391 1270 452 1303 ne
472 1271 499 1303 a
518 1255 751 1314 romaniS‚
783 1259 837 1303 ut
857 1255 975 1303 alias
997 1257 1158 1304 actum
1181 1258 1273 1314 est,
1308 1252 1662 1318 opprimantur,
1687 1255 1770 1301 aut
1790 1251 1949 1315 alique

146 1336 324 1402 injurie
345 1337 462 1402 ipsis
483 1338 770 1387 inferantur.

216 1423 287 1470 De
305 1422 730 1472 conservatoribus
753 1439 946 1473 camere
969 1423 1108 1473 Urbis
1134 1441 1143 1470 :

216 1508 592 1556 Conservatores
623 1513 817 1556 'camere
846 1507 986 1556 Urbis
1015 1507 1195 1555 ducant
1217 1506 1314 1555 sive
1334 1506 1587 1554 adextrent
1608 1520 1788 1569 equum
1817 1507 1946 1569 Pape

150 1606 238 1656 per
259 1591 451 1640 frenum
478 1607 506 1639 a
531 1591 691 1655 platea
712 1608 750 1639 s.
778 1592 904 1641 Petri
927 1592 988 1641 ad
1009 1595 1318 1640 Lateranum.

216 1678 460 1740 Deputent
499 1680 696 1725 centum
729 1680 778 1724 et
810 1681 1020 1740 quatuor
1076 1676 1203 1724 cives
1242 1690 1330 1739 pro
1373 1673 1691 1723 baldacchino
1728 1673 1947 1738 corporis

149 1760 324 1810 Christi
344 1775 431 1824 pro
444 1759 680 1808 tredecim
701 1761 848 1809 mutis
871 1765 918 1808 et
936 1761 1132 1810 cuilibet
1154 1775 1292 1808 suam
1309 1760 1616 1823 consignent,
1637 1764 1684 1808 et
1703 1763 1813 1806 sunt
1837 1763 1946 1807 octo

145 1854 235 1906 pro
261 1838 478 1906 qualibet
514 1838 635 1888 vice.
678 1843 799 1890 Item
834 1843 1035 1892 totidem
1073 1845 1194 1893 alios
1227 1860 1316 1908 pro
1365 1843 1659 1892 baldachino
1698 1845 1828 1907 Pape
1861 1858 1947 1906 pro

145 1924 380 1976 tredecim
408 1927 556 1976 mutis
581 1946 591 1977 ε
617 1927 806 1976 avisent
827 1927 1062 1977 officiales
1084 1929 1247 1994 palatii
1269 1928 1631 1988 Lateranensis,
1657 1932 1726 1988 ut,
1750 1930 1880 1991 Papa
1899 1927 1948 1974 in

149 2010 364 2059 secunda
379 2011 495 2061 sede
510 2013 787 2078 porphyrea
805 2012 1023 2073 sedente,
1042 2028 1214 2062 omnes
1231 2014 1423 2063 veniant
1450 2013 1511 2061 ad
1536 2013 1686 2077 pedes
1708 2012 1948 2061 osculum.

210 2097 344 2145 Mute
378 2111 552 2145 omnes
585 2113 674 2161 per
700 2113 780 2146 me
817 2097 1035 2146 ordinate
1078 2092 1277 2146 fuerunt
1309 2099 1358 2146 in
1390 2098 1466 2145 his
1499 2098 1640 2154 lociS,
1682 2097 1939 2145 videlicet:

211 2177 355 2243 primi
375 2184 628 2244 portarent
661 2196 690 2228 a
713 2180 875 2243 platea
895 2197 934 2228 s.
962 2181 1089 2228 Petri
1112 2196 1266 2244 usque
1285 2186 1399 2229 ante
1421 2181 1621 2228 domum
1648 2178 1940 2238 Aleriensis3

209 2263 427 2325 secundi,
453 2265 514 2314 ab
534 2265 646 2314 inde
668 2281 823 2328 usque
845 2265 907 2313 ad
924 2265 1157 2328 angulum
1180 2265 1324 2313 castri
1346 2281 1386 2311 s.
1404 2263 1575 2327 Angeli
1591 2262 1711 2311 citra
1731 2266 1939 2327 portam,

211 2347 356 2408 tertii,
381 2348 441 2396 ab
458 2348 570 2397 inde
596 2364 750 2412 usque
772 2349 833 2397 ad
852 2349 1064 2413 plateam
1086 2350 1264 2398 montis
1277 2347 1491 2413 ‚jordani,
1923 2347 1925 2349 ’

211 2432 386 2498 quarti,
413 2433 473 2482 ab
494 2433 607 2483 inde
629 2449 782 2498 usque
805 2434 864 2482 ab
886 2434 1099 2498 plateam
1114 2434 1345 2500 parioniS,
1363 2434 1587 2483 videlicet
1608 2437 1720 2482 ante
1742 2433 1944 2482 domum

146 2519 202 2566 D.
229 2516 470 2579 FalconiS,

208 2601 384 2666 quinti,
408 2602 468 2651 ab
490 2602 604 2651 inde
625 2618 779 2666 usque
798 2607 910 2651 ante
938 2603 1199 2652 ecclesiam
1223 2620 1260 2651 s.
1286 2603 1575 2663 Sebastiani,

209 2686 349 2746 sexti,
367 2686 428 2734 ab
447 2686 560 2735 inde
582 2702 736 2750 usque
758 2687 881 2735 ultra
897 2687 1098 2736 domum
1115 2688 1352 2736 Gabrielis
1374 2689 1434 2737 de
1451 2687 1690 2737 Cesarinis
1708 2687 1769 2736 ad
1783 2687 1949 2736 introi-

145 2773 248 2817 tum
269 2769 341 2818 vie
360 2770 641 2834 pelliciarie‚

215 2852 426 2916 septimi,
447 2853 507 2900 ab
531 2853 642 2901 inde
664 2853 726 2901 ad
746 2869 785 2901 s.
817 2856 1052 2915 Marcum,

214 2936 386 2995 octavi,
412 2952 439 2984 a
453 2935 613 3000 platea
633 2952 673 2984 s,
699 2937 848 2984 Marci
870 2939 929 2985 ad
951 2939 1208 2988 ecclesiam
1230 2957 1269 2988 s.
1294 2941 1509 2999 Adriani,

214 3020 349 3080 noni,
373 3020 433 3068 ab
455 3020 566 3068 inde
589 3023 699 3068 ante
722 3020 981 3069 ecclesiam
1003 3022 1143 3071 beate
1166 3025 1314 3073 Marie
1338 3041 1477 3084 nove,

217 3104 410 3165 decimi,
438 3106 498 3153 ab
518 3105 629 3154 inde
652 3121 802 3168 usque
825 3105 884 3153 ad
905 3100 1166 3166 Coliseum,

215 3189 476 3248 undecimi,
501 3190 560 3237 ab
581 3189 692 3237 inde
714 3205 866 3252 usque
889 3190 948 3238 ad
969 3191 1178 3254 plateam
1201 3208 1239 3239 s.
1266 3191 1544 3252 ClementiS,

216 3272 506 3332 duodecimi,
531 3274 590 3321 ab
611 3274 722 3321 inde
744 3274 803 3322 ad
824 3274 1035 3322 medium
1060 3275 1150 3322 iter
1169 3291 1208 3321 s.
1234 3276 1464 3323 Johannis
1482 3278 1836 3339 Lateranensis,

216 3356 343 3404 tertii
365 3357 559 3416 decimi,
584 3359 644 3406 ab
664 3358 776 3406 inde
798 3375 949 3423 usque
977 3361 1036 3408 ad
1066 3364 1254 3423 portam
1283 3359 1459 3407 ecclesi
1483 3377 1521 3407 s.
1547 3361 1778 3412 Johannis
1800 3367 1942 3414 Late-

150 3458 385 3490 lanensis,
