2262 3958
366 330 413 366 60
973 320 1204 358 JOHANNIS
1238 318 1531 366 BURCHARDI,
1917 323 2133 366 [Aoat1484]

367 430 590 494 receptis.
632 424 947 478 Parafrenarii
979 424 1053 472 vel
1086 422 1163 471 alii
1200 422 1455 475 servitores
1482 422 1791 471 cardinalium
1819 425 2135 500 erpectabant

369 513 498 562 circa
524 512 785 560 secundam
813 507 1078 558 custodiam
1109 506 1158 554 in
1185 521 1325 554 mane
1355 509 1401 553 et
1428 520 1554 564 ser0,
1588 505 1666 568 qui
1693 506 2026 555 avvisabantur
2049 524 2136 572 per

368 612 456 644 nos
478 600 526 644 et
546 594 770 643 custodes
797 592 856 640 de
882 592 1020 650 hora,
1049 590 1237 653 quando
1265 588 1443 637 cibaria
1471 587 1703 651 portanda
1729 593 1907 650 essent,
1939 593 1986 638 et
2011 590 2136 638 avvi-

370 679 458 727 sati
496 678 767 741 portabant,
811 678 859 723 et
896 689 994 721 non
1031 672 1178 736 prius,
1217 674 1335 720 Nam
1370 671 1492 718 hora
1529 670 1668 717 firma
1705 686 1802 718 non
1842 676 2028 735 poterat
2067 674 2136 722 eis

370 760 602 824 assignari
623 776 681 808 ex
702 775 778 818 eo,
803 757 929 822 quod
948 755 1213 804 cardinales
1234 754 1485 817 aliquando
1508 754 1664 814 citius,
1689 754 1940 818 aliquando
1956 757 2136 806 tardius

370 861 472 892 rem
512 859 647 891 suam
686 841 1026 906 expediebant,
1075 839 1297 886 custodes
1330 837 1530 901 predicti
1568 853 1665 885 non
1705 839 1956 887 servabant
1992 840 2138 888 alium

371 927 589 975 ordinem
627 926 677 973 in
710 923 995 988 incipiendis
1027 921 1217 969 cibariis
1249 920 1493 984 predictiS‚
1532 921 1615 968 sed
1648 922 1725 983 qui
1762 923 1894 986 prior
1919 924 2140 973 veniebat

372 1026 482 1058 cum
515 1008 724 1068 cibariis,
768 1007 902 1055 illum
940 1005 1096 1069 primo
1130 996 1452 1062 remittebant,
1502 1003 1596 1051 sive
1642 1004 1783 1067 primi
1830 1006 1926 1054 sive
1965 991 2145 1067 ultimi,

372 1096 452 1142 aut
500 1093 847 1156 cujuscumque
900 1087 1154 1137 cardinalis
1209 1086 1455 1134 familiaris
1507 1091 1657 1147 esset;
1715 1088 1860 1136 iidem
1916 1090 2140 1139 custodes

371 1179 538 1240 quarte
566 1173 782 1222 custodie
817 1171 1013 1235 singulis
1044 1171 1210 1218 diebus
1240 1170 1358 1218 duos
1385 1169 1511 1217 inter
1542 1184 1625 1218 eos
1654 1171 1962 1233 deputabant,
1993 1188 2141 1220 unum

372 1274 458 1322 pro
479 1256 680 1321 prandio
708 1259 755 1303 et
780 1255 925 1302 alium
951 1269 1038 1318 pro
1060 1269 1198 1313 cena,
1225 1253 1306 1315 qui
1335 1252 1514 1301 cibaria
1539 1252 1876 1316 perspiciebat,
1902 1257 1956 1302 ut
1978 1270 2138 1319 supra,

374 1340 477 1388 aliis
500 1338 589 1388 sibi
607 1337 956 1387 assistentibus.
982 1337 1146 1385 Nullus
1173 1335 1569 1384 conclavistarum
1594 1350 1898 1399 quocumque
1924 1339 2141 1401 tempore

374 1426 453 1471 aut
492 1438 549 1469 ex
595 1420 757 1484 quavis
793 1436 938 1469 causa
982 1419 1321 1468 admittebatur
1361 1418 1420 1466 ad
1465 1418 1743 1481 sportellum
1789 1419 1885 1467 sive
1925 1424 2142 1483 apertum

374 1509 501 1554 esset
529 1504 626 1552 sive
654 1504 889 1562 clausum,
921 1501 1065 1551 etiam
1092 1502 1150 1549 ad
1171 1501 1540 1563 colloquendum
1558 1516 1668 1548 cum
1688 1516 1990 1564 quocumque
2013 1507 2147 1551 extra

375 1588 608 1636 existente
637 1587 739 1634 sine
761 1601 987 1649 expressa
1017 1583 1211 1631 licentia
1236 1582 1451 1645 collegii;
1481 1582 1520 1629 si
1547 1582 1703 1645 alique
1729 1583 1866 1632 litere
1893 1584 2146 1634 veniebant

375 1672 435 1719 ad
474 1669 748 1732 collegium,
791 1684 883 1731 que
922 1683 1010 1731 per
1042 1667 1262 1714 fissuram
1309 1666 1522 1729 sportelli
1572 1666 1721 1729 recipi
1764 1682 1863 1714 non
1905 1670 2142 1730 poterant,

375 1753 649 1817 aperuimus
672 1752 969 1815 sportellum,
995 1753 1060 1809 et,
1082 1749 1232 1797 literis
1259 1749 1482 1812 receptis,
1509 1749 1603 1797 cito
1634 1748 1936 1797 reclusimus.
1962 1750 2144 1799 Literas

378 1839 540 1883 autem
574 1835 822 1892 dabamus,
861 1833 1046 1896 collega
1077 1847 1212 1880 meus
1244 1831 1318 1879 vel
1354 1847 1463 1894 ego,
1499 1831 1701 1894 collegio
1738 1831 2066 1892 cardinalium,
2106 1834 2146 1881 si

380 1918 521 1966 simul
549 1920 702 1976 erant,
732 1916 807 1964 vel
833 1916 1110 1963 dicebamus
1138 1914 1286 1962 tribus
1320 1917 1399 1961 aut
1425 1917 1630 1976 quatuor
1649 1913 1969 1967 cardinalibus
1991 1916 2147 1963 senio-

378 2001 507 2048 ribus
546 2015 634 2047 nos
670 1999 832 2047 literas
863 1999 1042 2046 habere
1084 1998 1143 2045 ad
1179 1997 1450 2060 collegium,
1489 2013 1624 2060 quas,
1660 1998 1700 2045 si
1726 1999 1957 2062 placeret,
1993 1999 2144 2046 daturi

378 2099 593 2131 essemus
620 2082 769 2146 priori
804 2081 1130 2129 cardinalium.
1159 2079 1207 2128 Si
1237 2079 1343 2142 quis
1376 2083 1537 2127 autem
1566 2080 1625 2128 ab
1653 2084 1788 2133 extra
1812 2081 1989 2144 aliquid
2019 2081 2145 2129 intus

375 2166 625 2214 notificare
655 2164 860 2223 volebat,
894 2164 1056 2211 clauso
1090 2163 1317 2227 sportello
1349 2163 1652 2225 loquebatur,
1693 2168 1741 2212 et
1769 2180 1891 2211 unus
1922 2179 1981 2213 ex
2008 2164 2146 2212 nobis

377 2249 578 2309 duobus,
611 2264 668 2296 eo
697 2247 881 2305 audito,
915 2246 1032 2294 illud
1065 2246 1304 2294 referebat
1338 2245 1650 2293 cardinalium
1676 2245 1848 2308 priori,
1884 2246 2036 2294 tribus
2067 2251 2149 2294 aut

379 2335 583 2393 quatuor
609 2346 667 2377 ex
695 2329 797 2376 aliis
833 2329 1144 2387 cadinalibus,
1180 2344 1238 2376 eo
1269 2329 1413 2376 etiam
1444 2328 1682 2376 intimato.
1715 2330 1894 2392 Aperto
1922 2329 2148 2392 sportello

377 2428 464 2475 pro
485 2411 676 2459 cibariis
699 2410 988 2474 recipiendis
1011 2415 1057 2458 et
1073 2410 1196 2458 vasis
1219 2410 1534 2473 exponendiS,
1566 2410 1822 2473 diligenter
1840 2411 2146 2470 advertimus,

377 2510 438 2541 ne
472 2494 578 2556 quis
605 2493 1003 2541 conclavistarum
1036 2508 1133 2539 non
1165 2493 1318 2539 solum
1350 2493 1576 2555 sportello
1609 2493 2029 2556 appropinquaret,
2065 2494 2150 2546 sed

379 2580 427 2624 et
455 2592 516 2624 ne
550 2576 694 2624 etiam
726 2576 1022 2639 perspiceret
1053 2575 1241 2638 signum
1277 2575 1486 2637 aliquod,
1522 2576 1581 2622 ab
1616 2575 1775 2637 aliquo
1818 2580 1950 2624 extra
1979 2592 2150 2641 recep—

378 2663 527 2706 turus.
554 2661 671 2706 Cum
691 2659 838 2706 missa
863 2658 1054 2722 publica
1082 2673 1169 2720 per
1195 2657 1442 2704 sacristam
1475 2657 1737 2719 dicebatur,
1769 2675 1937 2707 omnes
1964 2660 2152 2708 concla-

377 2741 495 2803 Viste
522 2742 595 2789 vel
623 2741 705 2804 qui
731 2741 970 2799 volebant,
995 2741 1191 2787 missam
1211 2740 1365 2803 ipsam
1387 2740 1551 2788 audire
1572 2744 1812 2804 poterant,
1837 2746 1971 2791 extra
1990 2732 2166 2792 tamen*

379 2824 501 2871 ostia
534 2825 751 2887 cappelle
788 2824 989 2872 minoris
1026 2825 1073 2871 in
1110 2839 1202 2886 qua
1231 2823 1376 2870 missa
1413 2817 1746 2872 celebrabatur
1783 2826 1843 2873 ad
1871 2826 2075 2890 primam
2105 2831 2152 2875 et

384 2907 644 2955 secundam
677 2907 833 2955 aulam
867 2908 1105 2955 conclavis
1138 2909 1475 2972 respondentia
1509 2914 1707 2969 stantes,
1744 2915 1791 2958 et
1817 2911 2010 2958 interim
2039 2927 2149 2960 cum

375 2989 522 3036 missa
559 2987 816 3049 diceretur,
866 2990 1024 3037 nullus
1061 2991 1121 3038 ad
1162 2990 1337 3038 ostium
1373 2991 1610 3038 conclavis
1646 2991 1883 3054 pulsabat.
1922 2991 2152 3040 Similiter

378 3073 492 3119 dum
522 3071 803 3119 scrutinium
831 3073 988 3132 fieret,
1022 3073 1170 3121 missa
1196 3073 1346 3132 finita,
1378 3089 1433 3121 ac
1461 3073 1679 3121 scabellis
1705 3089 1792 3136 pro
1821 3074 2016 3137 singulis
2044 3091 2150 3123 car-

378 3154 613 3203 dinalibus
652 3170 762 3202 cum
804 3154 920 3202 folio
961 3155 1137 3219 papiri,
1187 3159 1319 3202 carta
1363 3156 1458 3202 sive
1501 3156 1686 3202 calamo
1732 3159 1780 3203 et
1828 3161 2056 3205 encausto
2104 3163 2152 3208 et

385 3237 595 3284 candelis
635 3236 792 3300 parvis
835 3237 1016 3285 duabus
1053 3241 1132 3284 aut
1172 3236 1322 3284 tribus
1358 3237 1606 3298 ordinatis,
1648 3253 1816 3286 omnes
1846 3239 2064 3287 redibant
2091 3240 2152 3287 ad

381 3319 647 3380 cappellam
677 3320 932 3383 majorem,
964 3320 1014 3367 in
1041 3335 1133 3382 qua
1159 3319 1526 3367 recludebantur
1554 3336 1642 3384 per
1669 3337 1758 3368 nos
1786 3321 1987 3370 clericos
2013 3337 2151 3369 cere—

385 3400 657 3449 moniarum
703 3419 891 3462 omnes,
932 3402 1248 3451 cardinalibus
1297 3402 1347 3449 in
1396 3404 1768 3467 congregatione
1817 3404 2146 3452 existentibus.
