2262 3958
187 281 452 325 [Fevrier1487]
638 281 807 318 RERUM
841 281 1146 319 URBANARUM
1180 281 1531 319 COMMENTARII.
1904 289 1971 325 241

185 389 366 451 Campo
399 384 539 433 Flore
570 384 630 432 ad
663 384 893 449 palatium
927 402 966 433 s.
1004 383 1132 433 Petri
1165 399 1252 448 pro
1283 384 1427 449 pallio
1461 384 1667 433 duarum
1703 402 1971 435 cannarum

181 468 329 534 panni
367 467 560 517 celestis
598 468 677 517 vel
708 468 853 529 circa,
890 468 1005 516 satis
1039 467 1122 515 fini
1154 485 1164 516 ε
1207 467 1320 516 bina
1350 469 1450 518 vice
1485 475 1822 531 cucurrerunt,
1854 471 1966 535 quia

179 551 471 618 principium
498 553 640 617 primi
670 569 839 602 cursus
873 567 970 601 non
1004 552 1091 600 fuit
1121 553 1321 601 bonum.
1357 554 1559 602 Pallium
1593 554 1763 603 habuit
1799 555 1964 604 asinus

178 636 431 702 enjusdam
471 637 725 686 Pillicaroli
762 651 912 701 prope
950 636 1232 684 Paradisum
1260 638 1625 696 commorantis,
1670 638 1789 688 feria
1807 643 1959 700 sexta,

181 722 240 770 23
262 721 508 782 februarii,
540 721 654 785 quia
675 719 889 770 secunda
908 719 1009 768 vice
1047 726 1387 770 cucurrerunt.

244 805 384 855 Feria
413 806 597 870 quinta,
631 808 692 852 22
720 803 947 853 februarii
978 803 1066 851 fuit
1096 804 1480 868 pulcherrimum
1511 808 1687 855 festum
1715 807 1764 854 in
1797 809 1966 871 Agone

177 906 314 940 more
341 904 561 939 romano,
590 887 919 938 Interfuerunt
949 892 1059 936 octo
1098 889 1334 938 carruche
1368 889 1687 954 triumphales
1726 891 1851 940 bene
1890 908 1969 939 01·-

177 978 286 1024 nate
308 973 604 1032 diversarum
626 971 1115 1036 representationum.
1143 973 1226 1020 His
1245 973 1433 1033 diebuS,
1454 978 1506 1022 ut
1527 974 1671 1038 vulgo
1694 974 1961 1034 dicebatur,

174 1056 444 1108 cardinales
489 1073 529 1105 S.
567 1055 780 1120 Georgii,
826 1055 1119 1116 Parmensis,
1165 1056 1401 1106 Columna
1439 1062 1487 1107 et
1518 1057 1755 1107 Ascanius
1787 1058 1968 1122 pluries

173 1140 450 1206 equitarunt
476 1139 668 1201 larvati,
709 1140 968 1204 aliquando
1008 1156 1178 1190 omnes
1210 1141 1376 1203 simul,
1406 1142 1666 1206 aliquando
1704 1142 1824 1191 alius
1854 1159 1966 1191 cum

172 1225 292 1285 ali03
318 1229 503 1274 etcum
535 1224 723 1289 pridem
759 1225 996 1274 Columna
1028 1241 1140 1275 cum
1168 1242 1312 1290 equO,
1352 1230 1404 1275 ut
1434 1243 1595 1292 supra,
1633 1227 1848 1288 caderet,
1884 1227 1963 1275 alii

172 1313 269 1359 tres
286 1308 452 1358 larvati
479 1307 704 1357 dicuntur
734 1308 1029 1358 interfuisse.

237 1393 378 1443 Feria
398 1397 549 1454 sexta,
576 1397 635 1443 23
658 1393 839 1442 mensis
862 1393 1090 1443 februarii
1109 1399 1428 1444 cucurrerunt
1445 1401 1556 1460 post
1566 1396 1824 1461 prandium
1840 1396 1961 1445 asini

170 1485 218 1530 et
249 1479 522 1529 habuerunt
556 1479 772 1544 pallium,
814 1485 867 1529 ut
901 1495 1075 1544 supra;
1107 1480 1281 1530 deinde
1318 1486 1638 1530 cucurrerunt
1666 1486 1713 1530 et
1749 1482 1898 1530 bufali
1933 1499 1960 1530 a

169 1567 351 1631 Campo
375 1564 515 1614 Flore
537 1564 598 1614 ad
623 1565 853 1629 palatium
883 1582 918 1613 s.
940 1564 1066 1614 Petri
1086 1580 1174 1630 pro
1197 1564 1342 1630 pallio
1364 1566 1570 1614 duarum
1601 1581 1865 1615 cannarum
1888 1566 1960 1615 vel

167 1649 295 1700 circa
313 1650 459 1715 panni
491 1650 671 1710 viridis,
694 1649 807 1699 bina
834 1649 936 1699 vice
960 1667 968 1697 :
991 1666 1103 1699 nam
1125 1650 1282 1715 primo
1304 1666 1450 1700 cursu
1479 1651 1639 1699 nullus
1663 1667 1750 1700 seu
1771 1651 1961 1700 bufalus

167 1748 251 1784 seu
270 1734 432 1784 bufala
457 1735 586 1784 venit
614 1734 675 1783 ad
694 1734 910 1799 pallium,
944 1735 1031 1783 sed
1062 1735 1259 1798 quidam
1281 1740 1567 1785 manserunt
1595 1736 1716 1785 citra
1735 1741 1925 1800 portam
1947 1753 1956 1795 ;

163 1817 241 1867 alii
282 1833 396 1868 cum
427 1818 760 1884 pervenissent
794 1819 853 1866 ad
887 1818 1098 1882 plateam
1132 1835 1169 1867 s,
1210 1820 1362 1879 Petri,
1402 1819 1600 1883 quidam
1637 1824 1959 1868 cucurrerunt

161 1906 297 1953 extra
309 1898 500 1969 portam
517 1901 758 1963 Viridarii,
784 1901 863 1951 alii
879 1906 1018 1951 extra
1034 1907 1225 1967 portam
1244 1906 1523 1972 Pertusam3
1543 1903 1836 1968 nescioquis
1859 1903 1959 1968 pal-

157 1985 278 2037 lium
306 1986 547 2037 habuerit.

227 2070 456 2132 sabbato,
487 2073 548 2119 24
580 2069 825 2133 februarii,
856 2073 985 2122 sacta
1011 2073 1097 2121 fuit
1131 2073 1179 2120 in
1201 2088 1346 2122 mane
1370 2071 1666 2137 presentatio
1701 2077 1951 2122 taurorum

155 2156 206 2205 in
235 2155 534 2221 Campidolio
573 2171 710 2205 more
744 2155 903 2215 solito,
940 2161 988 2205 et
1020 2156 1142 2221 pluit
1175 2161 1276 2205 tota
1315 2157 1392 2206 die
1430 2172 1540 2205 cum
1576 2156 1873 2221 precedente
1907 2162 1953 2206 et

155 2244 390 2306 sequente
423 2239 666 2289 noctibuS.

219 2324 490 2385 Dominica,
535 2327 594 2374 25
629 2326 809 2375 mensis
840 2325 1068 2375 februarii
1099 2327 1413 2392 carnisprivii,
1444 2326 1532 2375 fuit
1566 2325 1949 2391 pulcherrimum

151 2409 244 2460 hac
272 2413 321 2460 et
354 2411 671 2474 sequentibus
693 2410 989 2475 carnisprivii
1010 2411 1180 2461 diebus
1203 2429 1212 2460 ε
1231 2412 1369 2476 juxta
1389 2416 1609 2460 montem
1639 2411 1798 2460 omnis
1820 2416 1947 2461 terre

151 2498 468 2544 cucurrerunt
506 2495 617 2560 equi
656 2494 847 2544 barbari
879 2511 967 2561 pro
1006 2495 1151 2560 pallio
1187 2495 1405 2545 bruccati
1435 2495 1539 2545 auri
1579 2495 1777 2544 suffulto
1817 2496 1947 2560 quod

150 2578 319 2630 habuit
354 2579 587 2630 barbarus
625 2583 684 2630 D.
727 2580 1009 2647 Hieronymi
1050 2580 1301 2646 Calagrani
1339 2576 1622 2631 subdiaconi
1668 2583 1938 2647 apostolici,

151 2665 237 2714 SS.
271 2667 328 2714 D.
353 2666 410 2715 N.
445 2681 570 2732 pape
604 2666 884 2717 cubicularii
916 2666 1108 2716 secreti.
1148 2666 1331 2716 Deinde
1358 2671 1680 2715 cucurrerunt
1721 2667 1831 2732 equi
1852 2683 1940 2731 pro

150 2746 294 2813 pallio
327 2748 386 2798 de
412 2749 588 2799 velluto
610 2750 883 2801 cremesino
904 2750 1153 2800 taffettano
1180 2750 1314 2798 viridi
1338 2751 1596 2811 subducto,
1631 2751 1763 2815 quod
1792 2751 1937 2801 hodie

150 2831 309 2882 nullus
328 2832 498 2883 habuit
517 2834 751 2884 barbarus
773 2838 830 2883 D.
858 2833 1138 2899 Hieronymi
1160 2834 1410 2899 Calagrani
1434 2834 1716 2882 subdiaconi
1741 2838 1937 2898 aposto-

147 2917 244 2978 lici,
261 2919 346 2967 SS.
369 2920 426 2966 D.
443 2919 499 2967 N.
516 2933 640 2984 pape
663 2917 943 2968 cubicularii
963 2918 1155 2967 secreti.
1175 2919 1359 2968 Deinde
1377 2922 1699 2967 cucurrerunt
1716 2917 1826 2980 equi
1846 2932 1935 2981 pro

146 3001 290 3067 pallio
323 3001 382 3052 de
404 3002 579 3052 velluto
608 3004 880 3054 cremesino
904 3003 1152 3052 taffettano
1182 3002 1318 3051 viridi
1346 3003 1602 3062 subducto,
1634 3001 1765 3065 quod
1790 3001 1935 3050 hodie

144 3085 304 3136 nullus
352 3086 541 3148 habuit,
575 3086 688 3152 quia
729 3103 899 3137 cursus
935 3102 1034 3135 non
1068 3086 1156 3134 fuit
1186 3085 1370 3135 bonum
1408 3085 1718 3150 principium.
1762 3087 1936 3134 Postea

142 3175 460 3223 cucurrerunt
481 3186 604 3234 eque
626 3188 713 3237 pro
734 3171 879 3237 pallio
911 3171 970 3220 de
996 3169 1172 3220 velluto
1201 3185 1478 3235 pavonaceo
1507 3168 1756 3218 taffettano
1781 3167 1932 3218 rubeo

143 3254 382 3307 subducto
413 3256 544 3319 quod
561 3257 731 3306 habuit
758 3273 884 3322 equa
917 3255 1141 3305 Ludovici
1175 3254 1394 3315 Matthei,
1420 3253 1533 3302 civis
1566 3251 1769 3301 romani.
1805 3255 1931 3301 Tan-

139 3341 251 3395 dem
297 3343 421 3393 tauri
461 3342 625 3403 occisi,
663 3342 827 3407 plures
863 3342 1088 3392 homines
1128 3340 1360 3390 vulnerati
1402 3343 1448 3389 et
1481 3340 1676 3404 quidam
1714 3339 1924 3398 mortui3

138 3427 271 3479 nulla
294 3433 454 3478 tamen
483 3426 661 3476 ibidem
682 3426 827 3477 hodie
853 3426 941 3475 fuit
966 3425 1232 3476 contentio,
1521 3474 1527 3491 =.

325 3534 358 3562 τ.
386 3534 410 3561 1.
1688 3521 1732 3558 1ss
