2262 3958
164 265 381 312 [Anat1484]
622 266 793 305 RERUM
819 266 1124 305 URBANARUM
1152 267 1504 308 COMMENTARII.
1912 278 1960 313 55

161 373 501 430 tractarentur,
526 386 618 435 ego
639 371 700 419 ab
721 370 826 419 aliis
850 371 1154 420 conclavistis
1185 372 1306 421 meis
1335 377 1548 438 rogatus,
1582 375 1677 424 feci
1704 393 1791 441 pro
1820 379 1959 427 nobis

162 454 385 505 omnibus
402 455 624 507 .rotulum
650 472 740 520 per
767 455 981 504 futurum
1010 456 1293 520 pontificem
1319 457 1459 506 nobis
1495 458 1781 523 signandum
1814 478 1960 525 quem

157 540 254 590 hoc
275 555 437 602 mane,
470 539 619 590 missa
640 541 798 602 finita,
823 544 934 589 ante
965 540 1287 604 capitulorum
1312 542 1611 606 prefatorum
1633 542 1694 609 (1)
1720 545 1962 611 subscrip-

163 624 366 685 tionem,
402 624 596 675 RRmis.
631 628 736 674 DD.
774 624 1099 674 cardinalibus
1133 624 1181 671 in
1212 625 1341 673 dicta
1371 628 1590 692 cappella
1625 628 1674 676 in
1707 630 1806 678 suis
1838 631 1959 679 locis

163 708 461 770 sedentibuS,
498 709 661 758 ascitis
693 708 811 757 mihi
841 708 994 756 tribus
1027 723 1111 756 seu
1149 712 1356 771 quatuor
1381 727 1440 758 ex
1468 713 1791 775 conclavistis,
1827 719 1957 764 stans

157 791 288 842 circa
335 809 573 855 mensam,
625 797 676 842 ut
734 808 896 856 supra,
948 796 1184 856 paratam,
1234 795 1494 844 summarie
1540 799 1770 862 proposui
1807 801 1956 849 verbo

154 877 372 927 omnium
418 877 614 926 nomine
667 876 943 941 supplicans
996 879 1048 924 ut
1093 876 1362 925 cardinales
1407 878 1499 943 ipsi
1544 897 1632 944 per
1676 898 1766 930 nos
1804 884 1955 947 petita

150 952 406 1012 admittere
431 977 523 1026 per
548 961 762 1022 futurum
787 960 1071 1025 pontificem
1103 961 1338 1025 signanda
1374 966 1422 1011 et
1455 963 1755 1013 observanda
1790 967 1956 1030 digna-

143 1048 328 1095 rentur.
373 1045 640 1110 Respondit
680 1045 837 1110 primo
882 1044 1310 1094 vicecancellarius
1351 1051 1399 1096 et
1449 1048 1724 1097 successive
1779 1066 1949 1100 omnes

141 1126 224 1177 alii
247 1147 272 1173 «
296 1127 482 1189 Placet,
510 1147 532 1172 »
559 1132 765 1193 excepto
787 1132 928 1177 Rmo.
954 1131 1009 1178 D.
1033 1129 1277 1178 cardinale
1301 1146 1341 1178 s.
1368 1131 1538 1191 Marci,
1565 1132 1647 1195 qui
1670 1133 1918 1197 respondit
1939 1152 1947 1181 :

142 1212 221 1261 De
251 1212 462 1262 honestis
479 1214 653 1278 placet.
693 1213 896 1271 Quidam
929 1231 989 1263 ex
1022 1214 1328 1262 conclavistis
1361 1214 1587 1262 volebant
1617 1231 1645 1262 a
1672 1231 1750 1265 me
1781 1220 1949 1281 petere

141 1297 270 1362 quod
291 1297 465 1362 singuli
488 1298 760 1347 cardinales
782 1298 833 1346 in
860 1299 1017 1347 rotulo
1041 1315 1092 1348 se
1118 1300 1500 1359 subscriberent,
1527 1301 1612 1348 sed
1630 1316 1743 1348 cum
1764 1301 1813 1349 id
1834 1300 1952 1350 mihi

145 1384 194 1430 et
213 1380 430 1445 pluribus
456 1382 562 1430 aliis
590 1398 690 1430 non
717 1383 962 1433 videretur
987 1385 1250 1433 honestum
1291 1385 1422 1448 quod
1451 1385 1610 1433 verbis
1634 1386 1950 1434 cardinalium

145 1480 244 1514 non
273 1466 602 1526 crederemus,
635 1469 783 1516 verbo
817 1484 904 1516 suo
942 1468 1174 1517 satisfacti
1213 1468 1407 1517 suimuS.
1452 1471 1613 1517 Tenor
1650 1485 1764 1518 vero
1806 1470 1949 1518 rotuli

144 1553 355 1614 ponetur
372 1549 497 1598 infra
517 1555 627 1615 post
646 1552 889 1616 pontificis
911 1553 1310 1617 assumptionem.

201 1633 498 1697 Subscriptis
537 1633 685 1698 igitur
723 1636 962 1700 capitulis,
1005 1640 1057 1685 ut
1102 1653 1249 1701 supra
1295 1637 1479 1686 dictum
1526 1641 1616 1697 est,
1655 1638 1792 1702 jussu
1832 1653 1943 1685 meo

143 1733 314 1766 omnes
359 1717 652 1767 conclaviste
692 1718 880 1768 iverunt
925 1721 986 1769 ad
1027 1737 1254 1785 magnam
1301 1723 1587 1786 cappellam,
1638 1721 1860 1770 similiter
1899 1725 1947 1769 et

137 1801 341 1851 sacrista
384 1805 432 1850 et
462 1802 651 1867 collega
686 1819 823 1851 meus
864 1804 944 1868 qui
981 1821 1077 1853 una
1124 1822 1319 1854 mecum
1353 1806 1530 1854 ostium
1564 1806 1691 1854 dicte
1727 1806 1944 1870 cappelle

139 1883 338 1951 majoris
377 1886 634 1934 servabant
673 1887 733 1935 ab
772 1887 917 1936 intus.
963 1888 1132 1936 RRmi.
1177 1892 1279 1937 DD.
1333 1890 1603 1938 cardinales
1643 1890 1732 1938 soli
1775 1906 1945 1938 omnes

74 1978 77 1980 ’
138 1974 423 2020 manserunt
461 1970 510 2018 in
544 1971 764 2035 cappella
796 1972 1002 2021 minore.
1038 1976 1159 2021 Tum
1194 1974 1362 2022 RRmi.
1390 1977 1491 2022 DD.
1517 1974 1944 2023 vicecancellarius

141 2053 502 2119 episcoporum,
540 2054 916 2105 Mediolanensis
950 2058 1349 2123 presbyterorum
1378 2062 1426 2107 et
1454 2058 1683 2107 Senensis
1718 2058 1944 2106 diacono-

140 2155 249 2188 rum
290 2138 606 2187 cardinalium
647 2140 854 2204 priores,
899 2146 1214 2190 accesserunt
1253 2143 1313 2190 ad
1348 2158 1546 2206 parvam
1584 2142 1796 2189 tabulam
1830 2145 1940 2188 ante

142 2223 314 2282 altare,
354 2226 406 2270 ut
445 2238 606 2287 supra,
649 2230 884 2288 paratam,
929 2231 976 2274 et
1016 2227 1081 2274 ibi
1122 2227 1171 2274 in
1202 2226 1294 2274 illis
1328 2226 1480 2274 tribus
1512 2207 1735 2274 scabellis
1763 2240 1938 2275 conse-

141 2307 335 2367 derunt,
359 2321 503 2354 renes
529 2308 667 2357 altari
695 2312 743 2356 et
764 2309 912 2357 facies
939 2309 1044 2358 aliis
1074 2309 1398 2358 cardinalibus
1427 2311 1690 2367 vertentes,
1719 2307 1940 2356 vicecan-

139 2391 361 2442 cellarius
384 2394 592 2454 medius‚
617 2395 676 2443 ad
698 2396 803 2459 ejus
833 2395 1084 2443 dexteram
1118 2393 1495 2442 Mediolanensis
1533 2397 1580 2441 et
1606 2393 1664 2440 ad
1695 2393 1937 2453 sinistram

138 2477 386 2539 Senensis,
426 2477 526 2541 ubi,
560 2477 676 2543 ipsis
714 2493 771 2526 ac
812 2477 917 2525 aliis
959 2477 1183 2524 omnibus
1224 2476 1548 2525 cardinalibus
1588 2476 1637 2524 in
1678 2476 1776 2524 suis
1816 2476 1937 2524 locis

135 2561 413 2610 sedentibus
452 2561 502 2609 in
542 2561 753 2621 silentio,
797 2565 962 2610 Rmus.
1007 2564 1064 2609 D.
1107 2561 1532 2610 vicecancellarius
1572 2561 1740 2626 paucis
1779 2561 1938 2609 verbis

137 2645 418 2694 exhortatus
459 2650 533 2695 est
572 2647 860 2704 cardinales,
904 2661 1014 2694 cum
1060 2661 1148 2710 pro
1196 2645 1435 2708 electione
1477 2646 1652 2693 summi
1692 2645 1934 2709 pontificis

139 2729 422 2794 congregati
455 2735 636 2791 essent,
671 2735 722 2779 ut
755 2731 955 2796 quisque
986 2730 1201 2795 cogitare
1233 2731 1377 2779 vellet
1417 2731 1598 2796 eligere
1634 2730 1789 2796 magis
1829 2730 1934 2778 ido-

179 2891 216 2930 1.
244 2891 363 2941 Apres
385 2890 488 2928 avoir
505 2891 676 2928 enumere
694 2903 755 2928 ces
778 2891 933 2937 articles,
951 2890 1098 2930 Rinaldi
1112 2892 1233 2941 ajoute
1256 2903 1264 2929 :
1289 2891 1503 2928 «Nonnulla
1522 2902 1566 2928 ex
1588 2891 1631 2927 iis
1651 2903 1732 2939 quae
1750 2891 1930 2939 pollicitus
1960 2904 1965 2909 ·

133 2957 365 2990 sacramento
386 2955 443 2989 est
463 2951 682 3001 spectabant
713 2952 760 2988 ad
785 2952 1015 2989 retinendam
1043 2952 1184 3001 imperii
1213 2951 1452 2988 ecelesiastici
1485 2952 1715 3000 majestatem
1743 2955 1812 2988 etc.
1846 2951 1928 2987 Alia

130 3023 216 3050 vero
245 3011 292 3050 ab
312 3012 526 3049 Innocentio
545 3012 729 3060 promissa
747 3012 784 3048 in
801 3012 1039 3049 cardinalium
1056 3012 1263 3058 comodum,
1286 3012 1432 3048 detorta
1451 3016 1568 3057 erant,
1597 3024 1667 3059 que
1688 3023 1771 3047 cum
1798 3015 1925 3047 contra

128 3071 184 3110 fas
204 3076 386 3110 conventa
411 3075 551 3118 essent,
570 3072 607 3108 in
629 3071 811 3121 aliquibus
831 3072 1074 3121 infringendis
1094 3071 1271 3120 religione
1307 3082 1346 3108 se
1375 3070 1524 3107 minime
1550 3071 1664 3108 teneri
1702 3070 1856 3119 putavit,
1880 3075 1918 3107 ut

125 3130 346 3168 videbimus.
369 3145 389 3165 »
411 3132 559 3168 Annal.
576 3132 699 3177 Eccl.‚
717 3135 744 3169 t.
766 3131 884 3178 XXX,
900 3143 936 3180 p.
952 3133 1013 3169 70.

173 3191 244 3228 Les
265 3191 464 3229 cardinaux
483 3192 653 3231 faisaient
673 3192 840 3230 d'autant
871 3191 989 3229 moins
1014 3191 1191 3230 difficulte
1222 3192 1268 3229 de
1290 3191 1417 3240 signer
1437 3202 1497 3227 ces
1518 3190 1663 3227 articles
1683 3201 1754 3237 que
1773 3190 1916 3227 chacun

125 3251 234 3289 d'eux
255 3262 295 3288 se
316 3252 433 3289 savait
447 3252 614 3301 toujours
634 3264 680 3290 en
708 3253 803 3289 droit
828 3253 873 3289 de
903 3264 950 3290 ne
980 3264 1047 3302 pas
1080 3253 1133 3289 les
1167 3254 1351 3294 executa,
1381 3263 1451 3287 une
1477 3250 1547 3286 sois
1573 3250 1631 3286 elu
1664 3250 1778 3298 Papo,
1809 3261 1854 3287 en
1877 3262 1916 3287 se

124 3311 279 3350 fondant
296 3322 360 3348 sur
375 3311 411 3348 la
429 3311 592 3350 decision
612 3313 828 3350 d'Innocent
859 3313 921 3359 VI,
944 3312 1007 3362 qui
1034 3313 1132 3350 avait
1150 3312 1291 3348 declat-e
1320 3311 1438 3347 nulles
1470 3314 1506 3346 et
1525 3322 1598 3346 non
1619 3320 1778 3346 avenues
1795 3314 1917 3348 toules

127 3371 180 3408 les
201 3370 440 3408 conventions
461 3374 621 3409 arretees
640 3373 774 3410 durant
794 3373 829 3409 la
854 3384 1015 3409 vacance
1035 3373 1084 3408 du
1105 3370 1211 3408 Saint
1232 3370 1342 3418 Siege
1364 3370 1424 3417 qui
1446 3368 1634 3406 tendaient
1648 3372 1670 3406 a
1687 3370 1917 3408 contraindre

129 3443 176 3469 ou
197 3435 219 3469 a
234 3432 415 3469 diminuer
434 3431 614 3469 l'autorite
634 3434 683 3471 du
705 3434 905 3472 Souverain
928 3433 1083 3471 Pontife.
1102 3433 1209 3481 (Voy.
1232 3433 1314 3480 plus
1336 3432 1426 3468 haut
1445 3442 1532 3478 pag.
1556 3432 1614 3477 34,
1640 3436 1725 3469 note
1747 3432 1798 3479 1.)
