2262 3958
331 315 377 351 46
939 313 1172 349 JOHANNIS
1206 312 1499 361 ssuacuARoi,
1886 317 1988 358 [Aoot
2009 317 2100 359 1484]

331 416 454 465 laico
480 417 554 465 vel
588 415 814 474 seculari,
845 416 1185 479 cujuscumque
1220 415 1507 463 conditionis
1537 421 1617 465 aut
1642 417 1886 481 dignitatis
1914 418 2102 468 existat.

399 503 538 560 Item,
554 499 801 565 promitto,
819 515 966 547 voveo
984 503 1031 547 et
1040 499 1168 563 juro,
1183 499 1312 563 quod
1328 499 1366 546 si
1382 499 1637 563 contigerit
1649 501 1855 564 aliquem
1871 518 1930 549 ex
1943 505 2110 566 poten-

332 583 507 631 tatibus
535 587 581 631 et
608 582 904 647 principibus
935 582 1248 643 secularibus,
1279 582 1535 631 occasione
1568 584 1782 632 fortassis
1809 584 2109 649 displicentie

332 670 566 730 concepte
595 682 653 714 ex
679 670 788 714 voto
822 666 1022 730 alicujus
1050 666 1304 714 cardinalis
1339 666 1386 713 in
1414 666 1628 730 presenti
1661 667 1896 716 electione
1923 668 2111 717 romani

331 749 573 813 pontificis
601 749 741 797 aliter
767 766 910 813 quam
935 749 1163 798 voluisset
1190 750 1318 810 dato,
1351 749 1566 797 redditus
1595 750 1942 799 beneficiorum
1963 752 2112 817 ipsius

331 832 589 880 cardinalis
611 848 867 898 occupare,
892 837 1004 881 tunc
1034 837 1081 881 et
1109 849 1165 881 eo
1189 850 1303 882 casu
1324 834 1383 881 de
1404 833 1612 897 propriis
1638 833 1855 897 pecuniis
1877 838 1924 883 et
1949 835 2112 888 introi-

332 916 455 963 tibus
477 931 675 965 romane
698 917 913 966 Ecclesie
937 917 1094 966 eidem
1117 917 1346 966 cardinali
1368 920 1553 966 tantum
1573 917 1834 983 providebo
1856 922 1904 967 et
1924 919 2112 968 satisfa-

331 1003 472 1062 ciam,
498 1007 728 1067 quantum
751 1017 809 1049 ex
830 1001 957 1052 dic-ta
978 1002 1294 1066 occupatione
1316 1002 1376 1051 de
1398 1002 1671 1052 introitibus
1694 1005 1791 1052 suis
1811 1002 2042 1052 amiserit.

396 1090 533 1147 Item,
577 1086 739 1134 omnia
778 1089 912 1150 gesta
955 1089 1003 1134 et
1041 1086 1167 1133 facta
1205 1086 1319 1134 sede
1357 1091 1555 1136 vacante
1594 1090 1683 1152 per
1719 1088 1902 1136 obitum
1938 1086 2110 1151 prefati

329 1170 510 1219 domini
534 1170 651 1218 Sixti
677 1186 800 1234 pape
830 1169 987 1233 quarti
1011 1169 1374 1233 predecessoris
1402 1171 1498 1218 mei
1524 1187 1613 1235 per
1638 1187 1827 1219 sacrum
1855 1170 2110 1234 collegium

326 1255 399 1303 vel
427 1254 528 1318 ejus
555 1254 741 1318 priores
770 1253 867 1301 sive
901 1253 1154 1317 deputatos
1185 1253 1244 1301 ab
1265 1254 1446 1318 eodem
1475 1270 1612 1303 sacro
1640 1255 1844 1319 collegio
1878 1253 2112 1319 speciales

328 1337 688 1387 commissarios
717 1341 851 1400 grata
877 1341 926 1385 et
952 1336 1091 1384 firma
1124 1337 1333 1397 habebo,
1368 1338 1544 1386 tenebo
1575 1344 1623 1386 et
1652 1338 1938 1399 observabo,
1968 1340 2112 1402 prout

326 1437 454 1469 nunc
481 1425 649 1479 teneo,
678 1420 835 1469 habeo
863 1423 911 1468 et
937 1420 1180 1484 approbo,
1206 1436 1316 1468 cum
1347 1421 1474 1469 sacta
1502 1421 1692 1482 fuerint,
1717 1425 1919 1485 urgente
1945 1436 2113 1470 neces-

329 1508 467 1555 sitate
483 1505 719 1554 libertatis
738 1504 1006 1552 electionis.

393 1594 530 1650 Item,
566 1589 693 1652 quod
733 1588 1005 1652 supradicta
1036 1587 1247 1652 capitula
1288 1588 1451 1636 omnia
1492 1593 1538 1636 et
1580 1587 1767 1651 singula
1803 1587 1863 1635 ad
1901 1604 2111 1653 unguem

328 1674 526 1723 servabo
567 1673 654 1720 sub
692 1688 817 1736 pena
855 1671 1193 1731 anathematis,
1236 1688 1327 1720 nec
1370 1687 1582 1735 unquam
1625 1672 1713 1719 sub
1754 1671 1936 1720 eisdem
1974 1672 2112 1736 penis

328 1757 569 1820 requiram
599 1755 867 1804 cardinales
889 1759 939 1803 ut
965 1755 1014 1802 in
1047 1755 1206 1818 aliquo
1229 1754 1593 1803 contraveniant
1619 1753 1848 1818 predictis
1870 1754 2106 1818 capitulis.

331 1840 466 1896 Quod
488 1840 525 1886 si
546 1843 782 1903 peterem,
807 1839 913 1886 volo
935 1838 1063 1901 quod
1084 1838 1214 1885 nullo
1232 1842 1372 1901 pacto
1395 1837 1714 1897 consentiant,
1740 1837 1838 1885 imo
1857 1837 2114 1886 observent

331 1923 493 1971 omnia
539 1922 625 1970 sub
671 1921 810 1969 dictis
854 1921 991 1984 penis
1033 1925 1080 1968 et
1128 1919 1479 1968 maledictionis
1522 1924 1715 1980 eterne,
1761 1925 1809 1969 et
1857 1920 1897 1968 si
1940 1937 2107 1980 secus,

330 2006 483 2070 gratia
502 2005 574 2053 vel
601 2004 774 2052 timore
805 2003 1025 2063 fecerint,
1061 2007 1108 2051 et
1135 2003 1395 2052 accedente
1427 2003 1715 2052 authoritate
1745 2008 1791 2051 et
1817 2004 2111 2052 determina—

330 2091 459 2139 tione
482 2107 592 2138 mea
613 2089 900 2153 obligentur,
933 2086 1152 2135 similiter
1178 2086 1402 2148 quicquid
1430 2101 1518 2149 per
1542 2102 1620 2134 me
1656 2090 1824 2134 contra
1848 2085 1922 2135 vel
1948 2090 2112 2151 preter

331 2174 546 2237 predicta
566 2188 866 2236 quacumque
889 2170 1072 2219 ratione
1096 2173 1283 2233 gestum
1310 2170 1381 2217 vel
1411 2169 1588 2217 factum
1615 2169 1776 2229 fuerit,
1800 2169 1860 2218 sit
1879 2169 1984 2234 ipso
2000 2170 2108 2234 jure

332 2257 517 2305 irritum
558 2260 605 2304 et
642 2256 784 2303 inane
829 2254 1102 2316 nulliusque
1139 2252 1372 2301 momenti
1413 2256 1460 2300 et
1501 2253 1687 2300 roboris
1722 2257 1769 2302 et
1804 2268 1892 2317 pro
1929 2253 2108 2302 infecto

331 2341 587 2397 habeatur3
610 2343 664 2401 ‘et
692 2337 1001 2385 nihilominus
1025 2336 1262 2398 premissa
1293 2335 1455 2382 omnia
1482 2341 1530 2382 et
1549 2335 1794 2398 quodlibet
1820 2335 2034 2398 ipsorum
2055 2334 2109 2383 in

335 2437 419 2470 suo
455 2422 614 2485 rigore
649 2424 695 2467 et
734 2418 1037 2467 observantia
1074 2417 1214 2464 firma
1257 2421 1589 2480 permaneant.
1630 2419 1681 2464 In
1716 2418 1849 2490 cujus
1881 2417 2028 2465 fidem
2061 2420 2109 2464 et

333 2503 662 2553 testimonium
683 2518 770 2550 nos
793 2516 961 2550 omnes
982 2498 1202 2547 manibus
1222 2499 1427 2563 propriis
1450 2498 1818 2562 subscripsimus
1843 2516 1854 2548 ε

401 2591 500 2652 Ego
531 2585 810 2644 Rodericus,
842 2583 1096 2647 episcopus
1119 2581 1419 2641 Portuensis,
1449 2582 1867 2631 vicecancellarius
1893 2583 2109 2646 predicta

335 2671 550 2736 promisi,
568 2669 689 2728 vovi,
711 2673 757 2717 et
773 2667 944 2732 juravi,
964 2671 1011 2714 et
1031 2667 1090 2714 ad
1107 2667 1254 2715 fidem
1278 2682 1422 2714 manu
1443 2667 1636 2730 propria
1656 2682 1734 2714 me
1757 2666 2040 2731 subscripsi:

402 2756 501 2817 Ego
539 2752 797 2810 Oliverius,
841 2750 1096 2814 episcopus
1136 2749 1412 2798 Sabinensis
1449 2750 1701 2798 cardinalis
1741 2750 2103 2814 NeapolitanUS,

335 2837 552 2903 predicta
583 2835 805 2900 promisi,
845 2833 948 2882 vovi
988 2837 1035 2881 et
1062 2833 1238 2897 juravi,
1276 2837 1324 2881 et
1355 2833 1415 2880 ad
1452 2833 1597 2881 fidem
1627 2850 1769 2884 manu
1804 2833 1999 2899 propria
2028 2848 2106 2882 me

340 2921 618 2986 subscripsi.

401 3009 501 3070 Ego
522 3007 728 3063 MarcuS,
754 3002 1009 3067 episcopus
1031 3002 1339 3051 prenestinus
1364 3001 1621 3050 cardinalis
1643 3018 1681 3048 s.
1699 3001 1865 3060 Marci,
1891 2999 2108 3065 predicta

337 3088 555 3155 promisi,
577 3087 680 3136 vovi
702 3091 749 3135 et
764 3086 933 3151 juravi,
956 3091 1002 3134 et
1022 3086 1083 3133 ad
1102 3085 1265 3144 fidem,
1278 3122 1286 3131 .
1300 3121 1330 3133 ..

397 3176 497 3237 Ego
523 3170 757 3231 Julianus,
785 3170 1058 3235 episcopus,
1080 3167 1333 3216 cardinalis
1355 3167 1506 3216 sancti
1521 3165 1656 3217 Petri
1675 3166 1735 3215 ad
1751 3167 1971 3230 Vincula,
1994 3185 2105 3236 pre-

341 3255 467 3304 dicta
486 3255 703 3319 promisi,
716 3291 724 3302 .
738 3291 768 3302 ..

404 3342 502 3403 Ego
533 3339 763 3403 Baptista,
795 3335 1048 3401 episcopus
1078 3332 1370 3382 Tusculanus
1402 3332 1654 3382 cardinalis
1685 3339 1847 3385 sancte
1873 3336 2022 3385 Marie
2057 3336 2104 3385 in

343 3422 612 3482 Porticu,...
