2262 3958
333 347 403 382 340
938 341 1170 377 ιΙΟΗΑΝΝΙὸ
1204 339 1497 384 BURCHARDI,
1889 346 1992 387 [Mars
2012 348 2103 389 1489]

331 449 502 511 quibus
536 446 758 494 omnibus
794 445 999 508 receptis
1038 460 1066 491 a
1109 442 1337 512 pontifice
1384 449 1691 491 accesserunt
1734 445 2003 494 successive
2037 446 2098 494 ad

330 547 498 579 omnes
524 529 805 587 cardinales,
836 528 991 591 primo
1019 527 1078 574 ad
1102 524 1571 583 vicecancellarium,
1597 529 1696 574 tum
1731 528 1791 575 ad
1818 529 1935 577 alios
1966 533 2014 577 et
2035 530 2096 577 ab

329 613 548 661 omnibus
587 612 647 659 ad
683 612 778 659 oris
819 611 1033 658 osculum
1074 613 1181 656 sunt
1223 607 1429 671 recepti;
1474 611 1576 655 tum
1619 609 1678 656 ad
1717 626 1802 657 sua
1836 611 1946 659 loca
1985 615 2095 676 post

328 699 515 742 Rmum.
546 697 602 741 D.
640 693 931 741 cardinalem
964 696 1276 741 Parmensem
1309 691 1530 739 collocati
1564 708 1573 739 :
1612 692 1783 754 quibus
1829 695 2094 744 conseden-

329 778 473 836 tibus,
513 776 748 824 Dominus
789 776 962 824 Paulus
997 774 1172 823 Planca
1211 774 1465 822 advocatus
1502 774 1750 838 proposuit
1780 775 1922 823 aliam
1959 791 2094 825 com-

327 858 623 918 missionem,
657 874 752 921 qua
778 874 865 921 per
900 858 1177 921 pontificem
1218 857 1442 916 admissa,
1483 862 1702 906 cantores
1730 858 2014 922 inceperunt
2046 863 2094 908 et

328 941 569 1006 prosecuti
599 945 708 989 sunt
736 942 969 1006 hymnum
1000 941 1094 989 sive
1118 941 1356 989 canticum
1382 957 1390 987 :
1425 939 1485 986 Te
1513 939 1670 987 Deum
1694 940 1971 999 lazcdamzcs‚·
2001 957 2095 1004 quo

329 1024 541 1088 incepto,
588 1024 733 1072 iidem
771 1027 992 1083 cantores
1030 1022 1267 1091 intrarunt
1315 1021 1547 1085 capellam
1583 1037 1780 1085 parvam
1823 1026 2090 1080 cantanteS‚

328 1123 447 1170 quos
471 1107 622 1155 secuti
640 1110 749 1154 sunt
775 1121 942 1153 omnes
962 1105 1246 1163 cardinales,
1278 1104 1489 1168 exceptis
1519 1104 1578 1152 de
1599 1107 1730 1151 Fuxo
1750 1108 1797 1152 et
1818 1121 1856 1153 s.
1884 1105 2091 1168 Georgii,

328 1189 406 1252 qui
433 1189 616 1237 iverunt
640 1189 700 1237 ad
729 1187 1050 1236 assistendum
1080 1190 1225 1251 Pape,
1259 1187 1356 1235 bini
1385 1191 1432 1234 et
1461 1187 1575 1245 bini,
1607 1188 1762 1250 primo
1792 1187 2094 1236 vicecancel—

325 1272 490 1331 larius,
516 1272 687 1320 deinde
715 1271 792 1319 alii
821 1286 907 1319 suo
933 1271 1115 1319 ordine.
1144 1270 1309 1317 RRmi.
1341 1269 1520 1316 domini
1543 1270 1601 1317 de
1624 1269 1885 1318 Comitibus
1903 1274 1951 1319 et
1985 1273 2099 1319 Par-

326 1354 506 1402 mensis
532 1353 801 1418 presbyteri
838 1352 1124 1412 cardinales,
1157 1353 1217 1400 ob
1246 1351 1485 1399 defectum
1519 1352 1849 1411 diaconorum,
1882 1353 2094 1401 medium

326 1437 449 1485 inter
484 1453 534 1485 se
570 1437 843 1485 habuerunt
887 1435 1204 1494 Aleriensem,
1257 1439 1305 1482 et
1345 1434 1393 1481 in
1444 1433 1611 1481 ultimo
1658 1434 1766 1482 loco
1814 1435 2092 1484 incedentes

330 1518 529 1567 Sabellis
565 1523 611 1567 et
646 1519 878 1567 Columna
908 1518 1115 1576 diaconi,
1155 1518 1568 1575 Beneventanum3
1604 1517 1786 1580 antiqui
1827 1517 2094 1566 cardinales

325 1601 544 1649 fecerunt
564 1602 797 1650 circulum
826 1601 1050 1649 sedentes
1073 1615 1101 1647 a
1124 1599 1346 1647 cornibus
1374 1599 1534 1646 altaris
1562 1615 1724 1646 versus
1752 1603 1939 1663 portam
1960 1601 2092 1664 prin-

326 1683 529 1747 cipalem
550 1685 672 1732 dicte
695 1684 894 1748 capelle.
931 1685 1025 1731 Sex
1051 1682 1262 1746 episcopi
1291 1699 1318 1730 a
1344 1698 1494 1730 cornu
1517 1681 1735 1745 epistole,
1766 1683 2032 1748 presbyteri
2061 1699 2090 1732 a

323 1781 474 1813 cornu
506 1767 754 1830 evangelii,
803 1771 849 1814 et
888 1770 997 1830 post
1030 1781 1113 1814 eos
1154 1765 1231 1812 alii
1267 1765 1533 1828 presbyteri
1564 1768 1610 1812 et
1648 1764 1836 1813 diaconi
1872 1782 1896 1813 a
1935 1782 2083 1814 cornu

324 1848 542 1911 epistole,
576 1849 613 1895 si
643 1850 766 1896 bene
796 1849 976 1912 judico,
1004 1849 1087 1896 sed
1113 1849 1228 1896 illud
1250 1849 1318 1896 eis
1351 1848 1546 1911 placuit.
1581 1847 1694 1895 Novi
1729 1848 1995 1897 cardinales
2036 1864 2087 1897 se

323 1935 621 1994 prostrarunt
659 1932 707 1979 in
745 1937 921 1979 terram
957 1936 1066 1979 ante
1099 1932 1245 1978 altare
1281 1932 1329 1978 in
1358 1931 1501 1993 plano
1538 1930 1720 1993 capelle
1749 1919 1897 1994 super
1929 1935 2090 1995 tapete

328 2030 502 2077 magno
525 2014 702 2061 ibidem
724 2018 908 2077 parato,
948 2015 1311 2060 Beneventanus
1341 2012 1388 2058 in
1413 2006 1598 2071 'm-edio,
1624 2028 1652 2060 a
1681 2012 1858 2060 dextris
1877 2012 2091 2061 Alerien-

323 2097 386 2145 sis
423 2103 469 2145 et
506 2113 535 2144 a
573 2097 777 2144 sinistris
815 2098 921 2160 ejus
962 2096 1232 2155 Auriensis,
1284 2100 1534 2143 manentes
1576 2111 1728 2158 usque
1768 2100 1877 2158 post
1911 2095 2089 2143 dictam

322 2180 608 2228 orationem.

387 2263 539 2311 Finito
578 2263 639 2310 Te
667 2264 823 2310 Deam
854 2264 1120 2322 laudamus,
1162 2262 1579 2311 vicecancellarius
1611 2266 1754 2310 stans‘
1775 2266 1910 2310 extra
1939 2261 2087 2311 altare

319 2347 367 2393 in
395 2362 546 2394 cornu
573 2347 792 2409 epistole,
825 2362 959 2395 versa
994 2347 1115 2394 facie
1150 2347 1210 2394 ad
1242 2361 1392 2393 cornu
1427 2344 1678 2408 evangelii,
1713 2345 1866 2407 capite
1896 2345 2087 2394 discoo-

320 2433 475 2492 perto,
501 2444 558 2476 ex
578 2429 699 2476 libro
720 2445 864 2491 super
880 2429 1014 2476 altari
1042 2429 1198 2491 posito
1223 2428 1337 2475 dixit
1363 2446 1371 2474 :
1397 2429 1544 2476 Pater
1566 2436 1736 2488 noster,
1763 2433 1810 2477 et
1831 2429 1923 2476 alia
1941 2434 2085 2492 prout

320 2510 368 2557 in
389 2510 698 2559 ceremoniali
725 2528 733 2556 :
765 2511 936 2572 quibus
971 2511 1126 2570 dictis,
1156 2510 1422 2558 cardinales
1450 2510 1558 2558 novi
1586 2515 1912 2570 surrexerunt,
1951 2517 1999 2560 et
2025 2527 2084 2560 eo

322 2594 488 2641 ordine
518 2608 612 2656 quo
636 2597 881 2650 venerant,
914 2609 1082 2641 omnes
1111 2594 1355 2641 redierunt
1386 2593 1446 2640 ad
1478 2593 1812 2641 consistorium
1839 2593 1899 2641 ad
1930 2594 2086 2657 ponti-

321 2678 482 2736 ficem,
514 2693 676 2724 coram
712 2693 806 2739 quo
840 2677 1058 2724 fecerunt
1091 2677 1340 2734 circulum,
1378 2675 1484 2722 novi
1517 2691 1545 2723 a
1574 2676 1723 2724 latere
1758 2677 2000 2739 pontificis
2035 2677 2083 2725 in

318 2760 459 2823 plano
482 2759 604 2818 solii,
630 2759 752 2806 infra
772 2759 983 2822 episcopi
1006 2775 1033 2806 a
1053 2754 1293 2806 dextris'et
1312 2758 1576 2822 presbyteri
1592 2775 1619 2806 a
1640 2759 1867 2819 sinistris;
1895 2759 2082 2808 diaconi

320 2848 425 2906 post
442 2858 608 2890 omnes
636 2860 643 2888 :
665 2842 772 2889 novi
794 2842 1058 2889 cardinales
1079 2843 1217 2889 simul
1240 2858 1407 2889 omnes
1425 2846 1520 2889 tres
1542 2836 2080 2905 genutlexeruntcoram

320 2926 562 2989 pontifice.
592 2928 709 2972 Tum
741 2925 956 2988 pontifex
986 2925 1220 2988 recipiens
1255 2924 1492 2988 capellum
1526 2924 1730 2972 rubeum
1763 2940 1938 2973 novum
1969 2939 2078 2973 cum

318 3009 635 3071 pendentibus
675 3009 770 3055 suis
798 3023 942 3054 manu
972 3008 1098 3055 Petri
1143 3008 1200 3056 de
1235 3008 1387 3066 Valle,
1428 3007 1544 3055 illud
1578 3007 1720 3071 capiti
1759 3007 2080 3056 Beneventani

319 3087 623 3156 discooperto
645 3092 896 3154 imponens
919 3090 1034 3137 dixit
1059 3107 1068 3138 :
1094 3090 1284 3153 Accipe,
1307 3098 1390 3137 etc.

387 3177 488 3230 Quo
510 3174 636 3221 dicto
659 3172 872 3236 pontifex
900 3172 1104 3219 restituit
1127 3172 1363 3235 capellum
1384 3172 1598 3235 predicto
1628 3176 1768 3221 Petro
1797 3173 2075 3230 tenendum,

320 3262 371 3304 ut
392 3258 546 3320 prius;
587 3257 758 3305 deinde
784 3256 910 3303 aliud
944 3255 1179 3318 capellum
1214 3256 1399 3318 accepit
1423 3255 1480 3303 de
1507 3272 1651 3303 manu
1679 3257 1874 3304 alterius
1893 3260 1940 3304 et
1963 3254 2078 3302 illud

318 3339 544 3401 imposuit
589 3327 1043 3402 capiti'Aleriensis,
1074 3338 1236 3385 dicens
1266 3341 1315 3384 ut
1354 3337 1507 3400 prius;
1546 3338 1673 3387 idem
1708 3339 1819 3386 fecit
1849 3338 1907 3386 de
1938 3336 2077 3384 tertio

318 3421 500 3484 capello
532 3420 751 3469 Auriensi
779 3438 788 3468 :
824 3425 924 3468 tum
952 3424 1257 3468 surrexerunt
1286 3419 1392 3467 novi
1419 3420 1704 3479 cardinales,
1733 3425 1782 3468 et
1803 3419 1943 3467 simul
1965 3430 2076 3466 cum
