2262 3958
152 312 262 356 [Mars
284 311 374 354 ¹48⁹]
590 311 759 349 RERUM
795 310 1097 349 URBANARUM
1132 311 1482 349 COMMENTARu.
1864 307 1935 343 337

154 415 271 464 felix
303 418 351 464 et
382 414 565 463 faustus
600 416 677 475 sit,
715 432 773 464 ex
804 431 958 480 eoque
997 415 1105 464 talis
1141 416 1348 472 fructus,
1384 413 1577 478 qualem
1616 411 1729 460 boni
1766 427 1937 460 omnes

155 502 403 563 exoptant,
429 503 475 547 et
494 499 554 547 ad
573 500 704 548 hunc
723 500 870 548 finem
887 505 934 548 et
951 499 1380 549 Serenitati.vestre
1400 498 1458 546 de
1476 512 1711 562 prospero
1733 495 1936 544 adventu

156 581 440 644 gratulatur,
460 587 507 631 et
529 583 687 633 eidem
709 600 760 633 se
784 589 831 633 et
854 600 941 631 sua
963 583 1126 632 omnia
1145 582 1410 632 liberaliter
1426 582 1584 631 offert.
1613 601 1636 625 »

213 666 414 715 Ture-us
431 668 678 731 predictus
705 672 815 716 ante
848 671 895 716 et
918 672 1027 730 post
1053 667 1382 731 receptionem
1409 665 1676 730 predictam
1705 662 1934 728 equitavit

150 747 277 807 inter
298 749 609 798 Franciscum
644 750 759 799 Cibo
794 749 1083 798 sanctissimi
1112 751 1169 796 D.
1195 751 1251 797 N.
1274 764 1397 812 pape
1428 747 1577 795 filium
1605 764 1632 795 a
1662 747 1861 806 dextris,
1883 750 1933 796 et

147 832 360 896 priorem
385 833 606 882 Alvernie
633 837 862 898 nepotem
890 832 1107 897 magistri
1138 833 1247 880 novi
1275 831 1532 880 cardinalis
1560 849 1585 881 a
1617 831 1821 880 sinistris
1848 848 1858 880 ε
1881 834 1930 879 et

146 915 262 964 licet
288 919 482 965 senator
505 915 644 964 Urbis
678 919 726 963 et
749 915 910 978 plures
945 918 1162 962 oratores
1193 913 1322 972 laici,
1357 913 1578 962 videlicet
1606 912 1733 977 regis
1762 907 1928 960 Ferdi-

148 998 314 1059 nandi,
350 998 558 1047 Dominii
590 1001 889 1048 Venetorum
917 1002 964 1047 et
983 999 1062 1048 alii
1084 998 1231 1047 etiam
1252 996 1494 1063 pontificis
1525 996 1714 1056 affines,
1739 995 1930 1059 predic-

151 1086 252 1131 tum
295 1083 502 1131 Turcum
538 1081 829 1147 receperint,
870 1085 1053 1141 tamen,
1092 1081 1205 1145 quia
1239 1081 1484 1145 predictus
1517 1080 1650 1146 prior
1687 1079 1927 1139 Alvernie,

149 1179 374 1215 asserens
404 1181 455 1214 se
484 1170 728 1215 oratorem
756 1166 885 1230 regis
923 1169 1220 1214 Francorum
1249 1181 1357 1214 esse
1386 1170 1434 1215 et
1461 1181 1626 1214 curam
1654 1164 1770 1213 dicti
1791 1163 1935 1213 Turci

144 1248 236 1298 sibi
252 1249 566 1299 commissam
581 1265 708 1309 esse,
735 1249 947 1299 senatori
969 1254 1017 1299 et
1038 1249 1142 1298 aliis
1162 1250 1434 1311 oratoribus
1448 1249 1609 1299 locum
1626 1248 1741 1298 dare
1759 1248 1929 1308 noluit,

147 1337 351 1398 excepto
373 1339 598 1383 senatore
620 1333 829 1398 quiante
852 1350 940 1382 nos
964 1333 1208 1398 equitavit,
1235 1349 1404 1382 omnes
1428 1336 1751 1383 recesserunt.

206 1417 444 1468 Venimus
481 1418 578 1466 hoc
614 1417 782 1468 ordine
819 1417 878 1467 ad
915 1418 1146 1483 palatium
1187 1416 1509 1482 apostolicum
1545 1417 1671 1482 apud
1708 1421 1928 1465 sanctum

143 1504 356 1563 Petrum,
380 1501 431 1550 in
450 1517 563 1566 quo,
593 1502 641 1550 in
664 1502 870 1551 cameris
893 1501 1188 1567 apostoliciS,
1215 1502 1388 1566 quibus
1411 1500 1676 1566 imperator
1702 1517 1758 1550 ac
1785 1517 1927 1566 reges

142 1585 295 1635 etalii
321 1585 483 1651 magni
514 1585 757 1651 principes
789 1586 936 1651 recipi
967 1586 1140 1646 solent,
1181 1585 1453 1651 hospitatus
1485 1589 1576 1646 est,
1613 1601 1701 1650 per
1727 1589 1928 1649 pontem

140 1671 295 1719 sancti
316 1670 644 1719 Bartholomei
668 1670 764 1719 sive
792 1670 969 1731 Insule,
997 1670 1208 1735 plateam
1232 1669 1516 1730 Judeorum,
1541 1686 1765 1734 campum
1787 1669 1928 1718 Flore

141 1758 273 1804 recta
293 1755 369 1803 via
403 1754 465 1803 ad
496 1753 726 1819 palatium
758 1754 1048 1818 predictum,
1086 1771 1262 1819 magna
1291 1753 1600 1804 multitudine
1635 1754 1927 1819 populorum

139 1837 351 1901 undique
371 1837 602 1886 stantium
617 1841 663 1886 et
677 1838 928 1886 introitum
943 1838 1227 1902 hujusmodi
1244 1838 1667 1903 conspicientium.
1688 1841 1740 1886 ln
1755 1837 1925 1903 primis

140 1922 419 1986 equitabant
453 1921 634 1970 familie
665 1921 1002 1983 cardinalium,
1027 1921 1201 1970 deinde
1231 1921 1412 1971 familie
1444 1922 1648 1971 militum
1678 1928 1726 1972 et
1746 1923 1928 1973 milites

136 2005 216 2069 qui
250 2007 461 2055 Turcum
493 2021 552 2054 ex
580 2005 782 2054 Francia
812 2005 1172 2065 conduxerant;
1201 2006 1379 2054 familia
1414 2006 1574 2068 Turci,
1607 2023 1815 2071 quorum
1850 2008 1932 2056 de-

136 2104 243 2139 cem
269 2095 408 2139 erant
427 2089 502 2138 vel
523 2089 670 2149 circa,
689 2089 896 2154 demptis
915 2089 1006 2138 illis
1025 2089 1105 2154 qui
1120 2093 1331 2138 Turcum
1356 2091 1703 2154 sequebantur,
1721 2108 1925 2155 quorum

135 2173 327 2239 dignior
346 2189 376 2222 a
395 2173 574 2222 dextris
595 2172 806 2222 habebat
829 2178 1072 2223 oratorem
1103 2174 1297 2222 Soldani
1326 2174 1386 2223 (le
1409 2190 1504 2238 quo
1528 2174 1651 2223 infra
1672 2175 1888 2224 dicemus
1909 2190 1918 2234 ;

135 2257 350 2307 scutiferi
372 2260 518 2323 Pape,
544 2262 743 2306 senator
768 2273 879 2307 cum
908 2257 1051 2307 certis
1074 2258 1334 2319 nobilibuS,
1360 2259 1626 2308 servientes
1656 2274 1918 2319 armorum,

133 2342 361 2392 heraldus
383 2342 509 2406 regis
532 2342 754 2412 Francia,
779 2341 940 2391 clerici
963 2342 1367 2391 ceremoniarum.
1392 2344 1432 2390 A
1454 2342 1658 2391 sinistris
1677 2342 1799 2391 meis
1821 2347 1924 2391 erat

132 2425 372 2491 interpres
419 2425 585 2486 Turci,
628 2429 677 2474 et
720 2427 904 2474 Turcus
943 2425 1069 2474 inter
1116 2425 1429 2475 Franciscum
1472 2426 1587 2474 Cibo
1628 2429 1674 2473 et
1711 2425 1923 2490 priorem

131 2509 393 2575 predictOS,
419 2509 829 2574 turchopellerius
863 2509 1145 2571 rhodianuS,
1171 2514 1378 2574 quatuor
1399 2526 1456 2559 ex
1478 2509 1721 2559 nobilibus
1743 2510 1922 2558 familie

131 2594 293 2654 Turci,
316 2594 595 2644 cubicularii
620 2597 766 2659 Pape,
793 2594 1213 2644 Rhodianiomnes
1237 2599 1345 2660 post
1368 2594 1706 2643 cubicularios.
1738 2596 1922 2643 Turcus

131 2677 180 2724 in·
200 2677 378 2742 palatio
412 2678 662 2728 descendit
690 2677 739 2725 in
769 2678 904 2726 curia
935 2679 1016 2726 ubi
1045 2679 1315 2727 cardinales
1344 2678 1559 2742 equitare
1589 2678 1763 2738 solent,
1792 2679 1919 2727 unde

131 2762 441 2811 ascendendo
478 2778 566 2827 per
607 2762 765 2811 aulam
803 2778 1029 2827 magnam
1078 2763 1138 2812 ad
1188 2778 1406 2812 cameras
1449 2763 1775 2826 predictorum
1831 2761 1920 2809 fuit

132 2845 386 2906 deductuS,
410 2846 491 2894 ubi
512 2846 783 2910 hospitatus
806 2851 898 2905 est,
923 2851 970 2894 et
991 2863 1019 2894 a
1040 2847 1269 2896 militibus
1291 2847 1520 2911 predictis
1543 2845 1828 2894 custoditus.

199 2930 447 2979 Mensibus
470 2929 756 2995 supradictis
777 2929 906 2978 venit
929 2930 990 2978 ad
1011 2930 1190 2979 Urbem
1218 2936 1382 2979 orator
1403 2930 1598 2994 grandis
1631 2929 1824 2978 Soldani
1858 2927 1917 2976 ad

133 3029 376 3063 summum
410 3014 691 3079 pontificem
718 3013 895 3061 missus
928 3016 1125 3076 propter
1152 3016 1358 3061 Turcnm
1389 3014 1533 3061 hodie
1569 3016 1837 3076 receptum.
1874 3013 1916 3058 ls

134 3114 244 3147 cum
274 3098 418 3147 hodie
447 3098 762 3147 intellexisset
791 3099 996 3144 Turcum
1031 3098 1208 3145 Urbem
1239 3097 1588 3161 ingressurum,
1620 3096 1745 3144 venit
1774 3095 1918 3143 etiam

138 3182 326 3231 obviam
350 3198 497 3245 eques
519 3198 627 3230 cum
651 3181 828 3229 familia
852 3181 1082 3245 pedestri,
1113 3196 1319 3244 quorum
1342 3181 1513 3228 decem
1538 3184 1674 3227 crant
1696 3178 1768 3226 vel
1793 3178 1922 3226 circa

139 3270 275 3315 extra
292 3270 481 3330 portam
503 3265 786 3314 Portesiam.
813 3267 932 3313 Nam
950 3267 1135 3313 Turcus
1154 3265 1291 3328 juxta
1313 3279 1478 3312 muros
1499 3263 1638 3311 Urbis
1658 3266 1703 3310 et
1720 3261 1918 3321 flumen,

137 3353 273 3397 extra
305 3348 483 3396 dictam
525 3352 732 3412 portam,
789 3366 938 3414 eques
981 3349 1153 3397 horam
1195 3346 1483 3411 expectabat
1520 3346 1771 3403 introitus3
1812 3345 1923 3393 huic

132 3432 312 3481 oratori
337 3437 473 3481 extra
502 3432 677 3480 dictam
702 3437 889 3497 portam
919 3432 1192 3497 expectanti
1226 3431 1418 3480 obviam
1458 3438 1691 3479 venerunt
1719 3430 1850 3494 prior
1877 3433 1925 3477 et

321 3540 353 3564 T.
378 3542 401 3565 1.
1686 3527 1733 3560 —23
