2262 3958
202 335 285 380 [Mai
303 333 396 376 1492]
630 326 799 363 RERUM
835 325 1142 364 URBANARUM
1177 323 1528 362 COMMENTARII.
1917 325 1989 361 485

199 433 308 484 nale
328 430 444 496 ipsis
466 429 595 494 quod
615 429 688 477 vel
709 429 997 478 recederent
1018 428 1091 477 vel
1109 428 1432 492 procederent
1448 426 1537 476 sub
1553 443 1681 492 pena
1702 427 1982 485 mandante,

198 517 543 582 processerunt
565 517 612 561 et
634 513 785 560 secuti
807 516 918 560 sunt
940 512 1091 561 nostri
1114 511 1282 560 ordine
1305 511 1578 560 infradicto.

265 598 432 654 Clerus
454 596 593 646 Urbis
616 613 702 644 suo
725 595 909 644 ordine.
932 625 997 632 —-
1012 596 1307 645 Collectores
1324 595 1523 660 plumbi.
1547 625 1612 632 —-
1635 596 1986 645 Sollicitatores

198 683 448 732 literarum
475 679 865 744 apostolicarum.
892 707 958 714 —
984 679 1168 727 Notarii
1196 679 1441 727 auditores
1476 695 1688 728 camere.
1713 709 1778 715 --
1804 681 1986 729 Notarii

201 766 443 816 auditores
483 768 603 813 rote.
642 791 708 798 —
744 765 1086 810 Procuratores
1134 761 1491 825 penitentiarie.
1535 791 1598 798 —-
1641 766 1987 812 Procuratores

200 849 626 900 contradictarum.
667 875 730 882 —
762 845 1135 894 Abbreviatores
1174 845 1232 893 de
1266 845 1423 908 prima
1455 846 1636 894 visione
1668 851 1714 894 et
1748 848 1806 895 de
1840 863 1987 911 parco

199 934 394 983 minori.
426 961 491 968 —-
518 930 788 994 Scriptores
822 928 1182 993 penitentiarie.
1216 956 1280 963 —
1316 928 1586 991 Scriptores
1615 930 1885 992 apostolici.
1924 960 1987 966 —-

197 1016 415 1082 Magistri
434 1014 685 1076 utriusque
714 1012 924 1077 registri.
954 1040 1019 1047 -—
1046 1011 1420 1060 Abbreviatores
1449 1012 1508 1059 de
1539 1028 1687 1075 parco
1710 1013 1898 1075 majori.
1925 1043 1988 1050 —

198 1100 480 1149 BullatoreS.
505 1127 569 1134 —
586 1096 803 1161 Magistri
824 1095 1026 1160 plumbi.
1050 1124 1116 1131 —
1143 1096 1764 1149 Procuratoresordinum.
1786 1126 1851 1132 —
1870 1100 1987 1145 Pro-

197 1187 444 1232 curatores
465 1180 753 1246 principum.
783 1209 848 1215 —
871 1180 1128 1229 Secretarii
1155 1185 1202 1229 et
1237 1180 1479 1228 advocati.
1512 1210 1575 1216 —
1594 1180 1903 1229 Cubicularii.
1924 1211 1989 1217 -—

196 1264 477 1315 Camerarii.
513 1292 579 1300 --
616 1265 844 1313 Oratores
871 1264 1144 1328 principum
1172 1264 1282 1312 laici
1316 1267 1365 1313 et
1396 1265 1623 1313 barones.
1660 1294 1721 1300 —
1757 1267 1986 1314 Cantores

198 1353 344 1415 Pape.
367 1377 432 1386 —
452 1347 670 1396 Accoliti.
690 1377 755 1383 —
770 1347 939 1396 Clerici
962 1363 1171 1396 camere.
1191 1377 1256 1384 —-
1273 1348 1531 1397 Auditores
1552 1353 1674 1397 rote.
1697 1379 1760 1385 —-
1782 1350 1985 1399 Accoliti

197 1449 309 1483 cum
330 1431 632 1482 candelabris
662 1435 710 1480 et
740 1431 1006 1480 thuribulo,
1036 1461 1095 1467 -
1118 1431 1411 1480 Subdiaconi
1443 1448 1553 1480 cum
1583 1449 1724 1481 cruce
1757 1438 1804 1482 et
1827 1433 1986 1484 sociis,

196 1547 260 1556 -—
281 1515 627 1567 Penitentiarii.
649 1545 713 1551 -—
734 1502 960 1564 AbbateS.
984 1545 1046 1551 --
1069 1516 1310 1580 Episcopi,
1339 1517 1694 1581 archiepiscopi
1724 1522 1770 1565 et
1795 1518 1982 1581 prelati.

193 1629 259 1637 —
280 1601 509 1649 Oratores
528 1598 701 1663 prelati
723 1598 1004 1648 assistentes
1030 1602 1175 1664 Pape,
1209 1600 1379 1664 parati.
1405 1630 1468 1636 —
1491 1600 1691 1648 Diaconi
1716 1600 1986 1649 cardinales

198 1699 295 1733 non
315 1681 618 1742 assistentes,
641 1682 707 1748 (in
723 1682 969 1746 digniores
989 1682 1110 1731 duos
1129 1687 1232 1731 erat
1255 1683 1444 1732 medius
1460 1684 1684 1748 princeps
1707 1684 1902 1750 Capue).
1923 1714 1986 1720 -

198 1767 476 1833 Presbyteri
505 1767 775 1816 cardinales
803 1771 851 1816 et
870 1767 1102 1831 episcopi.
1118 1797 1182 1803 ——
1202 1770 1306 1815 Duo
1323 1767 1514 1816 diaconi
1534 1771 1661 1832 Pape
1685 1769 1982 1817 assistentes

195 1880 262 1888 -
282 1851 506 1901 Scutiferi
529 1854 658 1916 Pape
682 1867 791 1899 cum
813 1851 1088 1900 intorticiiS.
1104 1881 1168 1887 -—-
1186 1854 1291 1899 Duo
1314 1852 1503 1900 accoliti
1525 1868 1637 1900 cum
1663 1852 1982 1901 candelabris

195 1965 260 1973 —
281 1939 387 1986 Duo
408 1935 600 1984 accoliti
622 1951 733 1984 cum
762 1935 1035 1985 thuribulis.
1061 1965 1126 1971 ——
1148 1938 1277 1999 Papa
1305 1935 1393 1983 sub
1421 1935 1730 1984 baldachino.
1757 1965 1821 1971 —
1842 1937 1986 1984 Audi-

194 2025 272 2070 tor
297 2018 357 2068 de
378 2018 523 2068 mitra
543 2019 775 2079 servienS,
798 2019 1005 2068 medius,
1029 2049 1094 2055 —-
1116 2018 1439 2088 Protonotarii
1467 2019 1766 2068 assistentes.
1808 2020 1982 2069 Prelati

193 2117 292 2151 non
317 2101 488 2166 parati.
516 2131 582 2138 —
607 2102 700 2150 Alii
721 2102 1060 2166 protonotarii.
1085 2132 1149 2139 —
1170 2105 1434 2155 Generales
1466 2106 1708 2154 ordinum.
1728 2136 1793 2142 —
1814 2107 1983 2171 Togati

193 2183 355 2241 aulici.

259 2267 612 2319 Baldachinum
642 2274 897 2334 portarunt
933 2271 1143 2320 barones
1180 2277 1227 2321 et
1266 2273 1454 2323 nobiles
1497 2274 1575 2338 qui
1614 2290 1724 2322 cum
1760 2275 1980 2340 principe

193 2355 354 2418 Capue
397 2355 601 2402 Romam
640 2360 891 2414 venerunt,
935 2371 1031 2403 una
1076 2371 1188 2403 cum
1233 2356 1337 2405 aliis
1377 2358 1556 2418 nostris
1598 2357 1867 2417 nobilibus;
1914 2359 1983 2407 sic

192 2453 363 2487 eorum
385 2436 474 2486 fuit
495 2453 703 2501 magnus
723 2454 970 2487 numerus,
1002 2440 1190 2488 Nostris
1217 2442 1641 2491 conservatoribus
1676 2443 1838 2491 locum
1869 2443 1979 2492 dedi

192 2521 374 2571 ibidem
390 2525 502 2571 ante
522 2520 884 2582 baldachinum,
911 2527 1108 2587 propter
1129 2523 1411 2572 scandalum
1433 2526 1728 2586 evitandum,
1763 2527 1822 2575 de
1845 2543 1986 2576 man-

190 2606 304 2655 dato
326 2607 411 2655 SS.
439 2607 498 2653 D.
521 2607 578 2654 N.
602 2621 744 2670 pape.
770 2607 854 2654 SS.
886 2608 942 2654 D.
964 2609 1020 2655 N.
1045 2611 1275 2657 statuerat
1297 2608 1374 2659 die
1401 2609 1621 2673 predicta
1641 2612 1980 2678 presbyterum

191 2688 254 2737 ad
265 2687 525 2738 ecclesiam
540 2688 721 2737 ibidem
737 2705 847 2738 cum
860 2690 989 2739 ferro
1003 2690 1164 2740 redire
1179 2707 1188 2750 ;
1209 2692 1338 2756 quod
1355 2698 1538 2754 tamen,
1557 2710 1667 2742 cum
1681 2696 1981 2760 superfluum

192 2777 241 2822 et
265 2771 368 2821 sine
390 2787 538 2821 causa
557 2772 739 2821 factum
766 2772 953 2835 fuisset,
989 2774 1249 2834 omissum,
1292 2781 1455 2825 tamen
1485 2782 1686 2841 propter
1720 2778 1980 2827 tumultum

191 2861 240 2907 et
256 2857 489 2922 populum
510 2857 793 2915 maximum,
817 2861 1017 2921 propter
1043 2874 1190 2922 quem
1220 2875 1332 2908 cum
1361 2876 1539 2924 magna
1560 2861 1845 2910 confusione
1867 2877 1981 2926 pro—

156 2925 348 3002 2oehsio
368 2940 462 2990 hec
483 2941 706 2990 ordinata
749 2940 943 3004 incepta
977 2941 1083 3002 fuit,
1126 2944 1473 2993 convenienter
1504 2949 1668 2993 tamen
1700 2951 1974 3009 prosecuta.

192 3014 359 3075 (tinnis
377 3023 453 3073 via
473 3040 501 3072 a
520 3023 699 3088 palatio
721 3023 781 3073 de
798 3023 1030 3072 Martellis
1054 3040 1203 3088 usque
1237 3026 1295 3074 ad
1329 3027 1579 3075 basilicam
1617 3044 1654 3074 s.
1694 3028 1822 3076 Petri
1852 3028 1976 3076 bene

191 3107 427 3157 mundata
445 3107 551 3167 fuit,
572 3123 630 3156 ac
647 3107 819 3172 pannis
838 3112 1030 3167 ornata;
1057 3112 1103 3156 et
1132 3113 1242 3158 ante
1267 3109 1507 3173 predictas
1536 3110 1725 3168 domos,
1755 3110 1978 3161 videlicet

193 3191 451 3240 cardinalis
486 3191 762 3241 Parmensis
790 3196 837 3240 et
868 3191 1071 3240 aliorum
1105 3192 1278 3256 pannis
1311 3198 1561 3256 cooperta,
1600 3198 1646 3241 et
1683 3194 1744 3241 ab
1773 3194 1979 3243 ecclesia

190 3276 334 3324 beate
355 3275 504 3324 Marie
526 3276 575 3324 in
595 3276 950 3341 Transpontina
970 3292 1120 3340 usque
1149 3277 1209 3324 ad
1238 3277 1487 3325 basilicam
1507 3276 1775 3342 predictam
1796 3278 1910 3327 hinc
1931 3283 1979 3328 et

191 3359 303 3408 inde
343 3359 516 3424 pannis
552 3360 870 3410 cardinalium
904 3363 1096 3419 ornata;
1136 3359 1309 3423 quibus
1342 3360 1418 3408 via
1453 3360 1556 3424 ipsa
1586 3375 1672 3424 per
1701 3361 1970 3410 Johannem

189 3443 390 3492 Mariam
413 3444 599 3493 socium
618 3460 782 3496 meum
801 3446 906 3509 ipsa
917 3445 1000 3494 fuit
1016 3460 1102 3508 per
1117 3459 1295 3493 cannas
1317 3444 1483 3493 divisa.
1508 3444 1741 3495 Venimus
1763 3461 1968 3510 peream
