2262 3958
94 344 189 396 [suin
209 344 302 393 1492]
542 341 712 379 RERUM
746 340 1049 379 URBANARUM
1082 340 1431 379 COMMENTARII.
1806 337 1876 374 413

92 445 420 513 aggredienda
438 445 583 506 foret,
608 462 750 510 quam
766 446 904 511 juxta
919 445 1170 494 literarum
1194 460 1389 494 suarum
1412 447 1633 492 tenorem
1663 440 1724 490 ad
1745 439 1879 504 prin-

92 531 230 596 cipes*
239 529 461 579 datarum
477 530 690 578 animum
711 545 976 595 exponens,

157 605 529 680 Responderunt
562 618 779 663 oratores
808 629 859 662 se
887 618 1083 662 vocatos
1112 628 1219 662 esse
1251 612 1311 661 ad
1341 610 1632 660 audiendam
1658 608 1882 681 volunta-

92 702 194 749 tem
214 698 493 748 Sanctitatis
516 713 601 746 sue
629 702 677 746 et
700 697 830 744 illam
860 697 1157 760 principibus
1184 696 1282 743 suis
1309 694 1631 752 referendam,
1662 693 1722 741 ad
1752 692 1882 756 quod

91 783 247 847 parati
268 785 448 840 essent,
474 797 566 830 nec
588 796 639 829 se
663 779 892 828 mandata
913 779 1095 827 habere
1129 779 1189 826 ad
1216 777 1620 826 concludendum.
1646 778 1752 825 Duo
1773 792 1883 824 ora-

92 872 225 917 tores
241 866 372 930 regis
393 869 441 915 et
458 865 596 929 regni
618 863 974 927 Hispaniarum,
996 863 1078 926 qui
1099 878 1210 910 cum
1230 862 1410 911 nostris
1427 861 1591 909 locum
1607 860 1883 910 habuerunt

92 967 189 1001 una
207 967 319 1000 cum
346 950 543 999 domino
577 948 788 997 Roberto
819 947 879 996 de
899 946 1223 995 Blitterzanch
1249 950 1442 995 oratore
1465 943 1722 1009 imperiali,
1747 943 1884 993 dixe-

94 1039 207 1085 runt
232 1037 290 1083 D'.
313 1038 482 1082 nostro
506 1032 637 1096 quod
663 1031 903 1080 Sanctitas
932 1046 1018 1078 sua
1045 1030 1247 1094 singulis
1271 1045 1358 1078 sua
1385 1029 1495 1078 loca
1521 1027 1635 1077 dare
1665 1027 1809 1076 vellet
1836 1032 1885 1076 et

94 1134 194 1168 non
214 1133 299 1166 eos
335 1131 387 1165 se
419 1116 470 1164 in
498 1119 662 1180 partes
691 1114 905 1163 dividere
933 1114 1019 1163 sed
1047 1114 1191 1162 simul
1212 1129 1395 1178 ponere
1418 1128 1554 1162 more
1579 1112 1739 1172 solite,
1769 1111 1886 1160 alio-

90 1201 208 1266 quin
233 1200 464 1264 deinceps
495 1199 544 1247 in
570 1198 1031 1262 congregationibus
1053 1197 1335 1262 hujusmodi
1360 1212 1643 1262 comparere
1673 1211 1773 1243 non
1791 1195 1887 1244 vel-

0 1295 7 1336 ὲ
34 1301 37 1303 “
88 1285 215 1343 lent3
230 1284 335 1349 jam
354 1298 468 1332 vero
491 1287 707 1331 oratores
736 1282 1067 1346 supplicarunt
1095 1282 1348 1330 Sanctitati
1373 1297 1458 1329 sue
1483 1280 1613 1344 quod
1633 1280 1775 1329 citius
1799 1294 1884 1328 eos

0 1375 3 1384 ²
61 1437 67 1442 .
90 1367 358 1434 expediret,
390 1371 442 1416 ut
476 1370 587 1416 ante
618 1366 806 1415 calores
830 1366 1054 1415 estivales
1079 1366 1140 1414 ad
1163 1366 1371 1429 patriam
1397 1369 1598 1430 possent
1622 1364 1808 1423 redire;
1838 1367 1886 1413 et

90 1457 165 1504 est
194 1453 508 1518 congregatio
541 1452 610 1500 sic
638 1451 887 1510 dissoluta,
928 1451 977 1498 in
1005 1466 1100 1514 qua
1126 1454 1344 1499 oratores
1371 1450 1607 1499 habentes
1637 1448 1882 1508 mandata,

91 1535 267 1601 quibus
283 1537 418 1602 prius
439 1536 522 1585 illa
541 1551 640 1583 non
660 1535 898 1594 viderant,
919 1539 1280 1599 presentarunt.

17 1612 21 1616 ”
102 1636 104 1638 ·
142 1621 285 1670 Feria
303 1626 458 1681 sexta,
482 1626 510 1669 4
532 1620 716 1669 mensis
730 1620 875 1685 junii,
901 1621 986 1669 SS.
1012 1623 1070 1668 D.
1089 1622 1146 1669 N.
1171 1620 1291 1669 mihi
1313 1621 1374 1669 ad
1392 1636 1442 1669 se
1462 1625 1634 1670 vocato
1655 1625 1704 1670 et
1721 1636 1887 1670 coram

92 1704 358 1754 Sanctitate
380 1705 536 1754 suain
556 1705 699 1753 horto
722 1709 912 1754 secreto
934 1704 1064 1752 solus
1086 1720 1198 1752 cum
1218 1704 1321 1753 5010
1340 1705 1621 1766 constitute,
1644 1705 1888 1754 commisit

90 1793 329 1855 quatenus
355 1805 462 1838 cras
483 1789 532 1838 in
552 1788 768 1852 vesperis
799 1788 1064 1837 Sanctitate
1093 1805 1180 1837 sua
1206 1788 1254 1836 in
1289 1788 1524 1853 capellam
1552 1789 1781 1848 intrante,
1803 1788 1889 1837 da-

91 1876 226 1923 retur
244 1874 381 1923 locus
408 1872 470 1922 ad
497 1872 675 1938 gradus
701 1872 810 1921 solii
843 1872 1122 1922 Sanctitatis
1149 1888 1234 1921 sue
1259 1873 1439 1921 oratori
1472 1873 1601 1937 regis
1631 1876 1888 1923 Scotorum

91 1962 202 2022 post
222 1957 399 2007 ducem
413 1958 558 2016 Sore,
595 1961 644 2006 et
675 1961 786 2021 post
812 1957 948 2005 illum
970 1957 1123 2005 tribus
1154 1957 1428 2005 oratoribus
1451 1957 1631 2005 ducum
1660 1957 1884 2016 Bavarie3

91 2040 322 2106 respondi
357 2041 611 2090 Sanctitati
651 2057 736 2089 sue
776 2040 1123 2090 inconveniens
1161 2040 1331 2099 videri,
1371 2056 1554 2105 ponere
1599 2042 1804 2091 clericos
1838 2042 1885 2090 in

92 2124 256 2173 locum
274 2124 567 2173 secularium
588 2124 670 2188 qui
693 2129 766 2173 est
793 2125 841 2171 in
861 2125 982 2173 solio
1003 2140 1086 2174 sue
1105 2125 1402 2183 SanctitatiS,
1423 2125 1506 2174 ubi
1525 2126 1619 2174 alia
1636 2126 1884 2174 contentio

95 2209 224 2256 inter
239 2207 348 2256 illos
369 2211 418 2257 et
445 2207 620 2256 ducem
640 2207 914 2272 predictum
942 2224 998 2256 00
1025 2213 1390 2257 conservatores
1416 2209 1576 2267 Urbis,
1602 2209 1775 2273 quibus
1796 2209 1886 2274 ipsi

98 2294 316 2340 oratores
348 2290 523 2340 cedere
557 2290 759 2350 nollent,
803 2295 968 2356 posset
1001 2292 1203 2350 exoriri;
1236 2296 1461 2356 preterea
1494 2292 1621 2342 bone
1650 2293 1887 2341 memorie

94 2373 304 2423 Johanni
344 2374 453 2423 duci
491 2375 690 2424 Bavarie
726 2376 975 2440 preposito
1009 2376 1216 2425 ecclesie
1254 2377 1641 2440 ArgentinensiS,
1681 2377 1799 2425 alias
1839 2377 1889 2424 in

98 2457 225 2506 Urbe
246 2458 512 2507 constituto
534 2463 587 2506 ut
607 2459 829 2523 Philippo
852 2458 963 2507 duci
988 2459 1207 2509 Clevensi
1230 2464 1277 2508 et
1296 2461 1482 2509 Jacobo
1501 2460 1773 2508 marchioni
1798 2462 1891 2508 Ba-

95 2542 234 2592 densi
254 2558 384 2591 nunc
405 2542 455 2590 in
476 2542 603 2591 Urbe
625 2543 869 2603 existenti,
894 2544 943 2591 in
967 2543 1197 2607 gradibus
1223 2545 1453 2608 predictis
1476 2545 1639 2593 locum
1666 2561 1764 2593 non
1782 2559 1890 2593 esse

97 2626 262 2676 datum
284 2626 398 2690 quia
423 2631 588 2675 essent
615 2626 797 2675 clerici.
835 2628 1098 2691 Replicavit
1133 2628 1252 2676 mihi
1278 2630 1516 2678 Sanctitas
1542 2645 1630 2678 500
1655 2644 1752 2687 010,
1778 2644 1892 2693 pre-

98 2710 261 2759 missis
290 2725 389 2758 non
424 2711 746 2769 obstantibus,
780 2711 920 2760 dictis
954 2712 1246 2771 oratoribus,
1286 2718 1338 2762 ut
1371 2730 1516 2778 supra
1548 2713 1810 2771 commisit,
1841 2712 1891 2760 in

101 2795 222 2844 solio
252 2794 470 2858 predicto
503 2794 667 2842 locum
704 2795 819 2843 dare
857 2794 1036 2843 debere
1071 2799 1120 2843 et
1150 2795 1218 2843 510
1245 2795 1351 2843 fieri
1387 2795 1534 2844 modo
1571 2800 1798 2860 oportere
1829 2793 1890 2842 ad

102 2878 331 2928 scandala
364 2878 614 2936 evitanda;
664 2882 712 2926 et
752 2878 884 2940 quod
926 2877 1164 2926 Sanctitas
1209 2894 1296 2926 sua
1332 2878 1598 2929 decernere
1642 2879 1890 2928 statuisset

104 2962 235 3026 quod
259 2962 490 3030 deinceps
523 2961 584 3010 ad
614 2961 850 3025 capellam
885 2960 1045 3008 nullus
1088 2965 1250 3009 orator
1284 2962 1445 3011 veniat
1474 2963 1567 3010 nisi
1602 2967 1801 3011 vocatus
1834 2977 1893 3013 ac.

105 3061 339 3097 renovare
368 3045 490 3094 velle
524 3044 705 3093 bullam
739 3043 895 3092 felicis
923 3044 1271 3093 recordationis
1305 3046 1374 3094 Pii
1402 3062 1526 3111 pape
1554 3046 1773 3104 secundi,
1798 3061 1894 3108 qua

107 3132 384 3181 continetur
401 3129 530 3194 quod
551 3133 766 3179 oratores
785 3132 894 3194 post
914 3143 998 3177 sex
1025 3143 1220 3176 menses
1243 3128 1515 3178 habeantur
1534 3134 1890 3195 procuratoreS‚

108 3230 206 3264 non
246 3219 481 3264 oratores.
524 3213 755 3278 Acquievi
782 3212 1016 3262 voluntati
1044 3211 1320 3260 Sanctitatis
1355 3228 1438 3260 sue
1469 3228 1525 3259 ac
1546 3213 1659 3276 petii
1683 3212 1895 3260 obtinui-

108 3314 202 3365 que
222 3299 468 3348 licentiam
495 3298 786 3362 repatriandi
809 3297 869 3346 ad
891 3295 1152 3360 exigendas
1173 3295 1403 3360 pecunias
1424 3300 1533 3360 post
1554 3295 1732 3343 festum
1751 3311 1895 3360 apos-

109 3383 319 3433 tolorum
362 3380 490 3432 Petri
527 3385 576 3431 et
620 3382 753 3432 Pauli
807 3396 960 3446 usque
1009 3379 1069 3430 ad
1118 3379 1295 3428 festum
1325 3378 1552 3426 Omnium
1606 3379 1900 3450 Sanctorum·

109 3467 328 3534 proxime
351 3467 568 3516 futurum
590 3466 849 3516 exclusive.
