2262 3958
207 299 316 343 anrs
337 297 428 338 ¹488]
648 294 817 331 RERUM
852 292 1157 331 URBANARUM
1194 291 1546 329 COMMENTARII.
1924 295 1995 331 ‘293

204 402 414 452 Thomas
437 399 696 464 episcopus
726 397 964 457 Dolensis,
997 397 1081 445 SS.
1117 398 1174 443 D.
1207 397 1262 443 N.
1297 411 1419 459 pape
1451 395 1700 454 assistenS,
1736 395 1994 444 celebravit

203 486 255 535 in
272 483 458 550 capella
479 485 663 549 majore
682 482 844 547 palatii
875 479 1198 529 cardinalibus
1221 480 1527 543 presentibus
1547 483 1598 528 et
1620 483 1750 544 Papa
1770 480 1989 527 absente.

205 569 332 618 Dixit
359 568 571 632 quinque
605 566 866 616 orationes,
904 563 1008 611 Alia
1036 563 1289 611 observata
1316 568 1429 611 sunt
1451 578 1586 612 more
1610 563 1769 611 solito.
1797 564 1992 610 Sermo-

204 667 318 700 nem
339 651 454 700 fecit
475 654 760 715 procurator
780 647 961 696 ordinis
984 663 1022 694 s.
1047 646 1303 709 Augustini
1328 647 1703 695 heremitarum.

274 728 412 783 Feria
444 738 631 798 quarta,
675 735 730 780 12
764 729 942 788 martii,
971 729 1148 776 festum
1178 744 1219 776 s.
1251 729 1469 792 Gregorii
1506 746 1647 793 pape,
1684 732 1732 778 S.
1767 733 1830 778 D.
1866 734 1922 779 N.
1946 732 1993 779 in

207 834 350 868 mane
389 818 585 867 indutus
623 815 820 872 amictu,
851 813 976 871 alba,
1026 811 1241 875 cingulo,
1276 812 1399 860 stola
1436 812 1651 861 violacea
1695 819 1743 862 et
1786 815 1994 880 desuper

204 900 468 967 capuccino
504 899 632 958 albo,
674 895 1051 962 precedentibus
1091 894 1250 958 ipsum
1293 894 1580 943 officialibus
1629 901 1677 943 et
1724 913 1888 957 cruce,
1948 903 1995 946 et

204 984 521 1049 sequentibus
554 982 712 1046 ipsum
752 978 1092 1037 cardinalibUS,
1127 977 1368 1042 episcopis
1402 977 1757 1038 assistentibuS,
1797 980 1991 1039 deinde,

203 1066 307 1116 aliis
327 1065 543 1132 prelatis,
568 1079 706 1113 more
729 1063 869 1112 solito
894 1061 1124 1126 equitavit
1146 1060 1206 1109 ad
1227 1061 1578 1109 monasterium
1602 1062 1757 1109 sancti
1778 1064 1995 1126 Gregorii

202 1150 332 1200 circa
360 1148 690 1214 Septisolium,
716 1147 797 1194 ubi
824 1146 1000 1195 audivit
1026 1145 1241 1206 missam,
1274 1161 1419 1208 quam
1441 1144 1490 1192 in
1513 1145 1649 1193 altari
1671 1146 1856 1210 majore
1877 1147 1995 1210 legit

201 1234 350 1286 abbas
369 1233 481 1283 dicti
504 1231 801 1281 monasterii.
818 1228 1256 1282 Vicecancellarius
1278 1228 1484 1292 portavit
1509 1230 1635 1292 Pape
1655 1229 1833 1277 librum
1857 1245 1996 1277 oscu-

198 1318 400 1368 landum
433 1321 543 1382 post
579 1316 883 1381 evangelium
918 1318 983 1373 et,
1019 1318 1127 1377 post
1160 1314 1326 1376 Agnus
1362 1311 1468 1370 Dei,
1506 1327 1677 1375 pacem
1721 1328 1865 1376 quam
1902 1329 1992 1376 ego

202 1400 381 1450 deinde·
406 1399 589 1464 portavi
618 1398 707 1447 sibi
736 1403 783 1447 et
810 1397 912 1446 aliis
945 1397 1270 1446 cardinalibus
1298 1411 1354 1444 ac
1386 1395 1627 1459 episcopis
1655 1396 1993 1445 assistentibus

204 1490 411 1544 tantum,
446 1483 560 1548 quia
585 1483 663 1531 alii
698 1498 869 1531 omnes
895 1482 1084 1530 stabant
1113 1497 1200 1529 suo
1232 1479 1420 1528 ordine.
1456 1477 1612 1526 Finita
1642 1478 1808 1539 missa,
1846 1479 1995 1526 abbas

201 1568 284 1633 qui
305 1567 582 1628 celebravit,
616 1583 704 1632 per
735 1565 1133 1615 inadvertentiam
1165 1564 1411 1612 benedixit
1437 1564 1616 1628 populo
1649 1569 1695 1611 et
1725 1565 1993 1626 Pape;quo

204 1667 302 1701 non
324 1652 564 1712 obstante,
588 1653 719 1716 Papa
739 1651 944 1699 accessit
965 1649 1025 1697 ad
1042 1649 1255 1698 medium
1278 1648 1439 1696 altaris
1463 1651 1510 1696 et
1531 1663 1695 1696 versus
1716 1646 1777 1694 ad
1797 1662 1992 1694 crucem

204 1751 340 1784 suam
363 1748 457 1800 que
478 1751 565 1800 per
586 1734 936 1782 subdiaconum
959 1749 1123 1782 coram
1148 1748 1206 1780 eo
1234 1736 1424 1796 portata
1443 1732 1547 1790 suit,
1574 1736 1723 1791 stans,
1749 1729 1994 1778 benedixit

199 1818 249 1867 in
278 1822 421 1868 cantu
447 1818 646 1883 populo,
677 1818 843 1866 dicens
872 1817 952 1864 Sit
980 1832 1169 1875 nomen,
1203 1823 1288 1863 ete.
1329 1818 1450 1863 Data
1477 1815 1836 1873 benedictione,
1866 1817 1994 1877 Papa

201 1901 344 1952 rediit
365 1901 426 1950 ad
442 1901 674 1966 palatium
701 1916 759 1950 eo
782 1900 950 1949 ordine
974 1915 1068 1964 quo
1096 1902 1308 1959 venerat,
1329 1902 1376 1947 et
1398 1914 1509 1946 cum
1532 1901 1662 1946 esset
1677 1899 1814 1961 juxta
1835 1897 1992 1945 eccle-

199 1985 321 2034 siam
345 2001 392 2034 s.
430 1985 555 2035 Celsi
589 1972 996 2034 dedit'licentiam
1027 1982 1349 2032 cardinalibus
1386 1986 1586 2046 propter
1624 1981 1991 2029 inundationem

198 2069 430 2129 fluminis,
460 2074 511 2118 ut
538 2069 740 2133 quisque
769 2069 966 2116 domum
994 2083 1130 2115 suam
1159 2067 1363 2125 rediret3
1398 2069 1526 2130 Papa
1550 2081 1663 2114 vero
1688 2065 1913 2129 equitavit
1933 2066 1991 2112 ad

199 2156 415 2216 castrum
437 2152 591 2201 sancti
608 2152 780 2216 Angeli
802 2155 849 2199 et
869 2151 933 2199 ibi
956 2166 1014 2198 eo
1033 2151 1109 2198 die
1130 2150 1379 2198 remansit.

262 2238 383 2286 Nam
403 2236 499 2285 hoc
519 2251 661 2284 mane
684 2251 795 2284 cum
811 2235 870 2283 ad
887 2234 1117 2299 palatium
1137 2233 1483 2297 equitaremus,
1503 2231 1788 2281 associaturi
1814 2234 1991 2295 Papam

195 2320 257 2369 ad
277 2323 497 2368 sanctum
515 2318 821 2383 Gregorium,
852 2334 950 2366 non
972 2321 1076 2366 erat
1102 2333 1229 2381 aqua
1258 2317 1308 2364 in
1338 2317 1497 2380 aliquo
1525 2317 1634 2364 loco
1663 2331 1750 2380 per
1779 2316 1918 2374 viam,
1945 2321 1991 2363 et

197 2419 308 2453 cum
337 2402 396 2452 de
422 2402 600 2467 palatio
627 2418 739 2451 cum
766 2402 997 2466 pontifice
1032 2401 1379 2464 equitaremuS,
1411 2416 1535 2464 aqua
1561 2405 1664 2448 erat
1700 2416 1846 2464 supra
1865 2401 1990 2448 viam

196 2487 327 2537 circa
342 2486 580 2550 hospitale
603 2502 642 2533 s,
662 2486 911 2534 Michaelis
934 2486 982 2533 in
1002 2487 1182 2550 Burg0,
1204 2484 1339 2549 quasi
1359 2484 1417 2532 ad
1438 2500 1566 2548 genu
1589 2484 1719 2547 equi.
1739 2487 1856 2532 Cum
1879 2500 1990 2533 vero

198 2570 494 2620 redissemus
522 2570 581 2618 de
612 2587 651 2618 s.
683 2570 937 2633 Gregorio,
972 2585 1098 2633 aqua
1125 2569 1335 2617 fluminis
1363 2573 1467 2617 erat
1495 2569 1626 2617 circa
1654 2569 1913 2617 ecclesiam
1948 2585 1985 2616 s,

199 2653 323 2703 Celsi
351 2653 446 2702 alta
478 2653 613 2717 quasi
641 2669 794 2717 usque
823 2654 882 2702 ad
910 2669 1086 2718 corpus
1117 2653 1247 2716 equi,
1283 2657 1330 2700 et
1364 2652 1510 2701 hodie
1539 2653 1684 2701 crevit
1715 2668 1801 2716 per
1837 2657 1988 2701 totam

199 2737 328 2787 diem
363 2737 427 2786 ita
460 2738 591 2801 quod
620 2742 756 2802 prata
787 2738 1006 2801 undique·
1035 2737 1361 2801 cooperuerit,
1403 2740 1451 2785 et
1482 2752 1570 2801 per
1602 2740 1751 2785 totam
1790 2737 1986 2796 Urbem,

195 2822 334 2886 juxta
353 2825 564 2871 castrum
586 2822 858 2886 predictum
880 2837 989 2891 cum
1010 2836 1190 2884 magno
1211 2821 1396 2885 impetu
1420 2821 1594 2869 ssuctus
1617 2821 1988 2869 transversando

201 2905 350 2954 crevit
375 2905 497 2954 adeo
521 2905 648 2969 quod
676 2905 737 2953 ad
766 2921 914 2952 unum
950 2904 1166 2969 palmum
1199 2920 1310 2953 cum
1347 2905 1546 2953 dimidio
1582 2905 1657 2952 vel
1694 2905 1821 2952 circa
1863 2905 1989 2952 venit

202 3004 355 3053 usque
386 2989 447 3038 ad
471 2989 662 3054 signum
692 2989 753 3037 ad
782 2988 912 3053 quod
941 2987 1075 3048 alias,
1108 3004 1235 3036 anno
1263 2988 1433 3052 jubilei
1467 2988 1695 3053 proximi,
1729 2988 1912 3036 effluxit
1942 2994 1990 3036 et

204 3077 416 3133 venerat,
456 3073 601 3138 quod,
641 3072 865 3122 domibus
914 3075 1078 3120 Rmus.
1123 3075 1180 3120 D.
1234 3072 1490 3120 cardinalis
1545 3071 1819 3120 Parmensis
1860 3073 1990 3135 (tunc

206 3157 467 3225 Papiensis)
501 3158 627 3207 intra
662 3173 855 3205 murum
888 3156 1099 3220 positum
1133 3161 1206 3204 est
1240 3160 1288 3204 et
1319 3157 1367 3204 in
1403 3156 1560 3220 spatia
1586 3156 1814 3215 divisum3
1849 3161 1991 3204 nocte

203 3257 317 3291 vero
352 3241 570 3306 sequenti
604 3240 832 3300 decrevit,
865 3239 930 3288 ita
966 3239 1097 3303 quod
1129 3239 1298 3304 die-13
1333 3239 1480 3302 hujus
1522 3255 1691 3288 omnes
1729 3239 1800 3287 vie
1840 3239 1991 3289 libere

207 3325 423 3385 fuerunt,
440 3329 491 3373 ut
511 3325 660 3389 prius.
1957 3368 1959 3370 ,

271 3408 544 3467 Dominica,
574 3410 631 3455 16
662 3406 837 3467 martii,
875 3412 1046 3471 quarta
1085 3406 1474 3471 quadragesime,
1511 3408 1595 3455 SS.
1632 3409 1687 3454 D.
1724 3408 1778 3455 N.
1801 3406 1993 3453 indutus
