2262 3958
203 306 296 339 Mars
317 306 409 349 1486]
552 352 556 357 ι
637 304 807 342 RERUM
840 303 1145 342 URBANARUM
1177 304 1530 342 COMMENTARII.
1918 305 1985 340 179

188 412 348 459 vestes
365 407 607 472 deposuit.
638 412 806 456 Rmus.
832 410 891 457 D.
916 408 1174 458 cardinalis
1203 407 1432 457 Senensis
1462 411 1566 457 erat
1588 406 1830 471 opinionis
1852 408 1981 470 quod

190 493 459 544 cardinales
489 493 731 542 debebant
763 493 1027 558 precedere
1056 495 1237 556 Papam
1263 496 1408 557 prout
1434 491 1550 540 alias
1582 490 1782 550 faciunt,
1809 506 1867 539 ex
1889 507 1981 554 quo

189 578 414 644 portabat
435 578 608 626 stolam
635 595 644 627 :
670 577 801 641 quod
822 581 985 625 tamen
1010 591 1109 623 non
1130 577 1431 635 observatur,
1457 576 1568 639 quia
1588 578 1718 640 Papa
1735 591 1982 638 nunquam

188 658 401 711 solet'ire
424 661 473 710 in
493 661 740 726 publicum
761 661 863 709 sine
893 661 1031 709 stola.

251 747 392 797 Feria
424 747 592 811 quinta
630 745 829 811 majoris
855 744 1160 794 hebdomade
1201 760 1295 808 que
1336 745 1426 794 fuit
1463 749 1522 795 23
1569 745 1751 796 mensis
1792 745 1970 806 martii,

188 833 357 880 Rmus.
396 833 454 880 D.
497 830 761 879 Rodericus
795 829 1051 893 episcopus
1096 829 1394 889 portuensis,
1443 846 1481 876 s.
1516 846 1717 879 romane
1761 830 1979 880 Ecclesie

186 914 612 965 vicecancellarius
624 913 738 963 fecit
753 913 972 962 officium
991 929 1002 961 ε
1022 912 1283 961 celebravit
1300 913 1499 961 missam
1519 913 1567 961 in
1590 914 1776 978 capella
1791 916 1978 979 majore

186 999 350 1066 palatii
387 999 516 1064 apud
555 1015 594 1047 s.
633 1001 828 1047 Petrum
861 1014 997 1047 more
1026 1002 1279 1047 consuetO.
1318 1000 1448 1062 Papa
1478 999 1607 1047 venit
1648 999 1708 1046 ad
1742 999 1978 1063 capellam

185 1083 380 1132 indutus
421 1082 632 1148 pluviali,
677 1082 786 1131 albo
819 1082 1034 1147 pretioso
1079 1087 1128 1132 et
1163 1081 1307 1130 mitra
1349 1082 1587 1146 pretiosa,
1625 1083 1979 1132 associantibus

184 1167 344 1232 ipsum
383 1166 725 1228 cardinalibus,
767 1171 819 1216 ut
857 1166 1008 1215 moris
1042 1170 1132 1214 est.
1171 1169 1319 1214 Facta
1351 1166 1694 1215 communione
1728 1183 1817 1231 per
1849 1167 1979 1217 cele-

183 1251 411 1314 brantem
443 1251 739 1300 cardinalem
776 1250 1064 1316 predictum,
1097 1253 1153 1298 R.
1192 1249 1240 1297 in
1275 1249 1465 1299 Christo
1504 1253 1555 1300 P.
1595 1252 1695 1299 DD.
1733 1252 1980 1302 Johannes

185 1333 371 1384 electus
402 1335 742 1395 TornacensiS‚
784 1335 1018 1400 magister
1053 1335 1227 1384 domus
1264 1335 1429 1399 palatii
1464 1335 1720 1399 apostolici
1754 1336 1834 1400 qui
1868 1340 1979 1385 ante

187 1418 551 1468 inchoationem
569 1419 716 1467 misse
732 1435 929 1484 capsam
957 1419 1269 1468 candelarum
1297 1420 1630 1469 necessariam
1657 1421 1838 1485 portari
1866 1420 1981 1470 fecit

184 1501 248 1551 ad
269 1517 516 1552 cameram
543 1503 762 1563 sacriste,
791 1503 926 1567 juxta
955 1503 1103 1552 altare
1133 1503 1374 1553 distribuit
1406 1505 1635 1553 candelas
1662 1522 1750 1570 pro
1778 1522 1980 1571 proces-

187 1586 420 1649 sionibus,
459 1587 684 1636 videlicet
722 1587 1045 1636 cardinalibus
1084 1588 1218 1636 albas
1256 1586 1402 1635 trium
1444 1587 1679 1636 librarum
1715 1588 1790 1637 vel
1825 1589 1974 1649 circa,

186 1670 388 1736 prelatis
422 1670 626 1719 duarum
652 1670 886 1720 librarum
917 1672 976 1721 de
1014 1687 1128 1721 cera
1161 1671 1434 1730 communi3
1467 1671 1549 1736 qui
1581 1672 1753 1736 prelati
1787 1689 1976 1733 omneS,

184 1755 314 1804 facta
356 1755 726 1816 communione,
771 1756 1021 1805 exiverunt
1057 1757 1328 1805 cancellum
1365 1756 1551 1820 capelle
1595 1759 1643 1804 et
1687 1761 1981 1821 acceperunt
2048 1806 2052 1809 .

181 1844 469 1905 paramenta
491 1839 561 1889 eis
584 1839 923 1889 convenientia
943 1844 991 1889 et
1017 1840 1196 1889 reversi
1224 1841 1416 1890 suerunt
1447 1842 1505 1890 ad
1535 1841 1770 1906 capellam
1792 1841 1852 1889 ad
1871 1841 1981 1890 loca

183 1940 289 1985 sua,
313 1927 575 1989 antequam
598 1924 799 1973 candele
815 1924 1238 1974 distribuerentur.
1266 1926 1463 1974 Interim
1483 1926 1620 1975 finita
1636 1925 1725 1975 fuit
1740 1926 1904 1987 missa,
1933 1929 1981 1975 et

187 2009 282 2059 alia
303 2009 525 2058 ordinata
548 2012 659 2058 sunt
678 2009 738 2057 de
762 2009 977 2077 secundo
1000 2009 1150 2058 calice
1182 2026 1270 2075 pro
1301 2015 1625 2072 sacramentO,
1660 2015 1706 2059 et
1731 2010 1976 2059 intorticia

182 2109 272 2160 pro
301 2094 478 2143 eodem
504 2097 552 2143 et
578 2093 672 2142 alia
702 2099 846 2158 prout
881 2094 930 2142 in
964 2094 1280 2143 ceremoniali
1314 2111 1456 2144 novo.
1483 2096 1638 2144 Finita
1656 2095 1824 2155 missa,
1849 2098 1979 2160 Papa

180 2178 232 2226 in
268 2178 385 2228 sede
407 2193 495 2227 sua
514 2177 647 2226 dedit
667 2178 1062 2227 benedictionem
1089 2194 1226 2228 more
1255 2186 1490 2228 consueto
1517 2180 1620 2228 sine
1642 2179 1973 2243 indulgentia:

183 2277 281 2327 qua
301 2262 430 2323 data,
450 2261 617 2310 RRmi.
644 2264 746 2310 DD.
772 2263 1042 2312 cardinales
1065 2263 1295 2313 Senensis
1317 2268 1365 2312 et
1387 2281 1426 2311 s.
1455 2263 1646 2328 Georgii
1668 2268 1979 2313 recesserunt

181 2361 211 2394 a
231 2348 378 2411 Papa,
399 2345 506 2411 ipso
526 2346 630 2395 solo
652 2346 871 2407 dimiss0,
893 2352 941 2395 et
956 2347 1093 2412 juxta
1106 2347 1315 2396 bancum
1329 2347 1645 2397 diaconorum
1661 2347 1977 2396 cardinalium

181 2433 478 2496 acceperunt
496 2435 783 2496 paramenta
798 2448 884 2480 sua
905 2436 1139 2481 consueta
1157 2448 1166 2491 ;
1195 2432 1367 2495 quibus
1389 2432 1619 2497 receptiS,
1650 2432 1897 2482 redierunt
1917 2431 1979 2480 ad

182 2518 382 2581 Papam,
422 2519 470 2565 et
503 2516 736 2581 depositis
778 2517 868 2565 sibi
906 2517 1098 2582 pluviali
1139 2521 1186 2566 et
1224 2517 1349 2566 stola
1381 2516 1520 2576 albis,
1562 2516 1830 2565 vestierunt
1866 2531 1977 2563 eum

182 2600 347 2650 rubeis
385 2600 632 2665 pretiosis,
676 2601 1062 2651 ministrantibus
1111 2601 1349 2667 acolythis
1406 2604 1453 2650 et
1502 2600 1721 2650 sacrista.
1778 2600 1977 2650 Interim

184 2698 355 2733 omnes
377 2684 646 2734 cardinales
670 2701 755 2734 sua
775 2690 1062 2751 paramenta
1087 2688 1381 2750 acceperunt
1404 2684 1454 2732 in
1482 2684 1604 2733 locis
1633 2684 1731 2733 suis
1753 2687 1935 2733 stantes
1962 2699 1972 2732 ε

183 2766 356 2832 quibus
374 2768 602 2817 omnibus
626 2770 823 2834 paratiS‚
854 2774 1170 2820 accesserunt
1197 2770 1256 2818 ad
1283 2769 1567 2834 pontificem
1590 2772 1757 2818 RmuS.
1790 2771 1848 2817 D.
1874 2785 1979 2817 car‘

184 2851 357 2900 dinalis
387 2851 636 2901 Johannes
662 2853 1038 2902 Mediolanensis
1068 2854 1201 2919 prior
1233 2853 1633 2919 presbyterorum
1658 2854 1975 2902 cardinalium

185 2937 233 2983 et
253 2934 348 2984 duo
370 2936 582 3002 acolythi
604 2952 716 2986 cum
738 2937 926 2986 duobus
954 2938 1211 2986 thuribulis
1239 2943 1286 2987 et
1316 2936 1549 2987 navicella
1575 2954 1669 2986 una
1696 2941 1901 2996 tantum,
1928 2944 1977 2986 et

186 3019 317 3083 Papa
335 3017 566 3084 imposuit
590 3020 844 3071 incensum
860 3021 909 3070 in
931 3022 1074 3071 ambo
1090 3022 1333 3070 thuribula
1347 3038 1484 3071 more
1500 3025 1753 3072 consueto.
1776 3017 1976 3070 Interim

183 3101 403 3151 ordinata
433 3103 523 3154 fuit
548 3105 799 3170 processio
834 3122 922 3171 pro
953 3111 1259 3156 sacramento
1287 3107 1347 3155 ad
1375 3106 1614 3171 capellam
1642 3122 1841 3171 parvam
1868 3122 1978 3170 por-

183 3185 350 3247 tando,
380 3203 516 3237 more
549 3189 710 3239 solito.
742 3189 927 3240 Deinde
960 3194 1090 3257 Papa
1115 3190 1333 3240 ascendit
1371 3190 1429 3238 ad
1463 3190 1613 3239 altare
1644 3190 1723 3237 ubi
1758 3190 1978 3255 deposita

182 3268 272 3318 sibi
294 3270 454 3333 mitra,
481 3274 764 3337 genuflexus
789 3274 838 3323 in
867 3276 1106 3340 superiori
1131 3275 1283 3340 gradu
1312 3273 1494 3334 altaris,
1523 3272 1789 3322 incensavit
1813 3290 1976 3323 sacra-

179 3358 398 3404 mentum
419 3355 467 3404 in
489 3357 640 3407 calice
668 3359 953 3424 repositum,
985 3362 1060 3410 ter
1080 3359 1264 3409 ducens
1286 3357 1604 3417 thuribulum,
1627 3373 1720 3421 quo
1744 3374 1795 3407 se
1821 3375 1977 3423 genu-

177 3438 305 3489 flexo
339 3447 588 3502 manente,
624 3443 751 3493 facta
783 3443 1136 3506 incensatione,
1182 3442 1389 3493 accessit
1417 3445 1584 3491 Rmus.
1621 3444 1679 3491 D.
1715 3443 1973 3494 cardinalis
