2262 3958
126 300 234 342 [Αοὺι
253 301 342 344 1484]
581 300 751 338 RERUM
784 299 1090 338 URBANARUM
1123 295 1476 336 COMMENTARII.
1878 294 1924 328 47

186 407 287 470 Ego
310 405 590 470 Stephanus
613 405 871 454 cardinalis
895 401 1334 452 Mediolanensis...

192 492 293 554 Ego
314 490 562 539 Johannes
586 489 845 539 cardinalis
867 486 1259 545 Novariensis,...

191 577 293 639 Ego
315 576 562 624 Johanncs
585 574 800 639 Baptista
820 571 1076 621 cardinalis
1098 568 1467 628 Melfitensis,...

197 662 299 725 Ego
333 660 625 709 Philihertus
658 659 781 708 tituli
820 660 1101 706 sanctorum
1141 654 1375 703 Johannis
1416 657 1463 701 et
1498 650 1630 700 Pauli
1667 648 1926 713 presbyter

135 743 396 794 cardinalis
417 743 807 802 MatisconensiS,
819 781 828 790 .
841 779 872 790 ..

201 831 303 894 Ego
325 829 570 878 Johannes
593 827 850 877 cardinalis
873 843 911 874 s.
937 826 1194 891 Angeli‚...

199 915 303 978 Ego
324 913 558 977 Georgius
582 911 840 961 cardinalis
864 911 1290 969 Ulixbonensis,...

203 1000 305 1062 Ego
325 997 609 1053 Dominicus
631 996 888 1045 cardinalis
912 1014 950 1045 s.
971 995 1272 1053 ClementiS,.
1287 1031 1317 1040 ..

198 1083 299 1146 Ego
319 1081 567 1130 Johannes
590 1082 846 1130 cardinalis
869 1082 928 1130 de
950 1080 1275 1145 Aragonia,...

197 1167 299 1231 Ego
322 1166 568 1215 Johannes
591 1166 848 1214 cardinalis
870 1166 930 1214 de
953 1165 1306 1224 Comitihus,...

194 1252 298 1315 Ego
317 1251 564 1300 Johannes
586 1251 844 1300 cardinalis
866 1249 1218 1309 GerundensiS‚
1387 1302 1400 1308 ,

194 1337 296 1400 Ego
318 1335 564 1395 Johannes
584 1336 796 1384 Jacobus
820 1334 1077 1383 cardinalis
1102 1331 1466 1391 Parmensis,...

196 1421 299 1484 Ego
319 1418 607 1468 Franciscus
629 1418 887 1467 cardinalis
911 1419 1229 1479 SenensiS,...

200 1505 301 1568 Ego
322 1503 538 1568 Raphael
559 1503 816 1552 cardinalis
839 1520 878 1551 s.
905 1503 1119 1568 Georgii,
1146 1500 1528 1562 camerarius,...

201 1590 303 1652 Ego
323 1588 570 1636 Johannes
592 1587 808 1652 Baptista
828 1587 1085 1635 cardinalis
1106 1587 1166 1635 de
1190 1586 1412 1645 Sabellis,
1425 1622 1434 1631 .
1447 1622 1478 1631 ..

200 1674 302 1737 Ego
322 1672 570 1721 Johannes
592 1671 849 1720 cardinalis
870 1672 930 1719 de
953 1671 1272 1731 Columna,...

200 1758 304 1821 Ego
324 1756 573 1806 Johannes
596 1756 809 1821 Baptista
830 1756 1088 1804 cardinalis
1104 1756 1163 1804 de
1187 1755 1458 1815 Ursinis,...

201 1843 303 1906 Ego
322 1839 560 1889 Ascanius
581 1839 749 1899 Maria,
775 1840 1032 1888 cardinalis
1055 1840 1248 1899 Sfortia,
1272 1839 1632 1898 vicecomes,...

201 1928 300 1976 Nos
321 1940 492 1974 omnes
520 1927 569 1972 et
596 1923 771 1987 singuli
794 1940 833 1971 s.
866 1940 905 1971 r.
938 1926 991 1971 E.
1025 1923 1295 1972 cardinales
1326 1922 1644 1987 infrascripti,
1679 1939 1768 1986 pro
1805 1922 1934 1969 bono

135 2015 184 2061 et
202 2009 332 2060 felici
353 2007 591 2075 regimine
614 2012 756 2071 atque
785 2008 1153 2057 conservatione
1177 2007 1239 2073 (1)
1268 2011 1419 2056 status
1449 2008 1731 2056 universalis
1763 2006 1936 2056 Eccle-

136 2094 206 2144 sie
235 2094 457 2159 juramus
485 2097 534 2142 et
562 2108 792 2141 vovemus
820 2095 922 2140 Deo
953 2091 1292 2156 omnipotenti,
1319 2092 1499 2139 sanctis
1527 2092 1757 2156 apostolis
1788 2094 1930 2140 Petro

139 2181 187 2226 et
213 2177 364 2227 Paulo
392 2181 536 2240 atque
570 2176 797 2224 omnibus
819 2176 997 2224 sanctis
1026 2175 1243 2223 Ecclesie
1266 2191 1351 2223 sue
1381 2178 1547 2222 sancte
1574 2175 1926 2238 promittimuS,

140 2260 270 2325 quod
301 2259 342 2307 si
374 2259 550 2323 aliquis
579 2275 638 2308 ex
664 2259 804 2308 nobis
832 2260 1015 2308 electus
1042 2259 1187 2308 fuerit
1214 2259 1263 2306 in
1289 2275 1480 2323 papam,
1505 2264 1615 2324 post
1643 2260 1934 2309 electionem

141 2345 202 2394 de
236 2360 287 2393 se
321 2343 641 2401 celebratam,
679 2344 840 2392 statim
868 2344 1051 2408 jurabit
1081 2348 1129 2392 et
1166 2343 1356 2391 vovebit
1393 2360 1535 2407 pure,
1575 2342 1862 2408 simpliciter
1891 2346 1939 2391 et

139 2428 269 2477 bona
299 2427 395 2477 fide
436 2443 628 2476 servare
669 2431 717 2475 et
758 2443 947 2476 servare
988 2428 1170 2487 facere,
1214 2431 1261 2475 et
1301 2443 1413 2475 cum
1454 2427 1631 2476 effectu
1672 2427 1937 2492 adimplere

140 2512 305 2562 omnia
325 2515 373 2561 et
393 2512 583 2577 singula
604 2512 812 2577 capitula
831 2513 1155 2578 infrascripta,
1186 2528 1278 2561 nec
1305 2528 1404 2576 non
1431 2511 1555 2561 infra
1582 2516 1680 2562 tres
1708 2513 1813 2561 dies
1834 2517 1942 2578 post

141 2595 510 2647 coronationem
544 2613 682 2645 suam
716 2598 831 2646 dare
870 2601 970 2646 tres
1002 2598 1157 2647 bullas
1196 2599 1415 2664 ejusdem
1451 2597 1634 2646 tenoris
1675 2598 1943 2647 secundum

140 2680 349 2745 capitula
381 2679 688 2746 infrascripta
721 2682 781 2730 ad
813 2686 1100 2747 perpetuam
1131 2683 1202 2731 rei
1238 2682 1544 2743 memoriam,
1579 2681 1816 2729 habentes
1849 2680 1944 2728 vim

144 2763 403 2812 decretalis
425 2768 474 2813 et
494 2765 854 2815 constitutionis
882 2771 1116 2832 perpetue
1145 2767 1484 2816 inviolabiliter
1510 2766 1809 2815 observande
1833 2780 1945 2813 cum

150 2846 349 2895 decreto
376 2846 606 2909 irritanti,
638 2849 678 2897 si
711 2850 976 2914 quidquam
1010 2868 1149 2901 secus
1179 2853 1362 2901 factum
1391 2851 1559 2911 fuerit,
1595 2851 1670 2900 vel
1700 2850 1749 2898 in,
1784 2850 1945 2912 aliquo

153 2930 487 2980 contravenire
521 2932 596 2980 vel
629 2932 928 2997 dispensare,
958 2935 1052 2983 nisi
1077 2940 1222 3000 prout
1250 2936 1375 2984 infra
1401 2935 1451 2983 in
1479 2935 1680 3000 singulis
1708 2933 1945 2999 capitibus

153 3014 470 3080 exprimetur,
502 3018 551 3063 et
576 3015 671 3063 hoc
699 3031 813 3063 cum
840 3016 1043 3065 consilio
1071 3021 1120 3066 et
1146 3034 1348 3067 assensu
1380 3017 1577 3082 majoris
1604 3015 1754 3081 partis
1788 3014 1945 3063 domi-

153 3113 329 3147 norum
357 3099 692 3159 cardinalium,
723 3099 804 3163 qui
832 3099 882 3148 in
904 3101 1119 3164 quolibet
1152 3102 1361 3166 capitulo
1389 3101 1733 3160 declarabitur,
1763 3099 1823 3147 de
1852 3114 1946 3162 quo

155 3181 353 3246 quidem
374 3198 615 3232 consensu
637 3188 828 3233 constet
846 3201 936 3249 per
962 3186 1368 3251 subscriptionem
1394 3185 1703 3234 dominorum
1725 3180 1948 3231 cardina-

151 3266 271 3317 lium
303 3266 390 3334 (2);
427 3284 605 3332 easque
643 3268 797 3317 bullas
836 3270 1077 3334 predictas
1113 3275 1280 3320 tenere
1317 3274 1365 3319 et
1404 3283 1691 3318 conservare
1732 3266 1860 3332 apud
1895 3282 1946 3315 se

199 3391 234 3429 1.
263 3392 383 3440 Atque
404 3391 512 3429 modo
531 3392 690 3431 ratione.
715 3415 764 3422 —
784 3394 885 3432 Dans
905 3393 1032 3431 Rinal.
1309 3427 1312 3430 Δ

196 3454 232 3489 2,
261 3451 331 3495 Qui
348 3453 385 3488 in
405 3451 628 3501 quolibet....
652 3453 891 3492 Dominorum
910 3453 1162 3492 cardinalium.
1186 3472 1231 3480 -
1251 3453 1410 3501 Manque
1430 3451 1523 3492 dans
1543 3451 1665 3489 Riual.
