2262 3958
140 324 305 367 [octobre
327 325 417 368 ¹489]
575 325 746 363 RERUM
784 319 1087 363 URBANARUM
1121 323 1474 363 COMMENTARII.
1854 323 1927 357 369

139 426 422 477 societatem
432 426 493 475 ad
508 427 764 476 ecclesiam
779 427 986 476 delati...
1011 427 1073 476 ad
1089 427 1183 476 hoc
1200 426 1470 475 ordinatam
1489 424 1662 489 sepulti
1681 424 1823 489 [sunt]
1844 423 1923 488 (1).

136 508 404 575 Epiecupus
431 510 724 575 degradator
749 511 898 559 voluit
928 514 1038 575 post
1066 510 1215 558 finem
1243 508 1605 574 degradationis
1640 507 1768 557 ferre
1796 507 1927 555 illam

136 581 428 643 sententiam
449 594 655 643 dicendo
677 610 688 642 ε
712 594 1114 654 Pronuntiamzcs,
1145 601 1255 653 etc„
1287 593 1455 642 dicens
1475 592 1524 641 id
1544 609 1572 641 a
1593 606 1785 639 summo
1807 607 1932 655 pon-

139 675 268 726 tifice
291 676 502 727 sibinen
527 694 636 727 esse
664 678 982 727 commissum
1006 694 1016 737 ;
1049 678 1186 742 cujus
1209 678 1318 727 loco
1347 678 1466 726 dixit
1493 695 1502 724 :
1531 677 1738 725 Domine
1750 675 1928 740 judex,

137 765 246 820 etc..
277 763 325 808 et
345 759 457 824 quia
477 763 533 809 R.
569 763 620 810 P.
655 763 714 810 D.
747 761 1088 809 Cesena'tensis
1120 760 1311 809 auditor
1337 776 1532 809 camere
1559 764 1606 808 et
1635 760 1931 824 gubernator

140 842 282 892 Urbis
317 843 398 894 hic
436 850 688 909 presentes
723 844 1098 909 pronuntiarunt
1135 844 1225 892 hos
1267 852 1508 908 pauperes
1551 843 1757 892 seculari
1794 842 1926 891 curie

124 925 398 976 tradendos
433 942 560 988 esse,
595 942 821 991 royamus
852 942 947 988 vos,
985 935 1069 975 etc.
1109 944 1126 974 .·
1170 926 1337 976 debuit
1373 931 1536 976 tamen
1573 930 1621 974 et
1653 925 1808 989 potuit
1849 926 1930 973 illa

137 1009 287 1060 :verba
303 1009 355 1058 in
373 1009 641 1075 pontificali
662 1009 820 1075 posita
846 1009 1180 1074 pronuntiare,
1213 1009 1326 1074 quia
1351 1025 1439 1074 per
1467 1008 1749 1074 pontificem
1770 1007 1819 1055 id
1840 1007 1930 1056 sibi

137 1093 295 1145 heret
327 1110 556 1159 expresse
596 1094 933 1155 commissum,
982 1098 1125 1159 prout
1175 1093 1225 1141 in
1273 1092 1617 1142 commissione
1667 1091 1755 1140 sibi
1804 1091 1933 1139 facta

137 1176 330 1242 plenius
344 1178 646 1229 continetur.
1390 1192 1392 1194 ’

205 1261 347 1312 Ebria
381 1263 568 1328 quinta,
602 1268 659 1314 15
688 1264 871 1314 mensis
901 1263 1132 1323 octobriS‚
1168 1264 1292 1312 hora
1322 1279 1408 1312 xix
1437 1263 1513 1312 vel
1541 1263 1687 1323 circa,
1723 1263 1852 1312 venit
1877 1261 1936 1311 ad

140 1346 412 1398 Urbemlll.
434 1350 499 1397 D.
526 1349 734 1397 Jacohus
760 1365 820 1397 ex
850 1347 1210 1397 marchionibus
1240 1348 1562 1407 BadensibuS,
1589 1347 1659 1396 lll.
1687 1350 1743 1396 D.
1777 1347 1938 1399 Chris-

141 1427 346 1498 topbori
361 1432 657 1483 marchionis
694 1433 928 1482 Badensis
967 1432 1337 1498 primogenituS‚
1376 1433 1452 1481 cui
1491 1432 1679 1481 obviam
1712 1432 1933 1480 venimus

139 1515 374 1581 magister
409 1515 658 1567 Johannes
699 1520 888 1582 Langer
921 1517 1171 1566 literarum
1215 1517 1589 1581 apostolicarum
1631 1518 1935 1568 abbreviator

140 1603 192 1649 et
230 1615 325 1666 ego
363 1615 516 1666 usque
553 1600 615 1650 ad
649 1601 839 1650 vineam
885 1604 941 1650 R.
982 1603 1039 1649 D.
1084 1600 1306 1649 Falconis
1347 1601 1419 1649 vel
1459 1601 1605 1662 circa,
1657 1603 1738 1651 ubi
1774 1602 1931 1666 ipsum

145 1683 424 1750 accepimus
450 1689 730 1735 reverenter
755 1689 804 1734 et
825 1700 977 1749 usque
999 1685 1060 1733 ad
1085 1685 1352 1748 hospitium
1379 1687 1622 1750 Campane
1639 1687 1776 1750 juxta
1797 1702 1931 1735 cam-

142 1768 530 1832 pnm‘Floreubi
556 1769 830 1833 hospitatus
865 1773 956 1829 est,
987 1769 1113 1818 inter
1145 1785 1235 1818 nos
1261 1769 1478 1818 medium
1502 1770 1768 1819 associatus
1804 1771 1932 1819 venit
2005 1820 2011 1825 ,

143 1866 414 1917 eumsequis
421 1889 519 1902 .....

162 1930 392 1986 »Eadem
420 1937 518 1998 die,
551 1936 681 1987 circa
701 1937 876 1986 horam
898 1936 1180 2001 vigesimam
1203 1937 1429 2002 primam,
1466 1938 1655 1988 intravit
1683 1944 1731 1988 et
1752 1939 1799 1988 in
1825 1940 1930 1988 offi-

144 2021 276 2072 cium
312 2021 553 2071 senatoris
601 2025 826 2086 receptus
865 2025 940 2070 est
972 2021 1260 2086 Magnificus
1304 2024 1362 2071 D.
1400 2021 1697 2086 Augustinus
1736 2022 1926 2086 Unigho

140 2103 449 2164 ‘Pavisinuffi
479 2103 651 2154 doctor
683 2109 731 2153 et
760 2104 918 2165 mileS,
960 2120 1114 2168 usque
1154 2105 1214 2153 ad
1244 2105 1533 2170 Capitolium
1564 2122 1760 2171 pompa,
1792 2121 1927 2154 more

145 2186 306 2248 somn,
330 2186 600 2237 associatus
631 2187 711 2253 (2).

192 2331 228 2372 1.
246 2331 388 2379 Memes
401 2332 555 2374 lacones
570 2332 665 2370 dans
688 2337 772 2371 tous
790 2331 843 2369 les
864 2342 955 2369 mss.

165 2390 224 2430 ⁴2.
251 2391 325 2430 Les
355 2403 447 2431 mss.
475 2392 640 2430 donnent
669 2391 939 2429 inexactement
971 2402 1013 2428 ce
1043 2403 1128 2428 nom
1157 2404 1166 2429 :
1198 2393 1307 2436 5521,
1335 2394 1444 2439 5158,
1474 2394 1584 2440 5159,
1618 2394 1786 2443 Unigho;
1810 2394 1930 2442 Chigi,

143 2450 308 2500 Untgbffi
340 2452 425 2499 147,
447 2452 593 2502 Omgia.
624 2451 718 2500 Voy.
737 2451 872 2494 vitale,
889 2451 1024 2489 Storia
1045 2453 1299 2498 diplomatica
1315 2452 1374 2489 de’
1392 2453 1577 2491 Senatort‘
1604 2455 1647 2491 di
1674 2455 1798 2492 Roma
1826 2456 1935 2492 dalla

141 2511 362 2554 decadenza
386 2511 484 2548 dalc‘
511 2514 675 2559 imperio
701 2511 744 2548 di
768 2513 892 2548 Roma
916 2513 1004 2547 sino
1025 2523 1049 2547 α
1071 2513 1200 2548 nostri
1219 2515 1349 2559 tempi.
1379 2513 1512 2560 Roma,
1543 2515 1649 2560 1791,
1673 2516 1696 2550 2
1726 2514 1799 2552 vol.
1821 2515 1876 2551 in·
1861 2516 1932 2560 -⁰‚4

140 2574 170 2609 t.
190 2570 240 2620 11,
263 2582 306 2622 p.
337 2571 441 2609 477:
542 2572 615 2609 F
619 2584 641 2609 u
670 2571 717 2609 da
743 2571 793 2608 lui
821 2571 1004 2617 (Andreas
1032 2571 1219 2609 Alatrinus
1248 2572 1468 2621 Verulanus)
1504 2586 1717 2611 successore
1737 2575 1795 2612 nel
1816 2576 1936 2612 mede-

141 2630 235 2670 simo
252 2642 350 2670 anno
379 2621 504 2680 (1489)
524 2630 706 2680 Agostino
736 2630 895 2681 d'Onigo
925 2632 972 2669 da
1001 2632 1151 2680 Tiivigi.
1176 2647 1193 2666 »
1218 2647 1238 2667 «
1327 2634 1366 2670 Si
1387 2635 1552 2672 rendette
1571 2635 1738 2684 pregiato
1765 2635 1802 2672 in
1829 2647 1936 2685 opere

142 2690 180 2728 di
203 2690 305 2728 Armi
323 2702 344 2728 e
363 2690 401 2737 di
427 2691 583 2736 Lettere,
621 2691 794 2728 massime
825 2692 921 2732 nelle
957 2692 1110 2729 Scienze
1130 2691 1187 2740 leg,
1178 2693 1288 2731 ali...
1313 2708 1330 2727 »
1354 2706 1391 2742 p.
1417 2695 1505 2732 479.

190 2750 236 2787 Ρ.
257 2750 328 2788 480
347 2761 359 2787 t
381 2764 401 2784 «
486 2750 586 2788 Che
577 2762 614 2787 m
635 2750 793 2800 servigio
809 2751 905 2788 della
921 2751 963 2789 S.
981 2751 1077 2789 Sede
1096 2752 1127 2789 si
1142 2752 1363 2801 adoperasse
1385 2754 1548 2791 eziandio
1561 2754 1846 2803 egregIamente,
1861 2768 1932 2794 non

143 2821 186 2848 ce
202 2821 250 2847 ne
269 2809 385 2847 lascis
403 2809 569 2848 dubitare
588 2809 623 2847 la
642 2810 759 2857 Bolia,
780 2811 874 2848 colla
893 2812 999 2860 quale
1016 2812 1219 2850 Innocenzo
1238 2812 1336 2856 VIII,
1352 2813 1375 2850 il
1397 2814 1542 2851 destino
1563 2820 1733 2852 senatore
1750 2814 1787 2851 di
1807 2814 1932 2861 Roma,

142 2869 379 2907 dichiarando
399 2881 484 2907 aver
502 2881 524 2908 a
543 2870 627 2919 quel
640 2870 758 2908 carieo
779 2870 888 2909 eletto
907 2871 970 2916 lui,
995 2873 1218 2910 litterarum
1240 2875 1350 2910 clara
1361 2877 1579 2922 prudentia
1594 2878 1837 2922 insiynitum,
1855 2889 1933 2912 rec-

145 2931 332 2966 titudinis
350 2931 575 2977 acjustitioe
594 2937 824 2977 amatorem,
846 2938 882 2967 et
901 2932 996 2968 aliis
1012 2935 1168 2979 maqnis
1185 2940 1221 2969 et
1233 2935 1376 2971 arduis
1389 2936 1620 2982 Apostolicae
1639 2937 1748 2973 Sedes
1767 2938 1934 2983 neqotiis

144 2991 290 3027 tandiu
309 2992 616 3036 comprobatum.

194 3064 214 3084 «
235 3049 308 3088 Ora
333 3054 573 3099 quantunque
593 3050 627 3087 la
651 3049 811 3088 indicata
840 3050 945 3088 Bona
969 3051 1065 3100 porti
1090 3052 1212 3090 l'anno
1241 3054 1347 3100 1487,
1373 3055 1517 3092 XVIII
1536 3057 1615 3092 kal.
1638 3056 1738 3092 ιΙιιῐίι·
1763 3057 1932 3105 Pontifi-

146 3116 258 3147 catus
275 3112 404 3148 nostri
431 3121 538 3146 anno
562 3111 655 3155 III;
679 3109 825 3148 innanzi
852 3111 912 3148 all'
933 3112 1039 3158 1489,
1061 3123 1134 3149 non
1161 3116 1267 3150 entro
1295 3113 1319 3151 il
1345 3114 1433 3152 Cav.
1456 3116 1636 3163 Agostino
1666 3116 1702 3152 di
1730 3116 1849 3164 Onigo
1876 3116 1935 3153 all'

146 3169 289 3216 Uffizio,
310 3181 380 3207 con
399 3170 507 3219 quale
526 3170 773 3219 conferitogli;
797 3175 893 3208 sotto
911 3170 948 3208 di
975 3183 1060 3208 essa
1085 3173 1296 3210 trovandosi
1317 3174 1351 3210 la
1371 3180 1548 3223 seguente
1568 3180 1655 3212 nota
1676 3187 1685 3212 ι
1710 3175 1775 3212 Dic
1796 3175 1935 3212 decima

146 3230 274 3278 quinta
310 3229 479 3268 Octobris
506 3230 612 3276 1489,
636 3230 775 3279 juravit
801 3242 924 3268 coram
953 3231 992 3269 S.
1021 3232 1066 3268 D.
1094 3232 1171 3269 N...
1201 3233 1246 3268 D.
1285 3233 1330 3270 de
1357 3234 1566 3271 Attavantis
1599 3235 1711 3272 Cane.
1734 3235 1935 3282 Apostolic.

145 3289 230 3327 Not.
246 3290 276 3326 A
287 3294 419 3338 questa
433 3289 536 3327 Bona
550 3290 578 3327 si
594 3290 783 3340 aggiunge
794 3303 842 3328 un
852 3291 980 3334 Breve,
997 3296 1151 3340 segnato
1165 3293 1228 3328 die
1240 3292 1359 3328 XVII
1372 3295 1544 3340 Augusti
1559 3295 1934 3342 MCCCCLXXXIX,

149 3349 412 3398 Pontificatus
431 3351 557 3387 nostri
583 3352 732 3398 quinto.

196 3425 215 3444 «
240 3409 344 3447 Sotto
364 3408 486 3447 l'anno
506 3409 640 3447 istesso
666 3421 688 3448 a
717 3411 765 3449 24
794 3410 831 3448 di
859 3410 1069 3458 settembre,
1090 3411 1114 3448 il
1138 3411 1275 3450 Veneto
1304 3425 1467 3463 governo
1488 3414 1544 3452 col
1573 3426 1680 3453 nome
1702 3415 1737 3452 di
1758 3415 1940 3464 Agostino

148 3467 367 3518 Barbarigo,
395 3468 507 3506 allora
530 3469 648 3518 Doge,
680 3469 850 3509 indirizza
883 3484 932 3508 un
966 3471 1085 3521 ampio
1115 3478 1331 3522 passaporto
1361 3475 1557 3512 universis
1591 3481 1627 3511 et
1662 3476 1832 3522 sinqulis
1860 3482 1941 3516 tam

338 3558 371 3583 T.
400 3559 425 3583 1.
1677 3554 1723 3590 <22
