2262 3958
186 282 293 327 [Avril
309 282 400 322 1487]
633 277 801 314 RERUM
835 275 1030 313 URBANA
1037 274 1140 311 REM
1175 273 1526 311 COMMENTARH.
1902 272 1969 307 247

180 388 309 450 Papa
338 386 449 449 post
494 379 885 430 benedictionem
929 378 1054 427 sedit
1085 382 1132 427 et
1163 376 1357 425 mitram
1409 374 1613 440 accepit,
1661 375 1916 423 cantarunt
1955 389 1963 419 :

175 466 328 517 Pueri
369 466 671 524 hebreorum,
721 472 805 512 etc,
861 467 999 522 Post,
1055 460 1295 509 distribuit
1340 463 1494 524 Papa,
1545 459 1655 508 lavit
1708 473 1879 506 manus
1921 462 1967 505 et

170 550 386 617 prefatus
433 553 596 598 orator
637 546 944 612 imperatoris
972 545 1103 594 dedit
1136 559 1314 608 aquam
1343 547 1499 607 Pape,
1535 542 1615 606 qui
1656 543 1803 600 lotuS,
1846 540 1962 589 dixit

170 634 458 693 orationem,
477 629 719 698 'imposuit
747 632 1001 680 incensum
1032 645 1118 692 pro
1146 627 1460 692 processione
1498 643 1592 690 que
1632 626 1761 674 facta
1787 630 1878 685 est,
1918 630 1965 673 et

172 717 266 768 alia
285 733 424 767 more
445 721 696 766 consueto.

236 805 403 859 Rmus.
438 803 496 850 D.
547 799 805 849 cardinalis
839 814 879 846 S.
914 795 1178 845 Clementis
1214 794 1562 853 celebraturus,
1600 793 1961 857 quamprimum

171 885 359 951 accepit
377 885 588 950 palmam
610 897 766 941 suam,
789 880 871 929 ivit
898 880 958 928 ad
988 878 1291 927 vestiendum
1326 893 1377 925 se
1408 877 1469 925 ad
1499 875 1838 933 faldistorium,
1864 876 1963 935 ubi,

171 969 391 1035 deposita
409 967 498 1017 sibi
518 966 730 1031 planeta,
756 964 946 1029 accepit
966 978 1170 1027 cappam
1194 978 1349 1023 suam,
1377 961 1519 1021 sedit,
1542 960 1730 1024 accepit
1753 960 1968 1008 sandalia

173 1057 222 1104 et
237 1052 356 1101 dixit
375 1050 616 1116 psalmum
636 1064 772 1098 more
789 1052 1023 1097 consueto
1043 1052 1154 1095 ante
1169 1045 1376 1111 primam
1396 1045 1686 1094 orationem.
1708 1044 1969 1094 Celebrans

174 1135 374 1201 incepit,
395 1134 669 1199 discoperto
691 1132 867 1197 capite,
901 1131 1063 1181 dicere
1096 1150 1104 1179 :
1139 1131 1254 1179 Pax
1281 1130 1425 1191 vebia,
1451 1130 1536 1179 sed
1564 1129 1804 1178 incautus,
1841 1128 1973 1177 Prin-

177 1219 303 1287 cipio
329 1219 490 1285 ipsum
521 1216 797 1276 emendavi,
838 1220 886 1265 et
921 1214 1039 1264 dixit
1070 1232 1080 1264 ε
1110 1214 1349 1263 Dominus
1379 1214 1632 1262 vobiscum.
1663 1213 1770 1263 Alia
1810 1213 1974 1262 omnia

179 1303 308 1352 facta
327 1305 438 1351 sunt
458 1305 603 1367 prout
622 1300 671 1349 in
698 1299 1012 1350 ceremoniali
1035 1299 1302 1348 ordinatur.

246 1386 379 1436 Infra
394 1385 671 1451 passionem
703 1388 751 1434 et
783 1384 907 1433 infra
934 1384 996 1432 ad
1020 1383 1340 1433 elevationem
1368 1382 1676 1442 sacramenti,
1705 1383 1790 1431 SS.
1823 1386 1880 1431 D.
1914 1386 1971 1433 N.

184 1470 340 1521 tenuit
363 1469 577 1535 palmam
604 1485 742 1518 suam
778 1484 974 1533 parvam
1007 1468 1057 1516 in
1094 1484 1238 1516 manu
1276 1484 1285 1516 :
1318 1466 1588 1515 cardinales
1621 1470 1782 1515 autem
1822 1470 1869 1516 et
1898 1467 1975 1516 alii

186 1568 356 1604 omnes
375 1553 500 1602 infra
520 1552 798 1617 passionem
817 1556 865 1602 et
886 1553 1190 1617 evangelium
1212 1555 1400 1600 tantum
1419 1551 1604 1616 palmas
1626 1567 1737 1599 suas
1752 1551 1818 1616 ¹de
1841 1567 1977 1600 more

188 1641 465 1688 tenuerunt.
490 1638 705 1698 Interim,
730 1638 846 1686 dum
867 1637 1028 1702 passio
1042 1636 1305 1694 diceretur,
1326 1634 1540 1683 intimavi
1557 1633 1766 1683 dominis
1781 1634 1978 1699 prelatis

186 1711 521 1772 assistentibus
543 1725 591 1771 et
611 1721 716 1771 aliis
748 1722 1023 1771 oratoribus
1051 1721 1197 1769 etiam
1223 1718 1588 1783 protonotariis,
1615 1718 1696 1781 qui
1723 1718 1772 1766 in
1794 1720 1982 1783 capella

184 1805 523 1863 interfuerunt,
565 1821 772 1869 quorum
816 1822 1048 1855 numerus
1090 1808 1193 1854 erat
1227 1803 1579 1868 quinquaginta
1615 1803 1688 1851 vel
1725 1803 1872 1863 circa,
1922 1803 1980 1851 de

185 1888 415 1939 mandato
449 1890 534 1938 SS.
578 1892 636 1938 D.
666 1891 722 1938 N.
758 1905 906 1954 pape,
932 1888 1061 1953 quod
1087 1887 1136 1935 in
1166 1891 1366 1935 tonsura
1398 1890 1446 1935 et
1474 1886 1642 1935 habitu
1673 1886 1893 1935 honestis
1927 1903 1980 1936 ac

185 1972 473 2027 decentibus
514 1973 761 2027 incedere,
806 1978 855 2021 et
899 1972 1098 2036 singulis
1147 1971 1319 2020 diebus
1366 1970 1603 2035 capellani
1641 1971 1701 2019 ad
1747 1971 1981 2036 capellam

186 2056 368 2118 venire,
402 2072 500 2106 non
529 2073 617 2122 per
649 2057 782 2106 aulas
823 2061 871 2105 et
900 2056 1115 2121 porticus
1149 2072 1204 2105 ac
1230 2056 1482 2104 basilicam
1511 2072 1550 2103 s.
1584 2056 1732 2115 Petri,
1762 2056 1835 2105 vel
1872 2056 1981 2104 alibi

188 2140 500 2191 deambulare
535 2145 583 2189 et
622 2142 850 2206 spatiare,
890 2145 937 2189 et
960 2142 1050 2189 SS.
1086 2143 1142 2188 D.
1175 2143 1213 2188 N
1222 2178 1253 2200 .,
1286 2140 1433 2187 finitis
1469 2139 1663 2199 officiis,
1699 2155 1760 2188 ex
1799 2140 1985 2204 capella

189 2240 342 2289 usque
363 2224 426 2274 ad
446 2239 692 2274 cameram
710 2224 949 2290 papagalli
970 2224 1020 2272 in
1041 2223 1208 2288 cappis
1228 2224 1346 2283 suiS,
1371 2223 1547 2287 quibus
1568 2222 1618 2270 in
1640 2222 1828 2287 capella
1848 2226 1985 2270 utun-

191 2315 283 2372 tur,
307 2309 568 2368 associare,
594 2310 820 2359 debeant.

254 2394 394 2444 Feria
408 2398 581 2459 quarta
593 2394 792 2459 majoris
812 2392 1138 2451 hebdomade,
1168 2395 1219 2439 11
1242 2391 1424 2456 apriliS,
1449 2391 1577 2440 circa
1592 2391 1770 2441 horam
1784 2392 1910 2440 inter
1926 2408 1986 2438 xx

189 2483 241 2530 et
269 2495 370 2540 xxx,
407 2479 601 2545 incepte
631 2479 826 2528 fuerunt
862 2477 1097 2526 matutine
1133 2476 1443 2526 tenebrarum
1483 2474 1529 2522 in
1563 2475 1747 2539 capella
1780 2475 1982 2539 majore.

192 2563 277 2612 SS.
302 2565 360 2612 D.
379 2565 437 2613 N.
462 2566 658 2627 paratus
682 2561 878 2621 amictu,
907 2560 1031 2620 alba,
1057 2559 1272 2624 cinguIO,
1303 2559 1426 2607 stola
1445 2559 1658 2607 violacea
1684 2564 1730 2608 et
1752 2575 1909 2624 cappa
1929 2559 1986 2607 de

192 2645 416 2706 scarlatO,
435 2645 540 2695 sine
566 2645 712 2694 mitra
728 2648 776 2694 et
797 2644 900 2693 sine
922 2659 1088 2702 cruce,
1114 2643 1432 2707 sequentibus
1460 2643 1618 2707 ipsum
1643 2643 1985 2703 cardinalibUS,

194 2728 351 2793 primo
365 2728 625 2793 episcopis,
646 2728 820 2778 deinde
837 2727 1064 2792 presbyte
1072 2727 1151 2788 ris,
1173 2727 1372 2776 demum
1385 2727 1603 2776 diaconis
1621 2728 1865 2788 omnibus,
1878 2727 1991 2791 quia

195 2811 354 2860 nullus
376 2810 466 2860 sibi
487 2811 763 2870 assistebat,
787 2815 898 2875 post
925 2827 1010 2860 eos
1031 2811 1230 2876 prelatis
1258 2811 1600 2860 assistentibus
1624 2816 1672 2860 et
1700 2812 1822 2860 aliis.
1847 2812 1990 2862 Venit

194 2895 255 2945 ad
281 2895 534 2959 capenam,
566 2895 718 2943 oravit
746 2894 796 2942 in
835 2894 1120 2965 faldistorio,
1152 2897 1371 2945 ascendit
1399 2897 1460 2946 ad
1491 2897 1684 2956 solium,
1718 2896 1862 2956 sedit,
1893 2911 1992 2944 sur-

197 2978 335 3039 rexit,
360 2977 478 3027 dixit
503 2978 685 3026 :Pater
710 2986 885 3038 noster,
914 2986 1000 3027 etc.
1037 2979 1210 3028 Omnia
1236 2980 1365 3030 facta
1396 2986 1506 3030 sunt
1534 2986 1677 3046 prout
1700 2981 1749 3028 in
1776 2995 1993 3029 ceremo-

196 3061 310 3110 niali
337 3061 639 3110 ordinantur.

259 3146 397 3195 Circa
421 3145 569 3195 finem
600 3151 763 3197 autem
791 3147 919 3196 venit
957 3148 1016 3195 ad
1045 3147 1383 3209 faldistorium,
1422 3149 1521 3208 ubi,
1553 3166 1665 3198 cum
1698 3148 1994 3213 inciperetur

193 3229 461 3294 antiphona
484 3246 496 3279 z
525 3229 742 3280 Christus
764 3233 944 3298 factas,
967 3239 1074 3291 etc„
1101 3232 1381 3296 genuflexit.
1416 3232 1494 3281 Sic
1528 3249 1732 3282 manens
1756 3248 1905 3297 usque
1933 3233 1994 3281 ad

192 3313 360 3373 finem,
400 3313 519 3362 dixit
552 3314 732 3363 chorus
770 3332 780 3364 :
818 3315 1037 3380 Respice,
1083 3322 1190 3374 etc.;
1233 3315 1629 3381 archiepiscopus
1665 3316 1988 3378 FlorentinUS,

190 3397 442 3457 assistenS,
470 3398 674 3462 portavit
696 3398 911 3448 fimbrias
925 3415 1099 3448 omnes
1119 3398 1263 3448 simul
1286 3399 1515 3448 collectas
1546 3405 1640 3449 tam
1665 3402 1826 3450 eundo
1849 3417 1994 3465 quam
