2262 3958
171 258 368 294 Decembre
388 254 480 296 1491]
614 253 782 289 RERUM
816 252 1121 289 URBANARUM
1155 251 1506 290 COMMENTARH.
1889 253 1961 288 437

229 357 368 408 Feria
395 355 554 413 tertia,
590 357 617 402 6
648 353 939 411 decembris,
974 354 1097 403 festo
1131 371 1169 401 3.
1205 353 1406 411 Nicolai,
1432 355 1485 399 R.
1512 351 1561 398 in
1590 350 1779 399 Christo
1812 353 1863 399 P.
1901 354 1955 399 D.

172 440 324 490 Paris·
349 438 605 503 episcopus
655 436 1027 484 Auximanensis
1067 435 1326 484 celebravit
1366 435 1564 482 missam
1605 433 1874 481 solemnem
1910 434 1957 480 in

169 522 378 572 ecclesia
398 539 436 570 3.
462 521 646 570 Nicolai
679 521 726 568 in
747 536 940 568 carcere
972 520 1206 577 Tulliano,
1239 519 1314 566 cui
1346 518 1668 567 interfuerunt
1699 517 1955 566 duodecim

169 605 458 666 cardinales,
481 605 706 654 videlicet
726 603 1167 659 vicecancellarius,
1194 620 1231 650 s.
1258 602 1386 650 Petri
1417 601 1478 649 ad
1497 601 1719 661 Vincula,
1746 618 1783 649 s.
1809 602 1957 649 Mario

168 692 217 740 in
239 691 451 750 Porticu,
477 706 515 738 s.
539 687 729 751 Angeli,
755 686 986 750 episcopi,
1021 702 1059 732 s.
1092 685 1373 743 Clementis,
1402 684 1677 743 Januensis,
1710 683 1960 732 Beneven-

169 780 326 834 tanuS,
343 771 628 829 Aleriensis,
654 787 692 818 3.
716 769 988 826 Anastasio,
1007 767 1296 831 presbytcri,
1314 766 1560 825 SenensiS,
1584 767 1642 813 de
1659 768 1894 815 Columna
1912 774 1958 816 et

168 859 228 907 de
250 857 454 907 Sabellis
476 855 571 920 (qui
593 853 817 902 ultimum
838 852 1000 899 locum
1021 850 1304 914 occupabat,
1328 866 1438 898 cum
1457 854 1585 898 esset
1601 851 1674 897 sui
1691 850 1960 898 cardinala-

170 947 245 992 tus
266 937 487 1002 ecclesia)
510 935 717 984 diaconi.
744 935 884 1001 Dicta
904 939 977 983 est
998 951 1094 983 una
1114 939 1302 984 tantum
1334 934 1489 982 oratio
1513 938 1559 982 et
1587 933 1738 981 Credo
1762 938 1808 981 et
1830 934 1961 981 nulla

167 1025 227 1073 de
248 1023 455 1073 adventu
486 1019 889 1069 commemoratio
919 1019 1101 1078 habita,
1127 1035 1238 1067 cum
1269 1019 1361 1067 alie
1393 1017 1540 1065 misse
1571 1017 1626 1065 de
1655 1017 1881 1064 Adventu
1912 1017 1961 1064 in

165 1107 337 1157 eadem
358 1103 567 1153 ecclesia
587 1103 714 1152 dicte
746 1107 926 1151 essent.
960 1105 1012 1150 In
1044 1103 1158 1161 fine,
1193 1119 1270 1150 me
1301 1106 1516 1167 petente,
1551 1100 1822 1149 cardinales
1850 1116 1962 1149 con-

163 1193 415 1240 cesserunt
436 1187 788 1251 indulgentiam
811 1191 1008 1235 centum
1027 1187 1215 1234 dierum
1238 1186 1452 1245 cuilibet,
1479 1201 1623 1249 quam
1644 1184 1959 1249 pronunciavi

165 1273 254 1323 suh
285 1273 363 1321 his
391 1271 552 1321 verbis
586 1287 595 1318 :
636 1290 658 1314 «
681 1270 846 1318 RRmi.
882 1270 932 1317 in
963 1270 1152 1318 Christo
1182 1275 1344 1334 patres
1373 1274 1419 1318 et
1449 1271 1548 1318 DD.
1582 1267 1776 1317 Domini
1803 1267 1960 1315 cardi-

160 1357 296 1406 nales
316 1356 398 1405 hic
418 1359 691 1420 presenteS,
715 1353 944 1403 videlicet
973 1353 1175 1417 quilibet
1210 1369 1398 1412 eorum,
1430 1352 1509 1400 dat
1532 1357 1580 1401 et
1608 1351 1832 1400 concedit
1854 1367 1959 1398 om-

159 1440 303 1489 nibus
331 1439 412 1487 hic
441 1437 750 1503 presentibus
782 1442 979 1486 centum
1010 1437 1113 1485 dies
1148 1437 1446 1500 indulgentie
1478 1437 1527 1483 in
1558 1436 1712 1484 forma
1742 1435 1957 1483 Ecclesie

169 1512 406 1573 consueta
429 1540 440 1572 :
466 1527 600 1571 orate
623 1525 779 1571 Deum
801 1536 888 1585 pro
909 1520 1036 1568 felici
1060 1524 1186 1574 statu
1215 1520 1430 1567 Ecclesie
1452 1534 1670 1567 romane.
1698 1539 1719 1562 »
1745 1518 1852 1566 Alia
1873 1518 1960 1565 ob—

159 1612 349 1657 servata
378 1611 489 1655 sunt
519 1621 656 1655 more
689 1605 848 1654 solito,
871 1604 1149 1652 Cardinales
1172 1604 1402 1652 sederunt
1434 1604 1482 1651 in
1511 1607 1646 1667 parte
1670 1602 1886 1651 Ecclesie
1909 1602 1956 1649 in

160 1707 312 1740 cornu
334 1690 591 1755 evangelii,
615 1689 788 1753 prelati
810 1689 859 1736 in
881 1689 974 1736 alia
999 1692 1134 1752 parte
1161 1688 1228 1735 illi
1254 1688 1476 1752 opposita
1491 1688 1717 1736 videlicet
1739 1687 1788 1734 in
1806 1703 1956 1735 cornu

161 1775 383 1840 epistole.
424 1773 686 1822 Celebrans
733 1773 858 1821 sedit
903 1773 1027 1821 facie
1065 1772 1125 1820 ad
1154 1772 1387 1836 populum
1423 1789 1562 1821 versa
1596 1772 1645 1820 in
1682 1787 1831 1820 cornu
1869 1772 1956 1819 sub

157 1858 372 1908 tribuna.
409 1859 653 1928 'Cantores
693 1856 877 1919 capelle
908 1860 1073 1904 nostre
1114 1855 1229 1902 huic
1270 1856 1416 1903 misse
1461 1856 1784 1905 interfuerunt
1819 1872 1955 1905 more

158 1942 300 1992 solito
320 1945 569 1990 canentes,

224 2025 484 2076 Dominica
511 2025 656 2073 tertia
677 2024 929 2082 adventus,
959 2027 1010 2070 11
1039 2023 1331 2082 decembris,
1356 2026 1522 2071 Rmus.
1550 2026 1606 2071 D.
1633 2023 1891 2071 cardinalis
1914 2040 1951 2071 3.

157 2108 422 2159 Clementis
453 2107 715 2156 celebravit
741 2107 940 2155 missam
969 2106 1238 2154 solemnem
1268 2107 1316 2153 in
1347 2106 1531 2169 capella
1556 2105 1792 2168 predicta,
1828 2087 1956 2169 Papa

157 2196 403 2258 presente.
428 2192 716 2239 Sermonem
738 2190 854 2238 fecit
876 2190 1010 2253 prior
1042 2189 1224 2238 ordinis
1254 2206 1292 2237 3.
1325 2189 1581 2252 Augustini
1619 2189 1950 2237 eremitarum.

222 2275 478 2326 Dominica
497 2279 668 2339 quarta
687 2274 938 2333 adventus,
968 2277 1024 2321 18
1050 2273 1339 2332 decembris,
1365 2276 1419 2320 R.
1446 2275 1502 2320 D.
1528 2273 1677 2320 frater
1698 2273 1954 2337 episcopus

155 2358 474 2409 vulterranus
495 2357 756 2406 celebravit
778 2358 977 2405 missam
1000 2357 1270 2404 solemnem
1292 2357 1341 2404 in
1363 2356 1548 2420 capella
1567 2356 1804 2420 predicta,
1825 2359 1955 2420 Papa

154 2445 411 2506 presente;
447 2456 724 2488 sermonem
762 2440 877 2489 fecit
913 2444 1199 2504 procurator
1234 2440 1415 2488 ordinis
1456 2439 1818 2488 carmelitarum
1849 2440 1957 2488 siner

153 2525 359 2590 honore.
382 2526 657 2588 Antequam
679 2524 761 2572 SS.
789 2526 845 2572 D.
877 2526 934 2573 N.
966 2524 1120 2573 exiret
1147 2540 1391 2572 cameram
1421 2524 1711 2588 paramenti,
1745 2524 1953 2573 interro-

155 2608 263 2674 gavi
292 2604 610 2658 Sanctitatem
638 2622 775 2655 suam
802 2623 948 2671 quem
976 2608 1198 2655 ordinem
1230 2608 1377 2656 vellet
1404 2608 1462 2655 in⁴
1481 2608 1820 2657 decantatione
1851 2609 1952 2658 lec-

156 2694 346 2743 tionum
366 2690 723 2741 matutinalium
744 2692 901 2740 noctis
913 2691 1184 2741 festivitatis
1201 2692 1459 2741 Salvatoris
1472 2693 1624 2741 nostri
1638 2694 1859 2757 proxime
1881 2694 1951 2741 fu-

157 2783 282 2836 ture,
307 2776 571 2826 Sanctitate
594 2791 681 2823 sua
701 2775 949 2823 matutinis
970 2775 1311 2835 interessente,
1343 2776 1607 2834 observari,
1633 2781 1680 2825 et
1701 2777 1950 2840 respondit

158 2905 252 2941 dans
275 2913 342 2940 son
361 2900 526 2944 Journal,
544 2900 590 2937 de
611 2900 752 2938 donner
773 2903 794 2938 a
813 2901 847 2937 la
872 2900 1054 2937 duchesse
1073 2900 1105 2938 le
1131 2901 1214 2938 titre
1231 2902 1276 2939 de
1298 2905 1406 2939 reine
1425 2905 1492 2940 des
1513 2904 1730 2947 Romains,·
1749 2907 1784 2939 et
1804 2903 1895 2940 dans
1917 2903 1952 2939 la

154 2963 269 3000 Table
290 2961 356 2998 des
378 2960 560 3005 mutieres,
584 2971 624 2996 ce
652 2960 715 2998 fait
737 2964 795 2998 est
820 2960 971 3009 indique
1001 2972 1089 2997 sous
1113 2965 1206 2998 cette
1229 2962 1478 3010 qualification
1506 2962 1654 2999 odieuse
1677 2974 1685 2999 :
1708 2962 1948 3000 adulterium

156 3023 329 3060 notabile
338 3021 450 3067 Regis
466 3021 653 3057 Franciae.
669 3020 723 3062 Le„
736 3020 934 3073 ,sommaire
949 3020 1128 3068 marginal
1144 3026 1246 3070 porte
1265 3034 1273 3059 :
1292 3037 1306 3054 u
1318 3023 1372 3058 De
1388 3024 1631 3059 novitatibus
1645 3022 1833 3058 adulterii
1845 3022 1952 3070 Reqss
1968 3030 1971 3032 '

156 3083 371 3119 Franciae.
397 3094 416 3115 11
439 3080 508 3129 (De
529 3079 757 3129 Brequigny‚
780 3091 863 3117 ouv.
887 3079 969 3124 cite,
991 3091 1078 3128 pag.
1101 3080 1178 3128 86.)

204 3140 412 3179 Sansovino
433 3140 523 3177 ecrit
548 3139 570 3176 ὁ.
596 3140 738 3177 1’(1111133
763 3141 869 3186 1485,
892 3140 985 3176 dans
1010 3151 1052 3176 sa
1074 3139 1312 3187 Cronoloyia
1332 3142 1396 3177 del
1417 3143 1560 3177 mondo
1583 3141 1633 3187 (in
1654 3140 1819 3185 Venetia,
1842 3141 1948 3179 1580.

158 3202 275 3244 in-40)
294 3212 306 3238 ι
328 3215 347 3235 «
369 3199 475 3238 Cario
490 3198 575 3237 VIII
603 3211 642 3237 re
663 3199 699 3236 di
720 3200 874 3237 Francia
893 3199 1035 3248 rapisce
1054 3199 1162 3236 Anna
1175 3199 1359 3237 duchessa
1380 3200 1416 3236 di
1438 3200 1626 3248 Bertagna
1646 3204 1796 3247 sposata
1815 3211 1836 3236 a
1856 3200 1952 3237 Mas-

158 3260 339 3300 similiano
360 3259 426 3308 fig.
447 3258 531 3296 dell'
553 3259 645 3308 Imp.
664 3271 683 3296 3
704 3259 738 3296 la
764 3260 901 3309 prende
928 3271 992 3308 per
1015 3259 1148 3308 moglie
1170 3274 1204 3297 ».
1225 3259 1320 3308 Voy.
1344 3271 1407 3296 sur
1434 3271 1474 3296 ce
1501 3259 1660 3306 mariage
1682 3272 1692 3295 ε
1717 3260 1828 3300 Daru,
1852 3261 1948 3296 His-

161 3325 261 3359 toire
278 3322 326 3358 de
344 3321 551 3366 Bretaqne,
571 3322 599 3356 t.
620 3319 682 3365 111,
704 3331 739 3369 p.
769 3321 856 3364 176;
875 3320 924 3357 Le
944 3319 1053 3356 Roux
1073 3319 1117 3356 de
1132 3319 1260 3367 Lincy,
1282 3320 1387 3355 Hist.
1401 3320 1555 3355 d'Anne
1574 3320 1622 3354 de
1642 3320 1855 3366 Bretayne,
1871 3324 1898 3357 t.
1919 3320 1948 3366 1,

163 3382 276 3430 chap.
303 3382 321 3418 1
345 3384 380 3418 et
397 3380 440 3421 2:
461 3379 506 3416 (13
522 3378 701 3425 011311131,
723 3379 823 3416 Hist.
846 3381 894 3415 de
913 3380 1074 3417 Charles
1100 3379 1211 3421 VIII,
1235 3383 1262 3416 t.
1283 3380 1310 3415 I.
1333 3379 1397 3418 ch.
1417 3392 1452 3422 ν,
1474 3383 1557 3424 etc„
1581 3382 1650 3416 etc.
