2262 3958
219 289 538 331 [Decembre1486]
670 289 839 327 RERUM
872 289 1176 326 L‘HBANARUM
1210 289 1561 326 COMMENTARH.
1936 292 2005 325 227

284 391 551 450 Dominica,
585 394 610 439 3
645 392 827 439 mensis
860 391 1151 451 decembris,
1187 391 1344 455 prima
1374 391 1618 440 dominica
1656 392 1907 450 adventus,
1945 396 1997 439 R.

212 475 263 523 in
293 474 481 530 Ghristo
511 477 562 522 P.
607 478 664 523 D.
704 475 929 524 Nicolaus
968 475 1101 534 cibo,
1138 475 1529 540 archiepiscopus
1561 476 1846 525 Cusentinus
1874 476 2003 525 cele-

214 557 367 606 bravit
409 558 607 606 missam
635 559 904 608 solemnem
939 558 1259 623 primitiarum
1296 575 1491 609 suarum
1528 561 1578 608 in
1611 560 1796 624 capella
1817 560 2001 623 majore

214 641 377 706 palatii
400 642 648 706 apostolici
672 627 800 708 apud
827 660 866 691 s.
893 646 1105 703 Petrum,
1133 646 1262 708 Papa
1292 650 1537 707 presente.
1571 647 1857 694 Sermonem
1891 644 2003 693 fecit

212 727 409 792 quidam
446 727 596 776 frater
643 726 822 775 ordinis
866 726 1240 790 predicatorum.
1274 728 1535 775 Celebrans
1568 728 1686 776 dixit
1715 732 1876 778 tamen
1905 733 2002 776 tres

213 812 456 862 orationes
488 829 498 861 :
528 811 733 876 primam
763 809 1074 870 ordinariam,
1113 810 1378 859 secundam
1403 810 1539 858 Deus
1567 813 1648 876 qui
1676 813 1859 872 salectis,
1890 821 1997 872 etc„

215 897 423 956 tertiam,
457 895 582 944 Deus
628 882 839 942 omnium
871 894 1089 957 fidelium
1117 902 1295 958 pastor,
1337 903 1443 955 etc„
1487 902 1630 959 prout
1673 896 2002 960 superioribus

213 981 400 1031 duobus
421 978 560 1029 annis
574 994 685 1027 meo
696 979 836 1042 jussu
855 977 1162 1027 observatum
1179 982 1267 1027 est.
1289 979 1383 1028 Sed
1399 982 1456 1027 D.
1476 980 1734 1044 episcopus
1754 980 2002 1030 Pientinus

210 1065 328 1115 dixit
350 1081 436 1114 suo
460 1069 681 1128 tempore
704 1079 899 1128 semper
918 1063 1063 1113 fuisse
1077 1063 1289 1112 additam
1309 1069 1530 1127 quartam
1547 1064 1816 1113 orationem
1836 1069 2004 1114 contra

212 1165 455 1215 paganOS,
498 1163 592 1213 que
633 1151 762 1197 esset
799 1147 936 1212 quasi
977 1164 1199 1198 connexa
1233 1149 1418 1198 nomini
1459 1165 1547 1214 pro
1586 1149 1815 1213 pontifice
1853 1154 1901 1198 et
1939 1148 2005 1198 ita

213 1232 360 1283 etiam
399 1232 493 1282 dici
523 1231 720 1282 debere.
772 1233 1032 1282 Celebrans
1070 1236 1118 1282 et
1155 1233 1363 1282 ministri
1404 1234 1684 1284 habuerunt
1720 1237 2005 1299 paramenta

212 1315 510 1366 cardinalitia
549 1315 853 1366 ordinatione
891 1317 1078 1367 abbatis
1127 1318 1347 1379 sacriste,
1389 1318 1448 1367 de
1494 1335 1589 1383 quo
1629 1319 1792 1383 plures
1830 1317 2003 1383 prelati

213 1402 597 1452 murmurabant.

278 1486 418 1536 Feria
445 1490 634 1550 quarta,
677 1489 705 1534 6
741 1486 1030 1547 decembriS‚
1058 1487 1235 1536 festum
1273 1503 1311 1535 S.
1350 1487 1533 1536 Nicolai
1574 1488 1807 1553 episcopi,
1853 1491 2001 1553 Papa,

213 1571 407 1620 indutus
461 1570 648 1619 cuculla
695 1571 790 1619 sive
849 1574 1013 1618 manto
1062 1587 1205 1634 supra
1250 1570 1424 1619 stolam
1471 1575 1519 1619 et
1560 1572 1816 1621 rochetum
1866 1588 2004 1620 suum

211 1655 428 1720 pervenit
468 1654 531 1703 ad
568 1655 804 1719 capellam
855 1670 1049 1718 parvam
1091 1654 1252 1718 palatii
1295 1655 1547 1718 apostolici
1599 1655 1648 1703 in
1690 1672 1785 1719 qua
1825 1656 2005 1704 audivit

210 1738 411 1787 missam
439 1739 710 1788 solemnem
738 1755 884 1803 quam
912 1739 1172 1787 celebravit
1202 1742 1257 1786 R.
1289 1741 1340 1787 P.
1373 1742 1429 1788 D.
1462 1740 1711 1788 Johannes
1746 1740 2002 1805 episcopus

211 1821 472 1871 Calviensis
501 1838 512 1870 :
544 1825 713 1871 Rmus.
753 1825 810 1870 D.
842 1822 1186 1886 Neapolitanus
1216 1822 1348 1870 solus
1373 1823 1631 1871 cardinalis
1659 1823 1876 1872 interfuit
1893 1840 2004 1872 cum

210 1906 408 1972 prelatis
428 1906 591 1971 palatii
610 1910 658 1955 et
687 1906 809 1955 aliis.
846 1906 1093 1954 Johannes
1124 1906 1274 1955 Maria
1300 1907 1417 1956 fecit
1451 1907 1667 1956 officium
1700 1908 2005 1957 ceremonia-

210 2007 335 2052 rum,
360 1990 593 2040 ordinavit
608 1990 849 2040 incensari
869 1991 1019 2040 altare
1037 1995 1147 2040 ante
1164 1991 1414 2040 introitum
1434 1997 1482 2040 et
1499 1993 1680 2057 portari
1704 1993 2004 2041 thuribulum

210 2079 259 2124 et
278 2075 532 2124 incensum
550 2075 610 2123 ad
631 2076 957 2140 evangelium,
984 2079 1031 2124 et
1050 2075 1142 2124 alia
1168 2076 1332 2124 omnia
1364 2080 1506 2140 prout
1531 2076 1580 2124 in
1602 2076 1751 2125 missa
1778 2076 2004 2135 solemni,

212 2162 343 2225 Papa
355 2159 699 2224 pontificaliter
716 2166 903 2224 parato,
931 2160 1277 2209 observantur:
1298 2160 1556 2208 cardinalis
1572 2160 1818 2224 predictus
1841 2160 2007 2208 minis-

212 2243 351 2292 travit
370 2243 639 2293 naviculam
661 2248 708 2292 et
730 2242 1001 2292 incensavit*
1015 2247 1212 2308 Papam.
1240 2243 1457 2293 Perrexit
1484 2244 1662 2293 librum
1685 2244 2006 2293 osculandum

212 2343 298 2376 suo
320 2332 540 2392 tempore
563 2332 611 2378 et
630 2344 804 2393 pacem
825 2327 956 2377 dedit
974 2344 1086 2377 cum
1108 2327 1428 2377 instrumento
1449 2329 1608 2393 pacis;
1635 2329 1763 2377 dicte
1784 2334 1894 2377 sunt
1910 2333 2006 2377 tres

212 2412 456 2462 orationes
482 2429 492 2461 :
518 2429 614 2461 una
652 2412 710 2461 de
739 2413 887 2473 festo;
919 2412 1133 2462 secunda
1163 2413 1290 2462 Deus
1321 2413 1404 2477 qui
1430 2413 1597 2474 salutis
1631 2417 1679 2461 et
1708 2413 1850 2462 tertia
1881 2413 2006 2463 Deus

212 2497 442 2558 omnium,
467 2505 552 2545 etc.
577 2497 683 2546 Alia
704 2497 868 2546 omnia
889 2498 1142 2547 observata
1170 2502 1282 2546 sunt
1299 2513 1434 2546 more
1458 2501 1713 2546 consuete.

277 2581 378 2646 Ego
399 2584 561 2630 autem
585 2586 783 2646 rogatus
811 2598 840 2631 a
866 2586 1006 2632 Rmo.
1038 2587 1093 2632 D.
1122 2582 1366 2632 cardinale
1397 2582 1456 2631 de
1487 2582 1689 2631 Sabellis
1715 2582 1929 2631 serviens
1953 2582 2002 2630 in

214 2664 376 2714 officio
398 2665 787 2715 ceremoniarum
809 2666 858 2714 in
879 2667 1133 2716 ecclesias.
1163 2666 1346 2717 Nicolai
1368 2667 1417 2714 in
1438 2682 1636 2716 carcere
1662 2666 1897 2726 Tulliano,
1926 2667 2006 2714 ubi

216 2747 307 2796 suit
326 2748 483 2812 major
495 2765 605 2813 pars
626 2754 881 2799 cantorum
900 2751 1084 2816 capelle
1104 2756 1267 2801 nostre
1290 2768 1400 2801 cum
1416 2752 1621 2801 diacono
1645 2756 1692 2801 et
1708 2752 2004 2801 subdiacono

218 2831 395 2880 nostris
410 2847 419 2891 ;
442 2832 641 2881 missam
657 2834 915 2884 celebravit
931 2838 986 2883 R.
1002 2838 1054 2884 P.
1070 2838 1126 2884 D.
1146 2836 1402 2902 episcopus
1426 2837 1669 2887 Alerinus.
1684 2837 2009 2885 lntersuerunt

220 2913 387 2962 RRmi.
414 2916 514 2963 DD.
539 2931 576 2964 s,
604 2916 768 2977 Marci,
796 2933 834 2963 S.
863 2919 1052 2983 Angeli,
1088 2936 1127 2967 s.
1164 2920 1444 2974 Clementis.
1470 2922 1529 2971 de
1556 2921 1841 2980 Comitibus,
1864 2922 2009 2969 Asca-

217 2997 325 3045 nius
346 2998 474 3048 etde
497 2999 699 3048 Sabellis
727 3002 862 3065 cujus
890 3007 964 3050 est
997 3003 1220 3052 ecclesia.
1255 3006 1392 3054 Dicta
1428 3011 1501 3056 est
1525 3011 1710 3056 tantum
1738 3021 1833 3054 una
1853 3005 2007 3054 oratio

221 3085 269 3129 et
294 3081 462 3142 Credo,
488 3084 598 3147 quia
635 3088 799 3136 RmuS.
837 3088 892 3134 D.
925 3087 1181 3136 cardinalis
1215 3104 1254 3135 S.
1289 3090 1439 3138 Marci
1470 3091 1587 3139 dixit
1623 3090 1869 3153 antiquam
1900 3105 2009 3138 esse

220 3167 620 3218 consuetudinem
653 3172 782 3234 quod
814 3172 859 3219 in
897 3171 1176 3236 patrociniis
1203 3171 1451 3222 titulorum
1482 3174 1801 3223 cardinalium
1826 3173 2011 3223 dicatur

220 3249 388 3299 Credo.
426 3251 582 3301 Finito
611 3257 770 3303 autem
795 3255 1062 3319 evangeli0‚
1094 3255 1290 3319 quidam
1318 3273 1439 3320 puer
1466 3257 1703 3306 scholaris
1726 3260 1837 3306 ante
1859 3257 2014 3306 cardi·

219 3333 353 3383 nales
383 3338 532 3395 stans,
562 3335 744 3401 incepit
779 3338 940 3388 dicere
979 3330 1236 3403 quamdam
1270 3340 1560 3402 orationem,
1600 3357 1679 3390 me
1711 3356 1808 3389 non
1841 3341 2010 3391 adver-

224 3421 375 3479 tente,
406 3435 551 3483 quam
582 3424 742 3470 tamen
777 3427 977 3486 propter
1008 3424 1266 3474 adveutum
1301 3424 1506 3473 aliorum
1537 3425 1832 3474 scholarium
1863 3427 2011 3490 perfi-
