2262 3958
308 345 375 381 113
909 331 1140 371 JOHANNIS
1174 329 1468 376 BURCHARm,
1749 331 1953 374 [Decembre
1975 312 2066 365 1484]

307 449 513 499 saretur;
538 442 697 504 sicque
722 439 895 486 sactum
916 438 1003 482 est.
1025 437 1264 496 Vesperas
1278 432 1557 496 hujusmodi
1573 433 1827 482 celebravit
1844 435 2067 482 solemni-

309 533 380 576 ter
396 526 627 575 Sanctitas
649 539 751 579 sua,
778 521 878 583 ipso
895 522 941 567 et
962 518 1280 567 cardinalibus
1299 533 1432 566 more
1450 517 1588 565 solito
1605 519 1891 582 antiphonas
1913 523 1958 567 et
1976 519 2070 567 alia

303 610 587 659 dicentibus.
609 606 805 663 Quibus,
826 603 883 650 de
897 602 1089 666 speciali
1105 601 1344 664 pontificis
1359 601 1567 660 licentia,
1588 601 1900 650 interfuerunt
1918 605 2062 650 Fran-

308 693 463 740 ciscus
479 692 536 739 de
555 687 796 751 Aragonia
812 690 858 734 et
880 685 1062 748 college
1082 684 1172 743 sui,
1199 683 1503 732 Serenissimi
1521 684 1645 748 regis
1670 684 1826 732 Sicilie
1852 689 2068 733 oratores

305 775 522 838 predicti,
547 774 656 821 licet
677 771 891 819 nondum
914 768 1234 817 obedientiam
1257 770 1340 816 SS.
1361 771 1416 815 D.
1433 770 1487 816 N.
1511 767 1848 830 prestitissent,
1869 770 2067 830 propter

308 858 434 920 quod
448 857 562 905 alias
584 856 631 903 in
649 854 892 919 publicum
913 852 1072 902 venire
1091 867 1188 900 non
1201 852 1430 911 licuisset,
1451 855 1497 898 et
1512 850 1747 914 assignavi
1763 849 1919 897 eidem
1934 849 2068 898 illus-

311 942 369 989 tri
407 939 661 988 Francisco
692 938 869 996 locum,
903 936 940 984 si
974 939 1104 983 recte
1140 935 1354 993 memini,
1391 951 1535 998 supra
1568 934 1788 982 ultimum
1815 933 2073 981 diaconum

311 1023 624 1080 cardinalem,
678 1020 897 1068 videlicet
946 1023 1136 1067 Rmu-m.
1189 1021 1245 1066 D.
1294 1019 1583 1067 cardinalem
1624 1019 1911 1078 Ascanium,
1959 1017 2072 1066 licet

313 1108 414 1170 ipse
446 1106 679 1154 Ascanius
701 1109 867 1168 postea
897 1103 1067 1151 dixerit
1094 1102 1331 1168 prefatum
1359 1105 1415 1151 D.
1450 1101 1755 1152 Franciscum
1781 1105 1891 1167 post
1915 1101 2082 1166 ipsum*

313 1189 602 1236 cardinalem
623 1188 831 1235 locatum
855 1187 1018 1235 fuisse.
1462 1242 1465 1246 .

375 1274 643 1335 Antequam
669 1270 932 1319 cardinales
962 1270 1239 1334 pontificem
1268 1271 1326 1318 ad
1351 1286 1575 1334 vesperas
1603 1285 1661 1318 ex
1682 1285 1873 1318 camera
1893 1285 2076 1335 pappa-

314 1354 423 1418 galli
460 1354 771 1413 associarent,
802 1353 973 1402 avisavi
1005 1353 1216 1417 singulos
1244 1352 1371 1416 quod
1410 1352 1498 1400 sibi
1534 1352 1652 1400 duos
1687 1352 1942 1400 scutiferos
1978 1353 2075 1401 sive

313 1438 564 1487 servitores
577 1437 827 1501 eligerent,
844 1437 923 1500 qui
941 1437 1055 1500 ipsis
1070 1437 1128 1484 de
1142 1436 1249 1484 vino
1268 1440 1315 1484 et
1330 1452 1453 1498 aqua
1473 1436 1520 1482 in
1541 1436 1794 1484 collatione
1818 1435 2071 1486 servirent.

313 1525 401 1569 Pro
425 1521 676 1569 collatione
707 1520 852 1585 igitur
876 1524 984 1584 post
1010 1535 1231 1583 vesperas
1261 1519 1450 1583 publice
1477 1519 1715 1578 habenda,
1740 1523 1960 1585 paratum
1988 1519 2076 1571 fuit

311 1604 405 1652 hoc
428 1603 612 1652 ordine.
2063 1590 2065 1592 ¹

378 1687 498 1735 Aula
518 1686 690 1750 prima,
712 1684 932 1733 videlicet
951 1701 1126 1749 magna
1142 1685 1303 1749 palatii
1318 1684 1519 1749 predicti
1539 1685 1756 1733 ordinata
1775 1685 1862 1734 fuit
1887 1685 2006 1734 solio
2026 1690 2077 1735 et

314 1770 425 1817 sede
447 1768 708 1833 pontificali
730 1772 777 1816 et
799 1768 1004 1816 scamnis
1024 1784 1110 1831 pro
1132 1769 1468 1827 cardinalibus,
1499 1784 1552 1816 ac
1579 1768 1806 1816 viridibus
1826 1768 1996 1832 pannis
2019 1785 2076 1818 ac

316 1853 353 1899 si
382 1853 429 1899 in
463 1868 519 1900 ea
548 1852 789 1915 publicum
823 1851 1157 1899 consistorium
1185 1851 1416 1899 celebrari
1451 1852 1665 1911 deberet,
1706 1855 1910 1915 excepto
1948 1852 2079 1916 quod

313 1935 455 1999 pallia
476 1935 602 1982 sedis
625 1938 769 1998 Pape,
795 1939 841 1982 et
862 1935 1085 1998 desuper,
1112 1935 1218 1982 alba
1237 1935 1446 1994 fuerunt,
1465 1951 1562 1983 non
1583 1936 1732 1984 rubea
1754 1939 1801 1984 et
1821 1940 1984 2000 preter
2001 1937 2080 1984 illa

315 2019 454 2077 infra,
490 2019 622 2081 juxta
657 2033 850 2066 scamna
887 2018 1199 2066 cardinalium
1229 2018 1278 2066 in
1312 2011 1531 2082 opposito
1567 2019 1674 2067 ostii
1699 2035 1786 2083 per
1814 2020 1942 2082 quod
1971 2025 2081 2083 post

316 2117 587 2160 ascensum,
615 2118 673 2149 ex
700 2101 846 2160 curia,
884 2101 963 2149 ubi
1003 2101 1266 2150 cardinales
1301 2117 1359 2150 ex
1399 2101 1532 2165 equis
1569 2102 1864 2150 descendere
1906 2102 2077 2163 solent,

316 2185 534 2233 eamdem
555 2185 686 2232 illam
707 2185 988 2248 ingreditur,
1013 2189 1177 2249 parata
1198 2185 1284 2232 fuit
1308 2201 1402 2232 una
1429 2185 1674 2233 credentia
1702 2186 1796 2233 alta
1817 2189 1864 2234 et
1885 2201 2078 2250 magna,

316 2272 422 2317 octo
439 2269 613 2332 gradus
630 2268 832 2327 habens,
846 2268 969 2316 vasis
983 2268 1222 2331 argenteis
1239 2268 1465 2316 inauratis
1485 2284 1539 2316 ac
1559 2268 1780 2316 cristallis
1795 2268 2080 2331 quibusdam

317 2352 554 2415 opulentis
571 2352 769 2409 munita,
793 2367 885 2414 que
909 2352 1051 2399 etiam
1072 2352 1341 2414 aliqualiter
1360 2351 1407 2398 in
1424 2351 1546 2399 libro
1562 2351 1716 2415 primo
1735 2367 1844 2400 meo
1867 2367 2082 2401 ceremo-

317 2435 506 2482 niarum
529 2450 674 2481 manu
697 2449 805 2481 mea
828 2434 1003 2497 scripto
1023 2434 1136 2481 folio
1158 2451 1215 2481 xv
1233 2435 1480 2497 designata
1501 2437 1589 2482 est.

383 2520 435 2565 In
457 2518 666 2565 secunda
694 2517 809 2574 aula,
822 2517 930 2564 dicti
953 2517 1130 2580 palatii,
1154 2517 1371 2565 videlicet
1400 2517 1618 2580 proxima
1641 2518 1777 2580 juxta
1793 2517 2077 2580 predictam,

318 2606 482 2666 parata
509 2601 595 2648 fuit
618 2600 710 2648 alia
736 2595 981 2648 credentia
1007 2594 1235 2648 consueta
1264 2599 1435 2658 forma,
1469 2616 1561 2663 que
1594 2615 1680 2663 pro
1710 2601 1793 2647 SS.
1836 2601 1890 2648 D.
1916 2603 2081 2648 nostro

318 2685 471 2749 parari
496 2684 632 2742 solet,
659 2687 705 2731 et
725 2699 821 2731 non
842 2683 984 2746 longe
1005 2683 1063 2731 ab
1084 2683 1164 2730 illa
1185 2683 1275 2730 alia
1300 2683 1443 2746 longa
1462 2699 1547 2746 pro
1577 2682 1768 2730 RRmis.
1801 2685 1901 2731 DD.
1927 2683 2083 2731 cardi-

318 2768 524 2826 nalibus,
548 2767 596 2814 in
617 2767 786 2830 quibus
810 2766 1027 2814 ordinata
1048 2766 1239 2814 fuerunt
1268 2770 1314 2814 et
1339 2766 1447 2814 vina
1474 2770 1654 2830 parata,
1685 2765 2014 2815 confectiones
2036 2771 2084 2816 et

320 2850 631 2908 confectoria,
656 2849 841 2908 bacilia,
867 2865 990 2912 aqua
1011 2853 1057 2897 et
1085 2849 1175 2897 alia
1203 2853 1484 2913 opportuna.
1517 2849 1779 2897 Premoniti
1803 2849 1947 2897 etiam
1975 2850 2080 2899 fue-

320 2938 429 2982 runt
451 2933 728 2982 cubicularii
752 2936 798 2980 et
819 2933 896 2981 alii
925 2933 1036 2995 quid
1065 2937 1226 2981 essent
1254 2933 1422 2994 acturi,
1452 2949 1545 2996 que
1580 2949 1638 2981 ex
1668 2932 1791 2979 infra
1817 2933 2081 2981 scribendis

321 3017 662 3080 intelligentur.
704 3019 930 3064 Preterea
970 3016 1240 3064 ordinatum
1273 3017 1444 3075 fuerat,
1480 3017 1607 3078 quod
1640 3016 1679 3062 si
1710 3017 1792 3063 SS.
1819 3019 1877 3063 D.
1918 3019 2084 3064 noster

320 3116 540 3165 vesperas
557 3100 603 3147 in
624 3116 661 3147 s.
681 3103 822 3148 Petro
838 3099 1063 3148 voluisset
1079 3099 1327 3159 celebrari,
1351 3100 1477 3162 quod
1492 3099 1583 3145 illis
1600 3098 1744 3145 finitis
1761 3102 2082 3146 reverteretur

322 3185 380 3230 ad
401 3199 641 3231 cameram
662 3182 896 3246 papagalli
917 3183 1082 3231 ordine
1098 3189 1347 3241 consueto,
1374 3185 1418 3229 et
1440 3182 1634 3241 ibidem,
1653 3183 1871 3246 deposito
1887 3181 2078 3246 pluviali

323 3270 368 3313 et
389 3267 528 3314 mitra
550 3272 761 3331 accepta,
796 3283 945 3330 cappa
972 3266 1030 3314 de
1058 3265 1325 3312 cremesino
1354 3265 1504 3312 exiret
1533 3266 1591 3312 ad
1625 3266 1782 3313 aulam
1814 3265 2080 3329 predictam

324 3349 425 3395 sine
445 3350 583 3396 mitra
603 3366 689 3413 pro
727 3350 978 3397 collatione
1010 3349 1242 3397 facienda.
1273 3348 1499 3412 Vesperis
1527 3349 1669 3411 igitur
1693 3348 1741 3396 in
1769 3349 1952 3413 capella
1971 3363 2084 3412 pre—

323 3430 417 3477 fata
438 3431 600 3490 finitis,
625 3434 708 3479 SS.
734 3436 790 3479 D.
817 3436 894 3490 N.,
928 3432 1156 3495 depositis
1189 3431 1379 3494 pluviali
1408 3435 1454 3479 et
1484 3432 1640 3493 mitra,
1673 3432 1858 3495 accepit
1879 3446 2079 3494 cappam

1844 3535 1877 3547 Q
