2262 3958
206 298 427 342 [Septembre
446 299 537 341 1484]
640 299 809 337 RERUM
845 301 1150 339 URBANARUM
1184 302 1534 340 COMMENTARII.
1945 304 1992 339 99

199 403 248 448 et
279 399 601 449 subdiaconus
635 402 685 449 in
719 402 827 451 loco
881 403 1040 463 solito,
1088 404 1205 452 dixit
1251 403 1504 468 epistolam
1547 402 1764 461 latinam,
1807 407 1990 466 etpost

203 498 315 532 eum
343 483 463 532 alius
491 500 705 549 grecam,
742 491 790 535 et
823 487 1100 536 continuata
1127 491 1200 536 est
1227 487 1375 536 missa
1401 487 1570 537 ordine
1595 490 1829 535 consueto
1860 489 1989 550 Papa

205 567 502 628 celebrante,
546 570 697 619 nihilo
731 571 922 635 penitus
962 571 1233 619 immutato.
1277 575 1380 628 Qua
1418 572 1571 631 finita,
1616 574 1743 635 Papa
1775 571 1825 619 in
1851 571 1989 619 altari

205 651 308 701 sine
329 653 474 702 mitra
490 654 623 703 dedit
643 655 1051 714 benedictionem,
1077 659 1124 703 et
1144 672 1242 704 non
1271 656 1634 720 indulgentiam.

267 738 391 786 Data
437 737 487 786 in
516 738 652 787 altari
689 738 1045 798 benedictione,
1084 742 1227 804 Papa,
1273 744 1460 788 retento
1500 740 1643 804 pallio
1678 756 1732 789 ac
1766 739 1988 788 omnibus

204 820 310 870 aliis
354 822 668 886 paramentis,
714 823 1029 887 reassumpsit
1070 823 1261 872 mitram
1301 824 1580 888 pretiosam,
1631 824 1903 873 chirotecas
1947 830 1993 872 et

211 905 440 955 annulum
460 906 789 974 pontificalem
817 922 873 955 ac
901 907 1020 956 alios
1045 908 1266 968 annuIOS,
1299 913 1344 956 et
1373 908 1580 957 accessit
1615 909 1731 956 sella
1757 912 1992 972 portatuS,

211 990 299 1038 sub
331 989 620 1038 baldachino
658 991 718 1039 ad
755 996 1035 1055 suggestum
1069 992 1118 1040 in
1149 992 1258 1040 loco
1289 992 1639 1042 benedictionis
1666 996 1992 1057 preparatum,

204 1074 579 1138 precedentibus
601 1074 759 1140 ipsum
784 1076 1007 1125 omnibus
1036 1076 1377 1135 cardinalibus,
1402 1075 1598 1141 prelatis
1621 1080 1668 1124 et
1695 1075 1800 1123 aliis
1822 1074 1998 1139 paratis

206 1158 256 1207 in
288 1158 386 1208 suis
424 1159 720 1225 paramentis
750 1165 796 1210 et
823 1161 975 1210 mitris
1006 1177 1063 1210 ac
1105 1160 1402 1210 ornamentis
1437 1177 1523 1209 seu
1561 1160 1822 1218 habitibus,
1858 1163 1998 1223 prout

205 1243 733 1303 misse-interfuerunt,
772 1245 1214 1310 processionaliter,
1257 1237 1560 1294 sine'tamen
1598 1243 1915 1292 luminaribus
1953 1247 2000 1291 et

208 1327 432 1378 incenso.
455 1331 585 1395 Papa
604 1329 651 1378 in
676 1335 904 1395 suggesto
927 1330 1188 1380 constituto
1211 1330 1334 1379 sedit
1357 1330 1406 1378 in
1429 1329 1542 1378 sede
1565 1328 1797 1378 eminenti
1820 1327 1999 1376 ibidem

207 1411 298 1461 sibi
332 1417 516 1477 parata,
563 1414 662 1474 ubi,
708 1419 962 1480 expectato
1002 1415 1130 1479 quod
1180 1415 1384 1480 populus
1425 1413 1634 1463 ecclesia
1675 1412 1828 1462 exiret
1868 1415 1916 1460 et
1947 1411 1998 1458 in

203 1495 364 1561 platea
397 1503 797 1563 congregaretur,
837 1504 1053 1549 extracta
1086 1516 1173 1564 per
1214 1499 1510 1549 cardinalem
1542 1515 1580 1546 S.
1607 1496 1800 1561 Georgii
1831 1496 1991 1555 mitra,

204 1580 461 1630 cardinalis
495 1583 744 1642 SenensiS‚
769 1584 903 1649 prior
920 1584 1184 1650 predictuS,
1209 1583 1440 1649 imposuit
1463 1586 1588 1648 Pape
1608 1598 1830 1646 regnum,
1856 1582 1994 1630 nobis

201 1665 625 1717 circumstantibus
667 1668 1069 1728 acclamantibUS,
1113 1669 1259 1733 Kyrie
1304 1668 1492 1733 eleyson
1532 1667 1627 1716 alta
1655 1682 1793 1722 voce,
1843 1666 1995 1715 semel

201 1752 405 1799 tantum.

269 1836 398 1900 Papa
418 1834 487 1884 sic
509 1839 762 1896 coronate,
783 1836 911 1886 idem
929 1837 1158 1887 Senensis
1180 1837 1486 1888 denunciavit
1502 1840 1538 1900 (1
1554 1835 1818 1902 >plenarias
1836 1835 1995 1886 indul-

195 1918 384 1984 gentias
417 1919 596 1984 populo
637 1935 899 1970 concessas
943 1921 1102 1970 verbis
1144 1922 1323 1983 latinis,
1368 1928 1418 1972 et
1448 1926 1558 1987 post
1591 1938 1703 1971 eum
1737 1922 1992 1971 cardinalis

199 2017 240 2051 ε.
266 2002 460 2068 Georgii
482 2003 640 2053 verbis
662 2003 961 2069 vulgaribus,
979 2005 1039 2053 ad
1060 2005 1295 2070 populum
1314 2005 1440 2055 versi
1463 2009 1663 2055 stantes.

251 2086 568 2152 Indulgentiis
620 2088 899 2153 hujusmodi
938 2090 1290 2154 pronunciatis,
1335 2090 1694 2139 descenderunt
1727 2105 1898 2138 omnes
1929 2089 1987 2139 de

198 2177 446 2237 suggesto,
477 2178 525 2222 et
550 2176 679 2238 Papa
706 2191 817 2223 cum
845 2174 1168 2223 cardinalibus
1196 2178 1383 2223 tantum
1417 2178 1464 2222 et
1484 2174 1650 2238 paucis
1678 2174 1988 2222 servitoribus

204 2256 400 2306 intravit
430 2257 630 2306 domum
658 2258 920 2308 residentie
948 2258 1071 2307 Rmi.
1100 2261 1156 2308 D.
1189 2256 1444 2307 cardinalis
1466 2274 1505 2305 s.
1534 2256 1682 2305 Marie
1704 2256 1754 2304 in‘
1791 2257 1987 2305 Porticu

197 2339 612 2407 archipresbyteri
647 2342 844 2391 basilice
879 2343 1114 2407 predicte,
1158 2342 1206 2390 in
1245 2343 1381 2407 cujus
1418 2341 1557 2390 >curia
1594 2341 1690 2389 sive
1723 2341 1865 2389 horto
1904 2341 1988 2388 fuit

191 2428 361 2490 parata
380 2424 578 2474 collatio
600 2442 688 2491 pro
712 2427 896 2476 eisdem
917 2427 1148 2492 pontifice
1172 2432 1219 2476 et
1240 2425 1578 2477 cardinalibus.

262 2509 439 2558 Prelati
469 2526 584 2559 vero
621 2514 668 2570 et
690 2511 923 2561 officiales
951 2529 1007 2561 ac
1028 2512 1118 2561 alie
1141 2512 1285 2577 digne
1307 2526 1513 2577 persone
1530 2509 1768 2557 intrarunt
1788 2508 1985 2557 domum

196 2593 527 2643 canonicalem
561 2593 743 2643 domini
781 2595 906 2644 Celsi
938 2596 996 2645 de
1025 2595 1231 2646 Mellinis
1263 2595 1482 2660 ejusdem
1509 2594 1704 2642 basilice
1742 2593 1981 2652 canonici,

189 2675 376 2741 prefate
397 2676 561 2726 domui
584 2677 840 2727 cardinalis
862 2679 1159 2744 contiguam,
1178 2680 1259 2729 ubi
1275 2683 1323 2728 et
1341 2695 1428 2744 pro
1445 2677 1537 2726 illis
1556 2677 1746 2726 collatio
1763 2676 1982 2725 ordinata

191 2762 312 2819 erat,
343 2762 392 2807 et
420 2759 601 2810 ibidem
637 2760 948 2810 collationem
995 2763 1215 2813 fecerunt
1255 2780 1364 2813 cum
1405 2761 1743 2828 pinocchiatis,
1784 2761 1980 2809 confec-

188 2841 418 2902 tionibus,
442 2844 687 2904 malvasia,
713 2850 762 2893 et
779 2845 1074 2910 hujusmodi,
1099 2864 1192 2912 que
1214 2852 1382 2913 parata
1395 2848 1599 2896 fuerant.
1626 2849 1807 2894 Tamen
1825 2844 1977 2909 pridie

188 2926 479 2989 ordinatum,
496 2928 624 2992 quod
639 2928 832 2977 collatio
841 2929 934 2982 hec
949 2934 1088 2982 fieret
1101 2937 1359 2997 antequam
1376 2935 1503 2997 Papa
1518 2934 1796 2996 suggestum
1811 2943 1978 2976 ascen-

189 3012 328 3064 deret
359 3020 407 3065 et
440 3023 758 3068 coronaretur
790 3019 856 3068 ita
885 3017 1014 3083 quod
1040 3018 1350 3083 postmodum
1397 3019 1655 3065 coronatus
1695 3013 1797 3062 sine
1841 3027 1978 3060 mora

189 3098 251 3146 ad
270 3101 562 3151 Lateranum
585 3103 822 3167 equitaret
841 3120 850 3164 ;
877 3103 1004 3168 quod
1026 3107 1074 3152 et
1091 3101 1244 3166 magis
1260 3100 1578 3150 convenisset.
1598 3098 1691 3147 Sed
1703 3098 1797 3144 hoc
1813 3110 1973 3154 mane,

189 3184 329 3234 nobis
352 3187 411 3235 de
433 3186 632 3238 basilica
653 3189 957 3249 exeuntibus,
983 3187 1220 3251 aliquibus
1247 3186 1400 3234 visum
1422 3188 1495 3233 est
1522 3183 1570 3231 id
1591 3181 1744 3245 magis
1762 3180 1972 3244 placere,

190 3268 355 3334 sicque
378 3271 496 3320 ordo
518 3273 651 3338 prius
669 3260 811 3322 datus
832 3288 1088 3338 perversus
1111 3277 1184 3320 est
1205 3275 1252 3319 et
1270 3270 1414 3318 male.

237 3357 384 3404 Facta
407 3356 686 3418 collatione,
724 3360 871 3423 Papa,
904 3356 1191 3416 cardinaleS,
1222 3353 1393 3420 prelati
1423 3356 1470 3401 et
1497 3351 1576 3400 alii
1605 3365 1775 3398 omnes
1797 3346 1968 3413 parati,

223 3457 257 3492 l.
283 3455 539 3496 Renunciavit.
563 3478 610 3486 —
630 3458 751 3496 Rinal.
