2262 3958
184 295 293 337 [Avrn
318 295 407 337 1487]
628 293 797 338 RERUM
831 292 1137 331 URBANARUM
1169 292 1520 333 COMMENTARH.
1900 299 1965 336 251

181 403 295 448 ante
332 402 513 463 Papam
553 398 670 447 dixit
700 415 835 448 more
871 403 1107 449 consueto
1139 400 1289 448 Pater
1325 407 1501 460 sancte,
1538 406 1644 459 ete.;
1689 415 1783 464 quo
1819 400 1964 461 dicto,

183 482 390 531 surrexit
424 484 553 547 Papa
594 497 704 531 cum
750 482 894 530 mitra
945 487 992 531 et
1038 481 1288 530 celebrans
1326 481 1533 530 cantavit
1573 481 1786 531 Alleluia
1833 499 1967 532 moro

182 565 342 614 solito.
369 567 472 623 Quo
494 565 742 624 inchoat0‚
767 565 907 615 rediit
926 565 1054 614 idem
1074 568 1131 614 D.
1157 566 1400 614 Mattheus
1422 566 1483 614 ad
1503 582 1747 616 cameram
1770 567 1968 616 sacriste

182 649 242 698 ad
259 649 555 698 exuendum.
589 649 808 698 Debebat
838 653 1000 697 autem
1034 649 1162 697 idem
1194 650 1537 712 subdiaconUS,
1568 656 1826 715 postquam
1859 668 1971 716 pro-

181 730 310 780 dicta
345 730 481 791 dixit,
513 729 791 779 ascendisse
837 730 899 779 ad
943 731 1262 779 osculandum
1312 734 1440 795 Pape
1477 733 1671 796 pedem,
1720 736 1850 798 quod
1884 751 1973 799 per

183 813 474 864 oblivionem
520 812 756 862 omissum
793 818 886 863 est.
938 815 1134 878 Incepta
1181 814 1447 878 antiphona
1487 816 1794 882 Maqm'fieat,
1843 822 1972 884 Papa

184 898 416 964 imposuit
448 897 724 957 incensum,
776 901 823 946 et
869 898 1144 946 Parmensis
1193 884 1447 947 celebrans
1497 898 1759 949 incensavit
1799 903 1967 961 altare,

187 983 383 1046 incepto
407 979 701 1044 Maynifi'eat
723 995 860 1029 more
883 979 1043 1028 solito,
1074 980 1257 1030 Deinde
1285 981 1375 1029 suit
1403 980 1679 1031 incensatus
1711 983 1813 1047 ipse
1843 987 1973 1048 Papa

182 1071 232 1116 et
273 1065 372 1115 alii.
415 1064 829 1116 Vicecancellario
884 1069 1047 1114 tamen
1085 1065 1335 1114 videbatur
1382 1066 1511 1130 quod
1558 1068 1687 1131 Papa
1726 1067 1973 1117 debuisset

179 1153 480 1210 incensasse,
512 1149 643 1214 quod
665 1149 935 1198 cardinales
954 1149 1236 1198 debuissent
1261 1149 1435 1199 fecisse
1460 1151 1778 1200 reverentiam
1799 1168 1896 1200 non
1923 1152 1970 1200 in

179 1234 420 1301 principio
441 1233 610 1294 officii,
637 1234 722 1282 sed
742 1238 852 1299 post
869 1218 1247 1294 confessionem,
1273 1238 1532 1298 antequam
1554 1251 1643 1300 per
1660 1251 1743 1285 eos
1762 1236 1971 1286 circulus

179 1321 320 1370 fieret
349 1323 398 1369 et
424 1334 512 1385 pro
546 1318 700 1384 Kyrie
729 1318 943 1367 Eleison.
977 1319 1073 1367 Sed
1104 1318 1154 1366 in
1185 1323 1389 1383 utroque
1413 1319 1602 1380 erravit,
1646 1320 1758 1384 quia
1791 1320 1971 1385 optime

181 1404 363 1453 factum
378 1402 467 1452 fuit
485 1406 535 1452 et
553 1403 622 1452 ita
641 1402 746 1452 fieri
766 1417 865 1452 non
887 1402 1031 1452 dehet
1053 1402 1209 1451 aliter.
1237 1403 1342 1451 Alia
1371 1403 1535 1452 omnia
1562 1409 1670 1454 acta
1696 1409 1807 1454 sunt
1831 1408 1974 1470 prout

182 1488 231 1536 in
252 1486 586 1537 ceremoniali.

249 1571 524 1631 Dominica,
561 1575 617 1620 15
646 1571 827 1636 aprilis,
865 1572 1052 1620 Pasche
1080 1571 1448 1620 resurrectionis
1477 1574 1534 1619 D.
1565 1574 1621 1620 N.
1645 1574 1758 1620 Jesu
1777 1571 1970 1631 Christi,

183 1658 270 1705 SS.
297 1657 356 1705 D.
376 1657 434 1704 N.
461 1655 511 1703 in
529 1670 725 1704 camera
745 1655 983 1719 papagalli
1003 1655 1199 1703 indutus
1217 1671 1351 1704 more
1374 1660 1626 1716 consuetO,
1652 1655 1780 1704 circa
1800 1655 1973 1704 horam

182 1755 231 1787 x1
258 1737 689 1803 processionaliter
720 1737 848 1786 venit
881 1738 942 1786 ad
974 1737 1223 1786 basilicam
1258 1755 1296 1786 S.
1337 1739 1482 1787 Petri.
1522 1742 1747 1788 Portatus
1778 1755 1807 1788 a
1833 1739 1976 1788 tertia

183 1819 291 1869 aula
324 1819 375 1868 in
401 1819 516 1869 sede
552 1835 658 1879 sua,
695 1823 806 1868 ante
840 1820 1051 1870 mediam
1088 1826 1278 1885 portam
1311 1822 1510 1871 basilice
1544 1822 1750 1872 firmavit
1784 1838 1854 1883 se,
1895 1823 1975 1870 ubi

161 1903 429 1970 'genuflexi
470 1908 611 1954 erant
640 1907 845 1968 quatuor
895 1904 1021 1953 cives
1072 1905 1424 1966 BononienseS,
1476 1908 1610 1968 nudi,
1653 1907 1886 1972 corrigias
1926 1907 1972 1955 in

181 1986 308 2037 collo
343 1990 392 2037 et
417 1987 618 2037 baculos
643 2004 728 2037 seu
759 1988 968 2053 virgulas
997 1989 1044 2037 in
1067 1990 1288 2039 manibus
1322 1994 1563 2052 tenenteS,
1597 2008 1720 2056 quos
1750 1999 1975 2057 presente

185 2074 318 2136 Papa
353 2075 402 2120 et
437 2086 497 2120 ex
530 2073 636 2137 ejus
671 2072 870 2137 speciali
903 2073 1152 2135 mandatO,
1186 2074 1513 2139 penitentiarii
1535 2076 1665 2124 circa
1685 2091 1768 2125 eos
1794 2079 1976 2125 stantes

181 2155 511 2204 absolverunt.
554 2158 739 2204 Horum
767 2173 910 2216 unus,
954 2161 1064 2221 post
1104 2158 1288 2207 dictum
1321 2158 1549 2208 Miserere
1587 2176 1735 2224 super
1766 2175 1850 2209 eos
1889 2175 1977 2223 per

181 2239 554 2305 penitentiarios
589 2241 853 2305 predictOS,
887 2258 973 2306 pro
999 2258 1050 2292 se
1081 2247 1129 2291 et
1159 2242 1263 2291 aliis
1293 2243 1446 2292 tribus
1480 2243 1577 2291 suis
1612 2243 1756 2292 sociis
1783 2243 1974 2308 publice

181 2323 436 2374 confessus
460 2327 552 2385 est,
581 2324 715 2389 ipsos
748 2330 1009 2390 propterea
1046 2326 1172 2375 hanc
1207 2327 1526 2391 penitentiam
1564 2343 1819 2393 peragere,
1864 2328 1978 2392 quia

183 2425 335 2458 unum
369 2410 710 2475 presbyterum
743 2415 792 2459 et
827 2426 979 2459 unum
1019 2410 1219 2460 fratrem
1259 2411 1489 2476 suspendi
1525 2411 1758 2460 fecerant.
1801 2414 1976 2461 Fuerat

182 2492 312 2542 enim
333 2492 532 2557 quidam
552 2494 805 2560 presbyter
829 2498 877 2544 et
897 2494 1152 2560 religiosus
1171 2511 1314 2555 unus,
1334 2511 1488 2560 nuper
1506 2496 1723 2544 Bononie
1746 2501 1974 2561 tanquam

182 2576 520 2628 malefactores
566 2578 931 2643 comprehensi,
977 2579 1161 2628 detenti
1214 2584 1263 2628 et
1309 2595 1397 2644 per
1448 2580 1708 2645 capitulum
1759 2580 1976 2629 similiter

180 2654 363 2709 ibidem
390 2662 701 2712 condemnati
727 2663 788 2712 ad
807 2649 1042 2723 mortem,
1068 2663 1206 2728 cujus
1230 2663 1468 2712 sententie
1490 2663 1557 2711 hii
1579 2668 1787 2727 quatuor
1804 2679 1975 2713 execu-

183 2746 313 2792 tores
332 2743 542 2795 fuerunt.

251 2831 371 2878 Tum
393 2832 524 2894 Papa
549 2830 739 2880 intravit
767 2831 1041 2892 ecclesiam,
1073 2832 1223 2881 oravit
1252 2836 1364 2881 ante
1392 2832 1562 2892 altare,
1589 2834 1775 2898 accepit
1803 2850 1972 2883 omnes

185 2913 397 2979 prelatos
428 2913 490 2963 ad
531 2915 854 2964 reverentiam
887 2919 936 2964 et
970 2915 1064 2964 alia
1087 2916 1202 2965 fecit
1237 2931 1374 2965 more
1412 2922 1664 2966 consuetO.
1708 2918 1972 2968 Vestiendo

183 2996 483 3061 pontificem,
501 2996 728 3062 imposita
742 2998 831 3047 sibi
850 2998 937 3047 fuit
948 2998 1107 3063 primo
1124 2999 1262 3060 stola,
1287 2999 1461 3049 deinde
1476 3001 1692 3064 phanon,
1718 3001 1804 3049 sed
1825 3001 1968 3050 male.

185 3079 403 3129 Debebat
424 3080 554 3129 enim
574 3081 731 3146 primo
757 3083 985 3147 phanone
1013 3083 1188 3133 deinde
1211 3084 1334 3132 stola
1359 3084 1544 3133 vestiri.
1582 3085 1847 3149 Episcopus
1873 3101 1973 3134 car-

184 3163 355 3212 dinalis
376 3164 609 3214 assistens
629 3166 709 3230 qui
731 3165 818 3215 fuit
838 3167 1259 3216 vicecancellarius
1287 3184 1385 3217 non
1414 3170 1644 3233 imposuit
1668 3172 1794 3234 Pape
1814 3171 1974 3220 chiro-

183 3248 370 3306 thecaS,
403 3264 494 3297 nec
523 3249 747 3312 debebat,
780 3267 892 3299 cum
921 3250 980 3299 sit
1009 3250 1198 3299 diaconi
1227 3250 1459 3302 officium.
1496 3253 1760 3301 Cardinalis
1786 3254 1971 3303 Medio-

181 3331 395 3382 lanensis
416 3333 549 3397 prior
564 3335 960 3400 presbyterorum
975 3334 1260 3384 ministravit
1276 3335 1544 3385 naviculam
1560 3351 1646 3400 pro
1660 3336 1970 3401 impositione

182 3415 369 3466 incensi
421 3417 488 3465 ⁴ad
544 3418 909 3482 processionem
964 3419 1024 3467 ad
1079 3419 1229 3468 altare
1285 3435 1372 3484 pro
1427 3420 1735 3469 confessione
1788 3421 1968 3470 ibidem
