2262 3958
319 280 388 316 566
1066 278 1345 315 APPENDICE.

318 384 539 433 puteoque
567 392 613 421 se
644 383 800 432 sponte
832 379 1104 428 demerserit,
1135 391 1185 419 ac
1211 378 1394 430 principi
1419 380 1503 431 ipsi
1529 382 1721 423 medicae
1751 383 1803 436 (si
1830 383 2090 424 vocabulum

321 445 506 498 spectes)
542 445 730 486 familiae
772 455 877 484 suae
909 455 1015 484 nece
1044 444 1354 495 parentauerit.
1388 445 1470 485 Sed
1503 445 1629 486 video
1658 458 1743 495 me,
1778 459 1876 487 cum
1914 448 2091 499 quidem

319 512 470 560 multa,
495 514 536 550 et
558 521 717 562 magna
740 509 1000 558 reticuerim,
1033 520 1088 549 ne
1118 508 1227 549 forte
1259 509 1303 549 in
1334 510 1524 560 speciem
1555 512 1819 552 adulationis
1837 513 2090 562 inciderem,

319 577 495 628 longius
516 579 662 616 tamen
697 578 968 625 prouectum,
993 586 1126 626 quam
1146 585 1170 614 3
1194 574 1403 626 principio
1430 574 1722 616 institueram.
1757 577 1879 627 Quod
1899 579 1948 617 ut
1976 575 2091 617 face-

320 652 427 689 rem,
462 640 620 691 partim
646 640 861 690 cupiditas
895 640 990 691 ipsa
1018 640 1306 691 obsequendi,
1344 641 1765 692 obtemperandique
1797 642 1875 682 tibi
1910 641 2092 693 optimc,

322 704 589 753 doctissimo,
613 705 1044 757 prudentissiinoque
1065 704 1245 754 homini,
1263 705 1456 758 mihique
1470 706 1751 756 amicissimo,
1770 696 1895 747 cuius
1915 706 2094 758 quidem

322 771 467 811 studio
490 769 756 821 satisfacere,
779 770 974 811 breuitas
993 771 1089 821 ipso
1110 770 1155 810 in
1171 772 1429 810 transcursu
1450 782 1539 811 non
1560 774 1729 822 poterat
1753 783 1761 811 :
1785 771 1940 823 partim
1964 770 2094 810 etiam

322 846 471 876 amara
491 835 710 887 quaedam
731 835 931 884 dulcedo,
952 835 1165 887 quasique
1185 835 1372 876 titillatio
1402 836 1590 888 impulit,
1612 836 1871 877 recolendae
1890 834 2095 888 frequen-

322 900 573 952 tandaeque
600 900 695 941 eius
720 901 800 942 viri
834 900 1092 941 memoriae.
1130 901 1206 941 Cui
1238 901 1273 941 si
1306 912 1457 952 parem
1491 902 1765 954 similemque
1790 905 1940 942 nostra
1974 903 2097 942 aetas

321 977 459 1006 unum
480 965 590 1006 forte
607 969 740 1017 atque
760 966 948 1006 alterum
979 966 1091 1015 tulit,
1119 969 1264 1017 potest
1280 966 1489 1007 audacter
1510 967 1597 1007 iam
1620 967 1673 1009 de
1695 967 1928 1018 splendore
1948 965 2098 1007 nomi-

323 1031 392 1071 nis
414 1034 456 1071 et
475 1031 630 1082 gloria,
654 1042 751 1071 cum
772 1033 991 1071 vetustate
1012 1042 1187 1082 quoque
1207 1031 1302 1082 ipsa
1326 1032 1606 1074 contendere.
1626 1032 1729 1072 Vale
1749 1032 1812 1072 15.
1834 1031 1925 1072 Kal.
1951 1031 2098 1072 Iunias

324 1094 742 1137 MCCCCLXXXXII.
768 1097 815 1136 ln
837 1095 1078 1136 Faesulano
1099 1096 1143 1135 in
1164 1096 1368 1137 Rusculo.
1407 1113 1423 1132 »

378 1183 521 1236 (Polz't.
547 1182 695 1237 Opera.
715 1182 877 1234 Epist„
900 1183 974 1224 lib.
998 1185 1063 1232 lV,
1083 1195 1125 1235 p.
1147 1183 1234 1235 46.)

1187 1413 1242 1458 43

382 1476 464 1515 Sur
483 1474 522 1514 le
542 1474 686 1514 meme
708 1474 839 1526 quet.

726 1581 924 1619 Venturae
951 1580 1105 1620 Abbati.
1120 1579 1270 1621 Sancta·
1288 1579 1504 1622 Michaelis
1526 1580 1709 1622 Muram‘.

386 1697 401 1716 «ι
435 1682 554 1731 Quae
587 1691 665 1731 per
697 1680 778 1721 hos
810 1681 904 1721 dies
938 1681 1171 1722 acciderint
1203 1682 1460 1732 Florentiae,
1492 1683 1643 1734 paucis
1676 1682 1822 1734 accipe
1853 1679 2097 1734 :quemad-

330 1745 510 1786 modum
543 1746 783 1785 multorum
816 1757 1019 1786 sermone
1051 1758 1101 1787 ac
1129 1747 1283 1787 litteris
1315 1748 1488 1799 plenius
1516 1750 1678 1789 Romae
1703 1746 1947 1800 significata
1977 1748 2096 1787 sunt.

330 1812 520 1852 Primum
541 1811 718 1862 quidem
739 1815 919 1851 octauus
937 1811 1005 1851 hic
1023 1814 1089 1851 est
1110 1812 1201 1851 dies
1226 1825 1235 1851 :
1257 1823 1394 1864 quum
1409 1813 1553 1853 subito
1566 1816 1713 1854 exorta
1732 1815 1967 1864 tempestas
1989 1812 2098 1852 circa

330 1876 503 1916 tertiam
523 1876 661 1916 noctis
689 1876 842 1916 horam
871 1876 1108 1926 plurimum
1136 1888 1351 1928 aquarum
1384 1881 1427 1918 et
1457 1878 1684 1930 grandinis
1718 1877 1921 1919 excussit.
1944 1877 2100 1918 Micare

331 1942 526 1992 undique
545 1943 783 1992 coeperunt
814 1940 986 1993 fulgura
1016 1942 1164 1982 :venti
1194 1942 1338 1983 furere
1372 1956 1381 1982 :
1417 1938 1588 1996 mugire
1607 1942 1799 1982 tonitrua
1819 1952 1918 1981 cum
1933 1939 2099 1992 ingenti

332 2006 449 2047 Coeli
466 2005 655 2057 fragore.
679 2006 872 2046 Tandem
896 2007 978 2046 icta
1000 2005 1182 2046 fulmine
1202 2007 1369 2047 laterna
1394 2020 1403 2047 :
1426 2019 1539 2059 quae
1556 2008 1601 2047 in
1622 2007 1845 2047 cacumine
1864 2004 2100 2046 testudinis

334 2071 559 2123 sphericae
591 2071 742 2122 templi
765 2072 946 2111 Sanctae
970 2072 1210 2122 Reparatae
1232 2073 1313 2112 sita
1345 2075 1438 2112 erat
1466 2071 1690 2124 :ingentia
1723 2082 1828 2111 saxa
1856 2080 2102 2111 marmorea

334 2137 503 2185 deiecit,
539 2135 649 2176 adeo
680 2140 728 2176 ut
759 2146 849 2176 non
878 2136 1009 2176 modo
1043 2136 1194 2187 templi
1224 2136 1363 2187 ipsius
1394 2139 1557 2177 tectum
1588 2136 1887 2188 compluribus
1918 2136 1962 2175 in
1993 2135 2100 2176 locis

333 2203 584 2254 aperuerint
606 2205 738 2253 atque
765 2200 1068 2253 perfregerint,
1100 2213 1252 2242 verum
1278 2202 1409 2241 etiam
1431 2202 1621 2242 maximo
1638 2202 1804 2254 impetu
1821 2201 2101 2252 impulsuque

335 2269 379 2308 in
399 2278 609 2318 praeceps
624 2266 811 2315 ruentia,
827 2266 882 2306 ad
898 2266 1052 2306 domos
1069 2277 1183 2317 quae
1199 2277 1222 2305 e
1237 2266 1412 2317 regione
1424 2267 1545 2307 aedis
1560 2267 1821 2307 constitutae
1839 2269 1941 2306 sunt
1959 2265 2100 2306 delata

335 2332 509 2372 fuerint.
528 2334 642 2372 Inter
654 2342 767 2382 quae
781 2341 934 2370 saxum
947 2330 1168 2381 quoddam
1180 2331 1362 2382 grauius
1377 2341 1509 2382 super
1522 2331 1694 2383 tegulas
1706 2330 1932 2371 cuiusdam
1945 2330 2102 2371 domus

338 2398 609 2446 deuolutum,
633 2407 722 2436 non
740 2396 883 2436 solum
901 2398 1063 2435 tectum
1080 2395 1199 2446 quod
1220 2395 1301 2435 sub
1324 2394 1426 2435 diuo
1442 2399 1548 2443 erat,
1569 2406 1723 2436 verum
1742 2395 1873 2435 etiam
1894 2395 1977 2435 alia
1996 2395 2103 2435 inte-

336 2463 451 2502 riora
474 2465 515 2502 et
541 2461 808 2502 testudinata
839 2460 983 2507 etiam,
1020 2470 1133 2510 quae
1163 2458 1344 2499 inferius
1379 2461 1572 2500 construi
1605 2460 1747 2500 solent
1774 2459 2033 2510 penetrauit,
2055 2461 2103 2499 ut

338 2525 521 2566 infixum
553 2526 646 2566 solo
677 2525 750 2565 vix
769 2525 915 2575 aliqua
942 2535 995 2563 ex
1021 2526 1145 2574 parte
1177 2526 1357 2563 extaret.
1384 2524 1542 2576 Magno
1569 2527 1748 2575 sumptu
1771 2523 2103 2576 regarciendum

339 2591 551 2642 templum
565 2589 800 2636 affirmant,
825 2599 968 2639 neque
985 2589 1075 2628 min
1085 2600 1160 2629 ore
1177 2600 1311 2640 quam
1330 2589 1523 2640 quinque
1541 2599 1590 2628 ac
1609 2588 1763 2641 viginti
1775 2588 1967 2628 millibus
1982 2598 2106 2628 num-

339 2666 511 2696 morum
546 2665 780 2695 aureorum
818 2652 937 2693 refici
971 2665 1120 2704 posse.
1166 2656 1291 2695 Mane
1331 2654 1528 2695 eiusdem
1567 2653 1652 2693 diei
1686 2663 1773 2704 quo
1798 2652 1905 2693 haec
1931 2652 2104 2704 vesperi

339 2720 603 2768 acciderunt,
640 2730 738 2759 cum
757 2717 891 2758 frater
909 2718 1088 2769 quidam
1112 2719 1166 2759 de
1194 2716 1315 2760 more
1335 2721 1379 2760 in
1402 2721 1614 2771 suggesto
1637 2718 1967 2758 concionaretur
1985 2717 2102 2769 apud

340 2787 505 2826 Fanum
526 2786 707 2825 Sanctae
728 2784 889 2836 Mariae
913 2784 1131 2833 Novellae‚
1146 2784 1191 2824 in
1207 2785 1351 2825 media
1372 2784 1579 2825 concione
1597 2783 1753 2823 mulier
1773 2782 1990 2834 quaedam
2005 2781 2100 2822 reli-

339 2851 491 2903 giosae
512 2853 554 2890 et
573 2850 784 2890 honestae
811 2849 940 2897 vitae,
976 2860 1028 2889 ex
1056 2849 1124 2898 iis,
1148 2861 1259 2901 quas
1285 2850 1506 2901 pizocaras
1527 2851 1698 2898 vocant,
1719 2848 1986 2889 exclamasse
2001 2859 2101 2888 voce

342 2926 501 2966 magna
532 2915 686 2955 dicitur
714 2928 722 2954 :
752 2914 907 2954 Videre
940 2925 987 2954 se
1016 2917 1191 2954 taurum
1220 2915 1447 2967 ingentem
1481 2914 1768 2966 nigerrimum
1798 2917 1929 2966 atque
1956 2925 2009 2954 ex
2029 2923 2103 2953 ore

344 2980 480 3020 oculis
502 2980 771 3031 naribusque
790 2979 945 3031 igneos
974 2979 1130 3031 globos
1150 2979 1370 3020 efflantem
1391 2980 1466 3031 qui
1494 2982 1612 3019 esset
1638 2980 1850 3030 templum
1870 2978 2103 3019 demolitu-

343 3057 434 3086 rus.
458 3045 589 3086 Cuius
605 3056 689 3085 vox
710 3055 807 3084 cum
833 3045 1009 3095 reprimi
1043 3047 1084 3084 et
1115 3045 1306 3085 cohiberi
1340 3056 1428 3084 non
1453 3046 1623 3095 posset,
1658 3043 1884 3083 intermitti
1915 3042 2105 3093 oportuit

344 3110 609 3151 concionem.
629 3110 761 3150 Aiunt
779 3120 954 3160 quoque
973 3110 1145 3150 leenam
1168 3121 1246 3161 per
1266 3121 1341 3149 eos
1365 3110 1457 3150 dies
1475 3109 1518 3148 in
1537 3110 1724 3148 Leonem
1739 3119 1877 3148 unum
1900 3107 1953 3148 de
1971 3107 2106 3147 maio-

345 3175 466 3214 ribus
488 3174 562 3225 qui
591 3174 832 3214 Florentiae
859 3174 1036 3214 aluntur
1064 3175 1244 3214 irruisse
1277 3185 1326 3214 ac
1360 3174 1617 3214 suffocatum
1644 3183 1840 3213 necesse.
1869 3171 2106 3222 Quatriduo

346 3243 444 3290 post
466 3239 722 3280 Laurentius
742 3239 943 3288 Medices,
965 3240 1096 3279 homo
1119 3239 1246 3291 (sicut
1262 3238 1393 3290 nosti)
1416 3239 1526 3279 tanti
1551 3238 1741 3278 nominis
1768 3239 1811 3277 et
1825 3235 1982 3285 famae,
2000 3235 2106 3275 hora

346 3303 512 3343 circiter
526 3305 676 3355 quinta
690 3305 828 3344 noctis
846 3303 950 3344 noni
969 3304 1052 3344 diei
1068 3304 1234 3344 mensis
1249 3304 1395 3352 huius,
1412 3303 1455 3342 in
1471 3303 1632 3354 palatio
1654 3313 1734 3343 suo
1746 3301 1864 3353 quod
1879 3301 2104 3353 Caregium

344 3371 499 3408 vocant
520 3372 639 3410 extra
658 3370 813 3410 urbem
835 3370 981 3418 situm,
1005 3369 1138 3421 longo
1159 3367 1392 3409 afflictatus
1411 3368 1564 3408 morbo
1584 3378 1633 3408 ac
1657 3368 1805 3408 multis
1826 3366 1901 3407 diu
1920 3368 2103 3408 vexatus
