2262 3958
173 341 385 384 [Novembre
405 341 497 382 1489]
622 340 792 378 RERUM
824 339 1128 377 URBANARUM
1162 339 1514 377 COMMENTARII.
1888 341 1954 376 371

162 445 325 495 locum
358 443 410 493 in
445 443 602 509 capite
639 443 782 493 banci
819 442 1208 492 caudatariorum
1256 442 1598 507 episcoporum
1638 441 1956 490 cardinalium

166 527 456 581 cancellario
475 528 602 592 regis
625 527 841 587 polonie,
859 528 960 577 viro
982 526 1334 586 ecclesiastice,
1357 526 1437 590 qui
1457 525 1562 575 heri
1579 541 1688 575 sero
1704 541 1764 574 ex
1784 525 1956 575 Hiero-

166 611 364 678 solymis
384 615 587 662 Romam
608 612 735 661 venit
759 612 1064 676 peregrinus

232 699 286 746 ln
307 696 479 746 eadem
499 697 664 757 missa,
702 696 1059 745 contenderunt
1085 711 1173 760 pro
1194 695 1303 744 loco
1334 698 1552 744 oratores
1583 688 1882 744 marchionis
1910 699 1959 743 et

166 781 366 831 dominii
388 781 618 830 Senensis
641 799 650 828 ε
685 795 830 844 quam
870 779 1253 837 contentionem,
1283 783 1546 841 antequam
1569 781 1654 827 SS.
1692 781 1749 826 D.
1790 782 1956 827 nostro

171 865 516 931 significarem,
535 864 678 914 ambo
699 863 790 928 ipsi
811 879 899 928 pro
922 867 1048 912 etate
1069 863 1172 912 vice
1195 862 1421 911 tollentes
1443 863 1679 927 capellam
1717 863 1954 912 exierunt.

171 951 459 1000 Sermonem
477 948 592 997 fecit
611 951 667 996 R.
691 949 744 996 P.
770 949 828 995 D.
855 947 1178 1013 Hieronymus
1201 947 1384 996 electus
1408 947 1671 996 Suanensis
1698 947 1890 1011 pluviali
1912 951 1958 996 et

166 1034 310 1084 mitra
332 1032 550 1097 simplice
567 1035 765 1096 paratus
792 1031 873 1096 qui
894 1031 1072 1096 pedem
1093 1034 1222 1096 Pape
1241 1036 1351 1080 ante
1376 1031 1707 1096 receptionem
1731 1031 1959 1080 benedic—

163 1116 308 1168 tionis
329 1116 572 1166 osculatus
587 1119 678 1175 est,
696 1131 795 1164 non
813 1131 960 1180 genn,
986 1116 1098 1180 quia
1115 1116 1333 1165 nondum
1352 1120 1683 1165 consecratus
1701 1115 1959 1164 Ordinave-

167 1216 270 1250 ram
290 1201 422 1266 quod
443 1201 548 1250 sine
570 1201 712 1249 mitra
731 1217 1010 1250 sermonem
1047 1202 1248 1262 faceret,
1287 1217 1432 1266 super
1452 1216 1547 1265 quo
1569 1206 1732 1250 tamen
1755 1199 1957 1249 consilio

168 1288 464 1336 RRmorum.
500 1285 866 1336 vicecamerarii
903 1289 950 1334 et
986 1285 1288 1350 Neapolitani
1320 1285 1638 1335 cardinalium
1673 1301 1788 1334 usus
1820 1300 1955 1343 sum,

168 1370 339 1436 quibus
373 1371 526 1420 visum
556 1374 630 1420 est
659 1371 791 1436 quod
809 1375 1069 1435 postquam
1091 1371 1231 1420 electi
1252 1371 1302 1419 in
1331 1370 1538 1436 publicis
1562 1369 1957 1436 processionibus

168 1453 228 1505 de
247 1453 445 1520 speciali
458 1457 586 1519 Pape
606 1454 818 1516 licentia,
834 1454 1051 1519 prefatus
1068 1454 1250 1504 electus
1263 1454 1379 1520 ipsis
1395 1454 1463 1503 uti
1481 1455 1656 1504 debeat
1674 1473 1684 1513 3
1706 1453 1840 1503 etsie
1859 1454 1958 1502 fac-

170 1543 273 1587 tum
290 1541 364 1588 est
390 1554 400 1586 :
426 1538 476 1587 in
495 1538 588 1588 hac
607 1539 774 1600 missa,
800 1539 963 1588 omnia
984 1539 1117 1588 fuere
1133 1555 1269 1588 more
1289 1543 1526 1589 consueto
1549 1539 1817 1588 observata.
1844 1541 1959 1588 Post

167 1623 274 1688 ejus
294 1623 444 1672 finem
470 1639 499 1672 a
527 1622 758 1688 pontifice
793 1622 854 1671 ad
886 1612 1131 1672 cameram
1160 1622 1398 1687 papagalli
1432 1638 1652 1672 reversus
1681 1621 1955 1686 intelligere

168 1707 296 1757 volui
315 1708 366 1757 in
383 1723 477 1773 quo
497 1707 668 1757 habitu
687 1708 782 1757 hoc
802 1723 1004 1773 vespere
1036 1723 1181 1773 agere
1205 1706 1349 1756 vellet
1371 1707 1418 1755 in
1437 1707 1649 1772 publico,
1675 1710 1723 1755 et
1743 1706 1957 1756 decrevit

168 1791 219 1840 in
238 1807 392 1858 cappa
411 1792 472 1842 de
495 1792 701 1842 scarlato
736 1793 892 1842 solita.

234 1876 462 1926 Remansi
484 1876 544 1926 de
563 1877 762 1943 speciali
794 1877 1024 1926 mandato
1055 1876 1297 1942 pontificis
1322 1876 1370 1924 in
1399 1875 1600 1941 prandio
1629 1891 1739 1924 cum
1764 1874 1862 1924 suis
1885 1891 1958 1924 se-

168 1958 639 2011 cretis'cubiculariis
662 1961 773 2011 etin
787 1961 990 2026 prandio
1014 1978 1101 2010 suo
1122 1978 1151 2010 a
1170 1960 1406 2026 principio
1431 1960 1492 2009 ad
1509 1960 1658 2008 finem
1691 1959 1869 2020 adstiti,
1895 1959 1956 2008 ad

167 2044 465 2111 interrogata
486 2046 760 2096 Sanctitatis
782 2062 867 2095 sue
893 2046 1210 2111 respondens

234 2129 418 2178 Eadem
435 2129 531 2190 die,
555 2129 686 2180 circa
704 2130 879 2179 horam
897 2147 995 2191 xx1,
1016 2133 1100 2179 SS.
1127 2133 1184 2178 D.
1205 2133 1260 2179 N.
1279 2134 1472 2195 paratus
1494 2130 1690 2189 amictu,
1710 2130 1835 2190 alba,
1858 2128 1955 2178 cin-

172 2213 302 2279 gulo,
321 2213 445 2263 stola
460 2213 675 2264 violocea
690 2218 738 2264 et
756 2230 909 2280 cappa
930 2215 988 2263 de
1009 2214 1230 2273 scarlatO,
1255 2213 1549 2278 precedente
1573 2229 1717 2263 cruce
1736 2218 1784 2262 et
1805 2213 1958 2262 cardi-

169 2297 357 2348 nalibus
385 2298 812 2363 subsequentibuS,
835 2298 966 2347 venit
987 2297 1048 2347 ad
1068 2297 1303 2361 capellam
1326 2298 1564 2362 majorem
1585 2297 1853 2362 predictam
1875 2297 1955 2346 ubi

163 2381 381 2431 interfuit
393 2382 607 2447 vesperis
620 2386 667 2432 et
686 2382 930 2431 matutinis
945 2397 1034 2447 pro
1050 2381 1290 2430 defunctis
1307 2398 1392 2429 suo
1412 2382 1580 2431 ordine
1597 2381 1735 2430 dictis
1750 2400 1760 2441 3
1777 2385 1824 2429 et
1841 2380 1958 2430 dixit

162 2465 314 2515 Pater
330 2473 489 2515 noster
509 2469 557 2515 et
574 2466 665 2515 alia
687 2483 743 2515 ac
763 2466 1032 2516 orationem
1054 2484 1189 2518 more
1210 2469 1367 2517 solito,
1386 2466 1572 2516 Avisavi
1599 2472 1823 2514 cantores
1846 2469 1956 2514 ante

160 2549 525 2601 inchoationem
544 2567 857 2616 vesperorum
880 2552 1009 2616 quod
1031 2553 1097 2601 illi
1115 2568 1214 2602 non
1248 2552 1480 2617 incipiant
1512 2549 1840 2599 invitatorium
1864 2550 1955 2598 nisi

160 2649 249 2700 per
272 2635 556 2700 pontificem
584 2636 734 2684 Pater
757 2644 915 2685 noster
945 2640 1132 2687 secrete
1163 2637 1290 2687 dicto
1321 2641 1370 2687 et
1401 2651 1489 2702 per
1519 2651 1603 2684 eos
1623 2651 1742 2683 ame
1762 2634 1821 2682 de
1844 2634 1959 2683 inci·
2039 2638 2043 2645 “

164 2718 342 2783 piendo
369 2718 507 2783 signo
530 2723 758 2784 recept03
789 2721 921 2785 quod
942 2726 1105 2771 tamen
1132 2721 1196 2770 illi
1219 2737 1318 2771 non
1347 2721 1663 2770 observarunt
1693 2738 1702 2769 :
1730 2719 1816 2769 sed
1842 2735 1960 2784 pon-

163 2803 294 2853 tifice
326 2803 712 2869 Requiescantin
726 2821 845 2870 pace
863 2821 952 2869 pro
973 2805 1187 2871 vesperis
1216 2805 1344 2855 dicto
1378 2806 1598 2867 sedente,
1629 2803 1971 2853 invitatorium

164 2885 407 2951 prefatum
427 2886 716 2953 inceperunt
737 2893 785 2938 et
802 2890 1161 2939 continuarunt.
1182 2893 1312 2956 Papa
1332 2890 1382 2939 in
1401 2890 1648 2940 versiculis
1668 2894 1715 2939 et
1740 2888 1957 2937 oratione

164 2973 274 3035 post
287 2970 570 3020 Benedictus
584 2972 634 3021 in
655 2973 843 3023 duobus
862 2973 1035 3023 erravit
1055 2974 1167 3038 quia
1181 2975 1290 3023 loco
1302 2975 1626 3040 Requiescant
1643 2973 1691 3022 in
1704 2989 1823 3038 pace
1844 2975 1954 3020 ante

165 3054 437 3104 orationem
470 3055 589 3105 dixit
613 3075 623 3106 ε
658 3057 891 3123 Requiem
919 3066 1131 3107 eternam
1159 3058 1220 3107 da
1241 3059 1305 3107 eis
1325 3059 1548 3119 Domine3
1581 3063 1628 3107 et
1656 3058 1706 3105 in
1729 3058 1826 3105 fine
1849 3072 1956 3103 ora-

164 3139 309 3190 tionis
331 3140 476 3191 dixit:
506 3142 603 3200 Quz'
625 3143 738 3191 vivis
759 3148 807 3192 e't
821 3160 1013 3209 reynas,
1038 3143 1247 3208 Spiritus
1279 3145 1432 3193 sancti
1451 3145 1602 3205 Deus,
1629 3148 1723 3192 etc.
1765 3140 1958 3191 omissis

161 3223 318 3273 verbis
339 3240 448 3274 cum
468 3225 570 3275 Deo
580 3235 721 3291 patre
746 3243 756 3276 :
783 3228 875 3277 alia
896 3228 1060 3277 omnia
1082 3244 1218 3277 more
1239 3228 1381 3277 solito
1404 3232 1515 3276 sunt
1537 3228 1808 3276 observata.
1824 3226 1957 3274 Fim-

161 3309 289 3359 brias
325 3326 476 3375 cappe
517 3310 762 3375 pontificis
792 3312 934 3362 simul
963 3312 1194 3362 collectas
1224 3317 1322 3361 tam
1350 3311 1411 3360 ad
1445 3311 1682 3376 capellam
1719 3310 1956 3360 veniendo

162 3410 308 3458 quam
340 3393 453 3444 inde
482 3394 544 3443 ad
574 3410 820 3445 cameram
841 3397 1079 3463 papagalli
1112 3396 1359 3446 redeundo
1382 3395 1582 3461 portavit
1603 3399 1658 3444 R.
1682 3398 1739 3444 D.
1765 3394 1956 3444 archiva

163 3480 390 3548 piscopus
418 3482 712 3533 Arelatensis
733 3483 915 3549 primus
944 3481 1174 3531 assistens
1206 3480 1331 3530 iuter
1357 3485 1626 3544 presentes.
