2262 3958
312 323 386 360 536
1061 320 1342 359 APPENDICE.

949 450 968 471 «
997 437 1216 488 Responsio
1243 434 1449 487 Maqiscri.

372 555 390 575 ι
412 539 554 580 Verba
573 541 664 587 tua,
687 537 984 578 illustrissime
1004 539 1110 587 Rex,
1128 537 1366 589 prudencia
1384 539 1487 577 sunt
1507 537 1655 589 plena.
1695 539 1818 590 Quod
1837 551 1908 580 me
1928 542 1971 580 et
1986 539 2083 580 rho-

318 594 415 645 dios
430 604 600 655 equites
620 605 849 654 tantopere
868 602 1077 651 laudaris,
1100 605 1173 648 tue
1193 602 1370 654 quidem
1389 602 1603 643 modestie
1621 603 1895 645 ascribimus.
1919 604 1962 645 Si
1981 603 2087 656 quid

319 668 436 710 enim
448 668 602 721 glorie,
623 667 738 708 fame
763 670 840 708 aut
857 667 1081 720 dignitatis
1102 668 1147 708 in
1163 671 1313 708 nostro
1340 668 1504 709 relucet
1523 671 1635 718 cetu,
1662 668 1743 709 deo
1764 669 2005 721 gratiarum
2022 669 2085 709 in-

318 734 455 774 fusori
472 733 778 783 attribuimus;
800 735 862 774 Ex
881 733 1005 773 cuius
1027 733 1303 784 prouidentie
1331 732 1465 783 fonte,
1495 737 1648 774 cuncta
1675 737 1855 775 manant
1879 734 2023 775 fluunt
2036 744 2087 774 ac

320 799 590 840 deriuantur.
612 799 699 839 Nec
720 801 762 838 te
778 801 955 838 moueat
974 798 1093 849 quod
1111 798 1331 838 christiani
1346 801 1389 838 et
1402 810 1528 839 cruce
1545 799 1705 851 signati
1720 809 1890 839 sumus.
1905 797 2088 840 Rhodio-

320 876 419 905 rum
435 864 598 916 quippe
617 863 771 903 ciuitas
788 865 1041 902 cunctarum
1057 863 1256 915 gentium
1272 863 1446 911 asilum,
1463 862 1683 915 refugium
1704 865 1747 904 et
1760 865 1914 914 portus
1934 861 2090 904 fidissi-

322 941 424 970 mus
444 931 525 978 est,
549 928 606 969 ad
624 938 757 979 quam
780 929 970 979 (patrum
995 930 1246 968 nostrorum
1277 928 1487 968 memoria
1515 931 1557 968 et
1584 931 1658 968 tue
1685 928 1829 980 gentis
1846 930 1890 968 et
1908 927 2094 981 aliarum

322 1005 412 1036 non
429 993 768 1045 contempnendi
790 991 1023 1044 principes)
1043 993 1119 1044 qui
1136 991 1384 1045 confugere,
1415 993 1604 1045 gratiam
1622 1005 1721 1034 cum
1740 992 2013 1034 humanitate
2027 1003 2095 1035 re-

323 1061 568 1112 portarunt.
590 1060 677 1099 Nec
694 1059 810 1098 enim
828 1057 951 1098 decet
963 1068 1205 1110 generosos
1222 1058 1409 1107 animos,
1429 1070 1527 1098 cum
1545 1058 1599 1099 de
1618 1057 1765 1099 federe
1784 1058 1946 1110 agitur,
1964 1058 2096 1107 hosti·

324 1125 434 1165 lium
453 1135 675 1165 armorum
694 1123 914 1164 reminisci
933 1135 942 1162 :
966 1123 1004 1163 si
1022 1123 1196 1175 genitor
1217 1122 1298 1163 fuit
1318 1124 1555 1164 acerrimus
1579 1122 1846 1165 Rhodiorum
1866 1134 2099 1176 oppugna-

324 1193 408 1239 tor,
431 1189 604 1241 putauit
625 1199 703 1228 sue
723 1188 835 1239 legis
852 1187 998 1227 decori
1022 1187 1068 1228 id
1099 1188 1357 1228 conducere.
1387 1189 1485 1240 Egit
1510 1191 1559 1229 ut
1585 1188 1726 1229 hostis
1750 1199 1861 1229 :nos
1881 1191 2029 1229 autem
2047 1191 2097 1230 ut

326 1255 443 1295 hosti
464 1253 637 1306 gladios
652 1253 907 1293 obiecimus.
931 1254 1048 1293 Deus
1063 1253 1242 1293 tandem
1255 1253 1625 1294 clementissimus
1644 1253 1822 1294 iustiori
1840 1252 1950 1294 fauit
1967 1253 2095 1305 parti,

327 1323 370 1361 et
386 1319 562 1361 victorie
583 1318 791 1370 angelum
810 1317 975 1357 rhodiis
995 1318 1166 1358 mittere
1184 1318 1391 1370 dignatus
1413 1321 1494 1359 est.
1516 1320 1582 1359 Tu
1598 1321 1647 1358 ut
1664 1318 1826 1370 hospes
1843 1318 2100 1370 amicusque

328 1385 530 1426 accedis:
561 1384 655 1424 iura
683 1384 861 1435 quidem
899 1383 1095 1435 hospicii,
1128 1384 1437 1424 benevolencie
1468 1396 1519 1425 ac
1552 1383 1798 1425 dilectionis
1817 1382 2098 1434 preheamuS.

329 1453 496 1492 Decens
518 1453 583 1490 est
604 1450 721 1490 bono
742 1461 792 1490 ac
819 1452 961 1490 erecto
993 1450 1053 1489 sis
1082 1450 1245 1499 animo,
1268 1461 1346 1501 pro
1366 1450 1478 1490 virili
1497 1453 1622 1502 parte
1641 1460 1788 1490 rerum
1807 1448 1986 1490 euentui
2004 1459 2105 1489 con·

331 1516 500 1564 sulere;
520 1514 727 1566 quodque
748 1515 829 1555 tibi
847 1518 889 1555 et
905 1514 1072 1555 nomini
1090 1515 1326 1556 christiano
1345 1515 1571 1565 conducat,
1592 1515 1750 1567 exequi
1768 1524 1858 1555 non
1871 1514 2102 1565 paruipen-

332 1582 488 1622 demus
502 1582 716 1631 quantum
728 1580 1000 1632 etingeniosi
1016 1583 1057 1620 et
1068 1579 1342 1620 fortunarum
1356 1580 1537 1621 facultas
1554 1579 1856 1632 suppeditarit.
1880 1580 2106 1621 Romanus

333 1646 511 1698 quidem
528 1643 738 1696 pontifex,
761 1656 889 1698 reges
923 1648 1263 1697 potentatusque
1297 1646 1495 1686 catholici
1523 1646 1597 1698 qui
1624 1644 1850 1696 religionis
1869 1643 2103 1685 christiane

332 1715 483 1753 tenent
501 1710 815 1764 gubernacula,
839 1710 1049 1761 potentia,
1072 1710 1291 1762 sapiencia
1320 1722 1368 1750 ac
1388 1711 1674 1762 propensiore
1691 1709 1753 1749 in.
1776 1709 1824 1749 R.
1845 1709 1890 1749 P.
1912 1708 2107 1765 christia-

337 1789 497 1818 norum
516 1776 737 1818 voluntate
757 1775 939 1827 predicti
961 1778 1078 1816 sunt.
1108 1776 1188 1826 Qui
1214 1776 1277 1815 tui
1294 1775 1513 1816 aduentus
1538 1776 1766 1816 occasione
1785 1773 1872 1815 frui
1890 1775 2043 1829 scient,
2065 1778 2108 1816 te

336 1854 428 1883 non
446 1842 702 1883 deseremus
724 1840 802 1881 sed
820 1851 903 1881 nos
923 1840 1022 1880 huic
1048 1851 1179 1880 cause
1202 1841 1418 1892 propicios
1440 1842 1709 1893 comperies;
1742 1841 1991 1893 placuitque
2015 1841 2111 1893 plu·

342 1908 504 1947 rimum
524 1907 588 1946 tui
607 1906 714 1946 iuris
735 1916 954 1946 summam
974 1905 1218 1957 intelligere
1238 1908 1287 1945 ut
1306 1905 1420 1946 iuste
1441 1916 1572 1946 cause
1591 1906 1716 1947 inniti
1728 1905 1987 1957 ¹videamur;
2004 1907 2111 1947 Gra-

337 1976 469 2024 teque
497 1973 600 2012 sunt
626 1970 870 2011 oblationes
900 1981 986 2022 que
1017 1981 1106 2010 non
1139 1970 1223 2010 nisi
1245 1970 1300 2010 ab
1327 1970 1471 2011 animo
1487 1973 1618 2022 'grato
1650 1973 1694 2011 et
1721 1982 1937 2024 generosa
1960 1974 2108 2013 mente

343 2037 444 2090 (que
465 2047 641 2077 omnem
660 2035 828 2087 respuit
849 2034 1175 2088 ingratitudinis
1203 2034 1364 2087 labem)
1387 2034 1734 2086 proficiscuntur.
1759 2051 1775 2072 ι
1797 2036 1870 2077 His
1889 2036 2012 2086 dictis
2041 2047 2109 2078 re-

340 2112 485 2156 geque
500 2101 705 2150 salutato,
726 2101 830 2141 edes
851 2101 1014 2141 revisit.

880 2230 896 2249 α
921 2211 1262 2254 Consultationes
1282 2213 1561 2256 Rhodiorum.

398 2333 415 2352 ‹
440 2316 558 2356 Totis
587 2316 742 2356 diebus
768 2314 976 2367 frequens
1007 2318 1187 2356 senatus
1217 2315 1400 2367 cogitur,
1425 2315 1502 2356 ubi
1536 2313 1862 2366 sapientissima
1894 2312 2114 2353 consulta-

341 2382 461 2422 tione
493 2393 564 2422 res
593 2382 830 2433 agitantur.
860 2381 1022 2421 Placuit
1053 2380 1233 2420 tandem
1272 2380 1459 2431 principi
1489 2390 1538 2419 ac
1565 2378 1821 2419 rhodiorum
1847 2377 2037 2426 senatui,
2067 2377 2114 2417 in

342 2458 439 2486 eam
460 2457 634 2498 quoque
652 2446 916 2485 sententiam
940 2447 1194 2485 cunctorum
1219 2445 1354 2484 animi
1378 2442 1645 2484 inclinantur
1668 2440 1726 2480 ad
1745 2441 1991 2480 Romanum
2005 2449 2114 2490 pon—

342 2510 517 2560 tificem,
533 2511 858 2561 imperatorem,
875 2519 1004 2560 reges
1020 2511 1062 2548 et
1079 2509 1294 2559 principes
1308 2507 1542 2548 catholicos
1561 2505 1710 2545 literas
1731 2503 1825 2544 dari
1841 2503 2114 2555 nunciosque

343 2575 470 2623 mitti,
498 2574 573 2625 qui
604 2573 722 2624 regis
763 2574 956 2624 Zyzymy
987 2571 1043 2611 ad
1076 2571 1255 2612 rhodios
1294 2570 1549 2627 confugium
1579 2569 1809 2618 nuncient,
1849 2568 2117 2619 oportunita-

343 2643 520 2689 temque
551 2650 577 2678 a
623 2637 705 2677 deo
750 2637 943 2677 oblatam
989 2636 1251 2688 significent,
1287 2647 1374 2688 quo
1417 2639 1466 2677 R.
1504 2637 1548 2676 P.
1583 2634 1918 2675 christianorum
1947 2634 2115 2674 consuli

343 2703 484 2754 possit
505 2715 514 2742 :
537 2702 847 2753 Optimumque
868 2701 1014 2741 visum
1029 2705 1096 2741 est
1122 2705 1169 2741 ut
1194 2701 1408 2754 profugus
1435 2701 1638 2752 princeps
1662 2699 1744 2739 sub
1764 2698 1900 2739 tutela
1915 2698 2119 2750 magistri

344 2772 389 2809 >et
409 2767 664 2808 rhodiorum
690 2768 888 2818 equitum
917 2766 972 2807 ad
1003 2766 1205 2807 occiduas
1233 2768 1393 2819 migret
1415 2764 1680 2817 prouincias.
1707 2764 1834 2804 Facto
1855 2763 1896 2803 S.
1929 2762 1974 2804 C.
1992 2762 2117 2802 litere

346 2834 582 2885 nunciique
603 2832 919 2884 expediuntur;
938 2843 988 2871 ac
1005 2833 1136 2872 nauis
1162 2833 1360 2873 oneraria
1391 2834 1570 2884 paratur
1583 2840 1667 2881 que
1687 2828 1892 2881 regulum
1911 2827 2115 2868 deuehat.

347 2898 479 2939 Cuius
498 2897 783 2939 conductores
799 2897 1064 2948 deputantur
1083 2900 1333 2948 prestantes
1348 2896 1602 2937 rhodiorum
1620 2895 1782 2935 milites
1801 2893 1878 2945 qui
1896 2891 2116 2933 Kalendas

351 2963 614 3014 septembris
638 2962 977 3011 MCCCLXXXII,
1011 2962 1164 3002 nauim
1198 2962 1556 3009 conscendentes,
1576 2963 1706 3011 portu
1725 2958 1907 3000 feliciter
1919 2957 2113 3006 soluunt,

349 3039 398 3068 ea
417 3039 592 3080 quoque
609 3038 768 3079 pompa
789 3030 832 3067 et
852 3030 1010 3067 ornatu
1031 3038 1119 3079 quo
1140 3029 1332 3080 Zyzymy
1351 3027 1506 3067 urbem
1533 3025 1744 3065 introiuit.
1766 3025 2001 3075 Postquam
2019 3022 2114 3064 dies

349 3093 436 3133 duo
455 3097 496 3133 et
516 3092 806 3144 quadraginta
822 3102 991 3132 moram
1014 3092 1234 3142 traxisset,
1258 3091 1408 3132 Rhodo
1427 3090 1644 3131 discessit.

349 3210 528 3243 malheurs
550 3210 592 3243 de
611 3211 718 3243 Zizim
744 3219 827 3243 sous
850 3220 918 3243 une
941 3210 1055 3251 forme
1074 3209 1258 3242 litteraz‘re.
1280 3210 1330 3242 De
1352 3208 1386 3240 la
1411 3217 1468 3240 ces
1495 3207 1655 3240 discours
1681 3207 1743 3248 qui
1769 3207 1851 3238 sont
1874 3214 1943 3248 peu
1969 3205 2058 3239 dans
2086 3205 2117 3238 le

351 3265 526 3296 caractere
547 3264 609 3296 fier
628 3265 662 3296 et
681 3263 768 3296 dans
788 3263 823 3296 la
844 3266 966 3295 nature
987 3263 1148 3295 reservee
1170 3262 1212 3294 de
1229 3262 1347 3302 Zizim,
1362 3262 1452 3294 mais
1469 3262 1531 3304 qui
1549 3261 1692 3293 doivent
1707 3260 1964 3292 certainement
1980 3259 2119 3292 refleter

350 3324 435 3348 avec
454 3317 648 3349 exactitude
668 3317 699 3348 le
720 3317 804 3349 fond
829 3317 891 3349 des
910 3316 1060 3358 pensees
1080 3315 1127 3347 du
1149 3316 1269 3356 priuce
1296 3317 1467 3347 ottoman.
1490 3314 1586 3356 (Voy.
1608 3316 1629 3344 a
1647 3322 1685 3345 ce
1711 3312 1805 3354 sujet
1830 3311 1864 3344 la
1889 3312 2116 3344 Dissertatcon

349 3379 410 3400 sur
429 3370 550 3409 Zizim,
571 3370 613 3402 de
633 3370 746 3402 rabba
766 3370 900 3408 Vertot,
923 3369 1067 3401 relative
1087 3378 1132 3400 au
1151 3369 1248 3408 iecit
1271 3368 1314 3400 de
1340 3367 1509 3400 Caoursin
1530 3369 1563 3399 et
1582 3367 1626 3398 de
1650 3367 1688 3398 G.
1710 3366 1754 3398 de
1775 3365 1928 3407 Jaligny,
1951 3364 2038 3397 Hist.
2058 3363 2116 3396 des

354 3420 548 3454 chevaliers
567 3423 609 3454 de
626 3422 834 3455 Salui-leun
855 3422 898 3454 de
914 3421 1145 3455 Jerusalem...
1167 3420 1404 3458 Amsterdam,
1426 3421 1517 3458 1732,
1538 3422 1562 3452 t.
1585 3420 1625 3458 11,
1640 3429 1673 3460 p.
1691 3419 1777 3460 579.)
