2262 3958
212 258 370 300 [Favi-ier
388 256 480 298 1492]
655 254 826 291 RERUM
858 253 1163 293 URBANARUM
1200 252 1551 291 COMMENTARH.
1934 255 2005 291 443

209 377 331 421 rem,
355 361 437 409 ubi
456 359 704 409 benedixit
726 357 952 406 candelas
973 373 1000 405 a
1018 357 1195 421 populo
1217 357 1330 404 hinc
1357 356 1469 405 inde
1500 361 1685 415 tentas3
1722 362 1823 405 tum
1841 357 2000 406 distri-

206 443 311 493 buit
347 458 484 492 more
516 442 672 491 solito.
705 441 938 491 Candelas
976 449 1178 504 magnas
1215 440 1492 489 Sanctitatis
1529 456 1613 488 sue
1644 445 1906 490 tenuerunt
1939 444 1995 489 D.

206 526 491 575 Franciscus
531 527 646 574 Cibo
686 525 812 573 filius
861 541 974 573 suus
1015 541 1043 573 a
1081 524 1262 573 dextris
1302 529 1350 573 et
1387 525 1662 588 Alphonsus
1703 524 1762 573 de
1804 527 2001 573 Carreto

205 612 428 663 marchio,
463 612 658 671 Finalis,
702 611 782 674 qui
822 608 970 657 filiam
999 607 1194 657 domine
1228 606 1534 654 Theodorine
1565 606 1663 655 filie
1695 610 1821 671 Pape
1853 607 2001 656 habet

202 697 253 744 in
291 711 494 745 uxorem
533 712 562 744 a
597 695 803 743 sinistris
844 693 924 759 (1).
948 694 1138 754 Aquam
1173 696 1283 753 post
1313 689 1705 738 distributionem
1740 690 1872 740 dedit
1903 690 1998 739 dux

203 781 341 841 Sore,
368 783 498 844 Papa
516 776 941 844 processionaliter
971 774 1206 837 capellam
1232 787 1460 836 magnam
1492 779 1729 833 exeunte;
1763 776 1813 823 in
1834 775 1997 824 medio

202 863 311 912 aule
354 878 531 927 magne
577 859 822 926 genuflexi
867 858 1063 905 fuerunt
1108 855 1280 903 decem
1327 855 1456 903 cives
1495 857 1749 917 Asculani,
1792 874 1997 921 quorum

203 945 400 1010 quidam
434 945 615 994 milites
653 947 701 992 et
741 943 985 999 doctoreS,
1028 954 1199 987 omnes
1238 939 1373 998 nudi,
1417 939 1620 989 detectis
1660 942 1917 1004 capitibus,
1950 949 1996 992 et

202 1028 487 1088 discakciati,
524 1027 825 1076 decamisiis
865 1028 1054 1074 tantum
1080 1028 1190 1087 post
1217 1023 1502 1073 umbilicum
1542 1023 1724 1073 cinctas
1760 1025 1998 1074 habentes

203 1116 251 1161 et
278 1111 477 1160 baculos
506 1110 604 1159 sive
636 1110 793 1173 virgas
828 1107 1040 1172 singulas
1069 1106 1245 1170 singuli
1274 1107 1320 1154 in
1348 1107 1573 1156 manibus
1607 1123 1662 1156 ac
1691 1108 1910 1172 cingulos
1938 1110 1998 1157 ad

199 1195 350 1254 colim
384 1195 466 1260 qui
496 1199 650 1244 estate
679 1193 914 1258 preterita
943 1196 1112 1241 contra
1139 1192 1223 1240 SS.
1273 1195 1330 1240 D.
1364 1193 1419 1240 N.
1455 1192 1768 1253 rebellarunt,
1804 1193 1993 1241 veniam

198 1277 488 1326 delictorum
525 1292 725 1325 suorum
756 1281 803 1325 et
841 1291 1078 1341 penarum
1118 1280 1166 1324 et
1205 1291 1519 1324 censurarum
1558 1276 1607 1324 in
1646 1280 1850 1340 utroque
1891 1276 1994 1325 foro

198 1361 422 1426 usquein
442 1360 577 1409 illum
600 1360 749 1420 diem,
779 1375 877 1409 uno
898 1375 1065 1410 eorum
1093 1374 1180 1424 pro
1209 1359 1434 1407 omnibus
1460 1359 1709 1424 loquente,
1740 1364 1990 1424 petentes3

198 1459 294 1510 quo
322 1431 468 1505 facto,
499 1444 852 1509 penitentiariis
888 1444 1156 1493 minoribus
1192 1443 1392 1492 basilice
1433 1444 1586 1492 sancti
1622 1444 1750 1493 Petri
1788 1445 1993 1494 circum-

198 1528 456 1588 stantibuS,
481 1543 652 1577 eorum
673 1528 886 1577 decanus
906 1528 1045 1592 petiit
1066 1544 1094 1576 a
1115 1531 1172 1577 D.
1197 1530 1276 1586 N„
1300 1543 1362 1576 an
1383 1528 1622 1576 Sanctitas
1644 1544 1731 1576 sua
1750 1528 1893 1578 vellet
1908 1545 1991 1579 eos

197 1611 467 1670 absolvere,
495 1615 576 1660 aut
598 1626 767 1660 eorum
795 1611 1152 1659 absolutionem
1179 1611 1513 1670 committere;
1545 1611 1622 1659 cui
1644 1612 1883 1661 Sanctitas
1904 1629 1990 1661 sua

197 1694 554 1744 absolutionem
575 1694 854 1759 hujusmodi
876 1694 1139 1752 commisit,
1162 1698 1210 1743 et
1227 1710 1316 1758 pro
1327 1695 1595 1758 penitentia
1615 1695 1685 1744 eis
1703 1695 1988 1745 triduarium

193 1778 456 1844 jejunium,
479 1794 579 1828 non
599 1779 649 1826 in
669 1794 793 1842 pane
817 1783 864 1827 et
885 1794 1028 1842 aqua,
1045 1778 1131 1826 sed
1149 1794 1407 1827 commune
1427 1779 1573 1827 trium
1595 1779 1988 1830 continuatorum

199 1861 393 1912 dierum
413 1862 658 1927 jejunium
678 1878 767 1926 per
791 1862 949 1911 dictos
974 1861 1164 1922 decem,
1196 1866 1244 1910 et
1271 1862 1455 1911 dictum
1484 1863 1716 1926 populum
1738 1864 1987 1928 utriusque

199 1959 345 1994 sexus
365 1945 570 1994 civitatis
584 1944 824 1994 Asculane
839 1945 1193 1994 observandum
1210 1945 1504 2010 injungeret,
1529 1951 1671 2011 prout
1691 1946 1871 1996 factum
1894 1954 1984 2007 est,

198 2027 360 2092 quoad
403 2027 759 2077 absolutionem
790 2032 838 2076 et
864 2028 1072 2092 primam
1111 2029 1431 2089 mentionem,
1456 2030 1779 2078 cardinalibus
1808 2035 1856 2080 et
1883 2030 1987 2079 aliis

198 2111 428 2160 omnibus
445 2111 628 2160 ibidem
643 2111 970 2175 presentibus,
989 2115 1110 2160 Tum
1128 2112 1346 2176 pontifex
1364 2113 1496 2162 venit
1510 2113 1571 2162 ad
1587 2113 1750 2162 locum
1770 2114 1984 2173 solitum,

197 2195 376 2260 populo
415 2195 645 2244 candelas
681 2195 977 2260 projiciens;
1010 2196 1152 2245 rediit
1192 2196 1368 2244 deinde
1399 2196 1460 2244 ad
1490 2197 1689 2245 missam
1724 2197 1785 2245 ad
1808 2198 1986 2247 dictam

203 2278 439 2344 capellam
467 2280 706 2343 majorem
744 2295 889 2343 quam
916 2280 1177 2329 celebravit
1198 2283 1367 2329 RmuS.
1401 2280 1661 2329 cardinalis
1686 2282 1981 2342 ParmensiS‚

196 2362 275 2412 cui
304 2365 435 2428 Papa
463 2379 610 2412 unam
640 2368 829 2413 tantum
862 2364 1115 2412 candelam
1147 2364 1311 2423 dedit;
1342 2364 1437 2413 alia
1466 2365 1630 2414 omnia
1659 2370 1846 2416 servata
1875 2374 1984 2417 sunt

196 2458 333 2494 more
369 2446 530 2496 solito,
568 2448 842 2511 Antequam
873 2452 931 2497 D.
972 2453 1141 2497 noster
1169 2465 1413 2498 cameram
1442 2450 1682 2515 papagalli
1713 2451 1883 2511 exiret,
1922 2455 1980 2502 D.

197 2531 446 2580 Bernardo
478 2532 830 2596 Brandeburgh
857 2532 1042 2582 decano
1069 2533 1354 2597 Moguntino
1380 2538 1429 2583 et
1455 2534 1674 2582 Johanne
1711 2535 1982 2586 Hesborum

195 2614 442 2678 preposito
481 2614 689 2664 ecclesie
730 2616 884 2665 sancti
923 2616 1118 2666 Andree
1163 2617 1465 2678 Coloniensi,
1506 2619 1982 2684 archiepiscoporum

197 2697 468 2747 oratoribus
496 2714 640 2763 super
671 2700 985 2763 precedentia
1017 2701 1441 2762 contendentibus,
1478 2704 1716 2753 Sanctitas
1745 2721 1834 2753 sua
1854 2721 1985 2755 com-

195 2781 328 2830 misit
347 2781 467 2829 mihi
488 2786 546 2831 ut·
561 2782 703 2831 dictis
724 2786 781 2831 D.
808 2784 1078 2833 oratoribus
1099 2785 1424 2850 injungerem,
1455 2792 1506 2836 ut
1533 2788 1609 2836 vel
1629 2789 1981 2839 concordarent

194 2865 330 2914 litem
369 2870 451 2914 aut
497 2866 641 2914 ambo
692 2882 792 2915 non
840 2868 1076 2918 intrarent
1115 2870 1379 2934 capellam;
1428 2872 1558 2935 quod
1603 2872 1718 2936 ipsis
1755 2873 1804 2920 in
1852 2872 1981 2922 dicta

193 2961 388 2996 camera
407 2948 690 3012 significavi.
716 2950 810 3014 Ipsi
830 2951 1146 3000 nihilominus
1164 2959 1401 3003 venerunt
1421 2954 1482 3002 ad
1503 2955 1738 3019 capellam
1760 2955 1973 3016 insimul,

191 3031 370 3079 ibidem
391 3047 479 3096 pro
491 3031 602 3082 loco
616 3035 999 3085 contendentes:
1020 3035 1149 3099 quod
1165 3052 1258 3100 ego
1272 3038 1460 3099 videnS,
1482 3039 1541 3087 de
1560 3038 1789 3088 mandato
1809 3040 1891 3088 SS.
1915 3042 1971 3089 D.

241 3205 273 3240 Ι.
292 3216 313 3237 «
400 3203 512 3242 filiam
541 3205 585 3244 D.
607 3205 838 3245 Theodorine
858 3207 932 3245 filie
964 3207 1064 3256 Pape
1086 3222 1121 3245 ».
1143 3207 1206 3245 Tel
1226 3213 1282 3246 est
1302 3208 1335 3245 le
1357 3213 1454 3246 texte
1475 3209 1524 3246 du
1540 3221 1630 3246 mss.
1654 3209 1761 3257 Chigi
1778 3209 1837 3258 (L.
1861 3211 1895 3252 1.
1914 3211 1975 3257 ⁴0,

187 3261 249 3299 fol.
265 3263 364 3311 623),
386 3264 449 3313 qui
468 3270 524 3303 est
545 3267 733 3315 reproduit
751 3269 845 3304 dans
866 3273 949 3305 tous
971 3268 1023 3305 les
1043 3273 1167 3305 autres
1180 3279 1269 3305 mss.
1291 3268 1418 3306 saurle
1434 3280 1525 3305 mss.
1547 3269 1655 3316 5521,
1671 3273 1697 3307 t.
1720 3270 1786 3314 111,
1808 3269 1870 3308 fol.
1886 3271 1972 3318 167,

186 3325 235 3359 ou
251 3334 299 3359 on
316 3322 358 3360 lit
378 3338 397 3358 «
481 3324 592 3363 filiam
607 3326 654 3364 D.
672 3327 830 3365 Martiae
851 3328 925 3366 filie
945 3327 1046 3377 Pape
1069 3343 1084 3363 ι
1102 3347 1110 3375 3
1135 3329 1226 3366 mais
1247 3329 1338 3367 c'est
1356 3329 1391 3366 la
1413 3340 1482 3366 une
1498 3328 1595 3367 faute
1616 3329 1662 3366 de
1681 3332 1839 3379 copiste.
1868 3329 1967 3378 voy.

186 3382 270 3431 plus
288 3383 392 3429 haut,
416 3395 506 3432 pag.
531 3384 615 3431 322,
639 3391 726 3423 note
745 3389 779 3426 ¹.
