2262 3958
365 331 433 367 162
958 325 1190 362 ιΙΟΗΑΝΝΙΞ
1223 323 1517 369 BURCHARD1‚
1808 327 2019 368 [Novembre

429 431 710 480 Cantoribus
732 429 913 492 capelle
943 430 1026 476 SS.
1059 430 1115 475 D.
1141 430 1196 475 N.
1228 427 1424 474 faculas.
1498 443 1634 475 xxini

430 514 668 577 Magistris
700 509 922 570 ostiariis,
957 510 1152 560 faculas.
1224 547 1233 557 .
1312 547 1321 557 .
1398 548 1407 557 .
1485 548 1494 557 .
1554 526 1635 557 xvi
1691 513 1848 561 ⁴unius
1869 513 1990 562 libre

431 597 744 644 Servitoribus
801 610 1069 653 armorum,
1131 593 1330 642 faculas.
1406 631 1417 642 .
1492 631 1500 641 .
1572 610 1635 642 xv
1739 596 1966 658 quelibet.

431 679 712 728 Cursoribus
748 681 831 726 SS.
860 681 917 726 D.
956 681 1027 738 N.,
1059 677 1239 725 faculas
1313 716 1321 725 .
1401 714 1410 724 .
1487 716 1495 726 .
1566 694 1631 725 xx

431 763 774 820 Porte'serre'e,
797 761 993 810 faculas.
1069 798 1078 808 .
1155 799 1164 808 ,
1236 795 1246 807 .
1315 797 1324 806 .
1401 797 1410 806 .
1486 798 1494 806 .
1565 776 1630 808 vn
1821 803 1830 813 .
1905 803 1912 812 .

430 846 586 893 Prime
627 850 780 909 porte,
829 844 1025 892 faculas.
1071 880 1080 889 .
1159 883 1167 891 .
1234 883 1242 891 .
1315 878 1327 890 .
1397 882 1406 891 .
1481 883 1490 892 .
1601 861 1630 892 11
1661 762 1676 892 l
1706 803 2004 934 medssklsbre

427 927 500 974 Ad
519 927 709 975 hortum
732 931 987 984 secretum,
1019 925 1244 973 faculas..
1317 962 1326 972 .
1399 963 1407 971 .
1486 966 1496 975 .
1598 944 1631 975 11
1742 902 1866 950 quel
1904 890 1968 934 (η’

425 1009 623 1058 Cuilibet
655 1009 979 1072 parafrenario
1014 1010 1096 1057 SS.
1132 1011 1188 1056 D.
1228 1011 1285 1057 Ν.
1320 1013 1366 1057 et
1396 1010 1708 1069 cardinalium
1741 1009 1945 1058 faculam
1979 1024 2131 1057 unam>

358 1094 515 1142 medie
533 1093 653 1141 libre
676 1108 768 1156 que
791 1092 965 1156 poterit
987 1093 1129 1140 etiam
1144 1091 1246 1140 dari
1268 1092 1346 1140 uni
1369 1100 1455 1156 p'ro
1479 1093 1718 1142 omnibus.

426 1176 642 1224 Totidem
669 1176 797 1224 dabit
831 1176 973 1223 etiam
1006 1175 1171 1223 ultima
1199 1175 1274 1223 die
1309 1176 1590 1224 officialibus
1624 1176 1904 1240 supradictis
1936 1180 1983 1226 et
2013 1176 2135 1225 ultra

360 1258 593 1322 premissa
626 1257 755 1306 dabit
785 1257 954 1306 eadem
986 1257 1152 1305 ultima
1180 1258 1255 1306 die
1282 1258 1374 1306 duo
1403 1259 1638 1307 intortIcia
1672 1263 1878 1323 quatuor
1901 1260 2130 1308 librarum

363 1340 625 1405 quodlibet,
650 1339 963 1388 servientibus
985 1357 1227 1389 armorum
1247 1357 1333 1406 pro
1354 1357 1523 1391 eorum
1544 1342 1743 1407 capella.

431 1427 551 1473 Cera
570 1440 656 1488 pro
681 1423 892 1486 qualibet
913 1440 971 1472 ex
993 1428 1175 1488 septem
1196 1424 1364 1473 diebus
1386 1425 1509 1473 infra
1530 1440 1765 1473 novenam
1787 1423 2050 1474 ordinanda
2076 1429 2087 1474 :¹

430 1506 673 1555 Intorticia
705 1510 910 1570 quatuor
942 1507 1190 1568 librarum,
1223 1508 1442 1556 videlicet
1477 1524 1562 1572 pro
1590 1511 1746 1556 castro
1778 1508 1971 1558 doloris.
2015 1544 2025 1555 .
2110 1525 2136 1556 v

429 1593 520 1639 Pro
548 1590 810 1639 elevatione
848 1591 1134 1639 sacramenti
1179 1628 1929 1640 ..........
2012 1629 2023 1638 .
2051 1607 2135 1640 vm

428 1675 519 1720 Pro
554 1673 826 1721 celebrante
849 1707 1929 1722 ..............
2012 1710 2025 1722 .
2121 1690 2135 1722 1

428 1756 561 1804 Circa
593 1760 801 1804 castrum
830 1755 1024 1804 doloris.
1086 1794 1096 1803 .
1171 1794 1179 1803 .
1250 1790 1262 1803 .
1334 1793 1343 1802 .
1419 1793 1428 1801 .
1508 1793 1517 1802 .
1585 1793 1595 1802 .
1669 1792 1678 1800 .
1755 1793 1764 1802 .
1843 1794 1852 1802 .
1925 1793 1933 1802 .
2010 1792 2021 1803 .
2073 1771 2138 1805 xx

427 1841 483 1886 Et
514 1839 756 1902 sepultura
798 1875 1516 1887 ..........
1569 1831 1572 1834 ⁴
1591 1872 2021 1886 ......
2102 1855 2135 1886 ιι

659 1960 709 2004 In
735 1973 925 2005 summa
951 1973 1204 2005 numerus.
1263 1995 1272 2004 .
1341 1994 1349 2002 .
1427 1995 1436 2004 .
1508 1995 1522 2006 ,,
1597 1994 1606 2003 .
1681 1994 1691 2004 .
1761 1994 1770 2003 .
1841 1995 1849 2004 .
1922 1995 1930 2004 .
1995 1970 2136 2005 xxxvi

418 2052 591 2100 Facule
632 2053 834 2100 duarum
866 2052 1110 2111 librarum,
1140 2055 1360 2100 numero.
1435 2091 1443 2100 .
1516 2090 1526 2099 .
1603 2090 1612 2099 .
1683 2089 1692 2098 .
1767 2090 1776 2098 .
1845 2089 1854 2097 .
1920 2089 1928 2098 .
2003 2090 2013 2099 .
2082 2067 2138 2100 CL

496 2156 517 2179 »
635 2136 772 2183 unius
798 2136 936 2194 libre,
967 2151 1169 2184 numero
1178 2169 2012 2183 ...........
2082 2149 2139 2182 ct.

497 2238 517 2260 »
636 2217 791 2266 medie
825 2217 971 2277 libre,
1007 2234 1205 2267 numero
1260 2253 1272 2266 .
1341 2255 1350 2265 .
1425 2255 1435 2264 .
1516 2255 1525 2264 .
1596 2255 1605 2264 .
1674 2256 1689 2264 ,.
1764 2254 1772 2263 .
1842 2255 1850 2264 .
1916 2214 1928 2263 .’
2001 2253 2009 2262 .
2083 2232 2138 2264 cn

498 2320 518 2341 »
635 2303 838 2362 quatuor
858 2300 1131 2360 unciarum,
1168 2316 1366 2348 numero
1429 2338 1439 2348 .
1512 2339 1521 2347 .
1593 2337 1602 2346 .
1676 2337 1685 2346 .
1763 2336 1772 2345 .
1835 2336 1844 2345 .
1915 2336 1924 2345 .
1989 2335 2000 2344 .
2054 2314 2137 2348 ccc

427 2385 517 2430 Pro
540 2382 697 2430 missis
724 2382 875 2430 bassis
908 2383 1026 2431 libre
1054 2383 1224 2431 decem
1258 2383 1566 2431 candelarum
1593 2381 1651 2429 de
1681 2380 1843 2444 viginti
1870 2396 1956 2445 pro
1991 2381 2129 2430 libra.

423 2465 559 2512 Feria
585 2464 765 2528 quinta,
791 2468 850 2512 24
872 2466 1049 2514 mensis
1074 2465 1362 2523 novembris,
1388 2469 1443 2513 R.
1471 2465 1518 2512 in
1543 2464 1729 2513 Christo
1751 2466 1803 2511 P.
1830 2465 1892 2510 D.
1924 2466 2135 2512 Leonar-

361 2549 447 2595 dus
466 2548 623 2596 Grifus
641 2547 719 2612 (1),
745 2548 1129 2612 archiepiscopus
1147 2550 1531 2606 BeneventanuS,
1557 2549 1640 2595 SS.
1667 2549 1723 2594 D.
1750 2548 1804 2594 N.
1825 2546 2129 2606 secretariuS,

364 2631 443 2694 qui
465 2631 539 2679 die
563 2631 743 2679 sabbati
771 2635 826 2679 12
853 2632 997 2695 hujus
1027 2632 1205 2679 mensis
1235 2632 1309 2679 vel
1333 2631 1459 2679 circa
1480 2631 1744 2678 infirmatus
1768 2633 1856 2688 est,
1880 2628 1973 2676 hoc
1991 2644 2133 2677 mane

366 2713 493 2761 circa
519 2727 739 2760 auroram
763 2713 811 2759 in
838 2728 1029 2760 camera
1049 2729 1149 2772 sua,
1176 2713 1222 2760 in
1242 2713 1415 2776 palatio
1438 2711 1701 2776 apostolico
1721 2710 1845 2775 apud
1864 2727 1900 2758 s,
1917 2710 2144 2769 Petrum,

365 2795 492 2844 diem
528 2795 695 2843 clausit
728 2801 1012 2853 extremum,
1049 2795 1147 2858 qui,
1182 2799 1322 2844 nocte
1356 2794 1592 2858 sequenti,
1632 2793 1811 2857 absque
1845 2809 2039 2859 pompa,
2074 2793 2136 2841 ad

367 2878 620 2928 ecclesiam
651 2879 789 2926 beate
816 2877 961 2925 Marie
988 2878 1181 2943 virginis
1208 2879 1266 2927 de
1296 2879 1474 2943 Populo
1503 2881 1719 2941 portatus
1753 2880 1842 2936 est,
1879 2880 1926 2925 et
1958 2871 2142 2925 ibidem'

366 2961 413 3009 in
441 2961 624 3025 capella
646 2965 773 3008 retro
801 2961 947 3010 altare
979 2962 1133 3026 majus
1169 2962 1399 3025 sepultus,
1434 2962 1570 3025 cujus
1601 2960 1760 3008 anima
1789 2957 2133 3022 requiescatin

363 3061 499 3109 pace.
522 3043 725 3106 Reliquit
747 3048 1027 3092 executores
1061 3045 1332 3093 testamenti
1358 3045 1428 3092 sui
1459 3047 1669 3094 RRmos.
1711 3045 1807 3090 DD.
1844 3058 1882 3089 s.
1917 3041 2064 3090 Marci
2087 3045 2133 3091 et

365 3112 738 3174 Ulixbonensem
761 3126 1049 3173 cardinales.
1805 3169 1810 3175 .

428 3210 604 3257 Eadem
626 3209 719 3267 die,
736 3210 783 3256 in
801 3209 998 3258 basilica
1015 3208 1240 3274 principis
1259 3207 1585 3272 apostolorum
1603 3208 1660 3256 de
1678 3209 1822 3267 Urbe,
1836 3206 1997 3256 habite
2021 3210 2130 3256 sunt

365 3290 562 3352 exequie
584 3290 850 3338 AchillisD.
875 3290 1086 3355 episcopi
1103 3290 1382 3340 Cerviensis.
1401 3289 1594 3356 Missam
1615 3289 1856 3353 publicam
1878 3290 2134 3339 celebravit

424 3427 452 3461 1.
483 3426 651 3474 Griphius
672 3428 764 3464 dans
785 3426 941 3475 Ughelli‚
961 3431 988 3463 t.
1007 3425 1104 3471 VIII,
1126 3426 1196 3464 col.
1219 3426 1299 3463 166.
