2262 3958
341 328 412 366 334
946 326 1178 363 JOHANNIS
1211 326 1502 373 BURCHARm,
1893 332 1996 374 [Mars
2014 334 2105 376 1489]

340 431 429 494 ipsi
451 435 548 478 tres
569 432 757 478 fuerunt
779 444 807 475 a
827 430 910 478 SS.
938 430 990 476 D.
1022 431 1075 476 N.
1107 428 1166 475 ad
1194 428 1530 477 consistorium
1558 431 1728 491 vocati,
1760 433 1841 480 ubi
1870 434 2106 484 Sanctitas

344 529 428 561 sua
455 513 569 560 dixit
597 528 679 559 eos
707 511 755 558 in
789 510 1055 559 cardinales
1092 526 1284 560 creasse
1321 515 1455 560 extra
1487 514 1890 565 communionem.
1922 516 2106 566 Deinde

340 597 532 643 fuerunt
550 594 864 658 collegialiter
882 594 1104 642 associati
1131 610 1219 657 per
1239 610 1409 643 omnes
1437 595 1703 645 cardinales
1730 613 1790 646 ex
1817 599 2104 648 consistorio

342 680 402 728 ad
431 696 672 728 cameram
704 677 986 741 predictam,
1026 677 1343 725 cardinalibus
1374 678 1496 726 binis
1527 683 1575 727 et
1601 679 1724 727 binis
1751 679 2100 732 incedentibus.

340 763 709 810 Beneventanus
730 759 817 807 fuit
845 758 969 807 inter
996 758 1054 806 de
1082 761 1213 807 Fuxo
1244 763 1290 808 et
1319 760 1468 808 sancti
1501 761 1694 824 Georgii
1724 760 1773 808 in
1805 763 1971 812 ultimo
1997 764 2103 814 loco

339 844 670 902 manentibus3
694 842 955 891 Aleriensis
972 841 1099 889 inter
1130 841 1188 889 de
1218 842 1418 890 Sabellis
1447 847 1493 891 et
1521 843 1752 891 Columna
1771 843 1819 891 in
1841 845 2103 908 penultimo

337 927 472 987 loco;
496 932 543 976 et
564 926 809 974 Auriensis
827 926 875 972 in
898 925 1061 972 ultimo
1083 925 1191 972 loco
1213 924 1338 973 inter
1357 926 1581 973 Ursinum
1604 930 1651 974 et
1667 926 1928 976 Ascanium
1949 929 2104 978 cardi-

337 1010 471 1058 nales
509 1028 518 1057 :
561 1009 863 1057 incesserunt
904 1011 1065 1055 autem
1110 1006 1312 1069 predicti
1358 1008 1503 1055 creati
1546 1008 1811 1058 cardinales
1847 1010 1896 1058 in
1936 1026 2104 1060 eorum

338 1093 575 1141 mantellis
597 1089 882 1156 quotidianis
905 1093 952 1137 et
971 1089 1160 1137 birretis
1178 1090 1378 1138 violatiis
1400 1091 1633 1151 obscuris,
1656 1096 1706 1140 ut
1730 1093 1861 1156 prius
1878 1093 2103 1144 incedere

336 1176 568 1225 solebant.

395 1262 512 1308 Cum
533 1264 711 1320 autem,
739 1266 789 1308 ut
810 1261 1069 1325 prefertur,
1091 1259 1174 1306 SS.
1201 1260 1255 1305 D.
1289 1259 1345 1304 N.
1379 1257 1672 1307 creationem
1699 1260 1964 1323 predictam
1986 1261 2102 1326 ipsis

336 1339 507 1389 creatis
529 1340 814 1400 nuntiasset,
839 1342 927 1389 fuit
957 1357 1043 1404 per
1073 1344 1262 1388 Rmum.
1294 1343 1350 1387 D.
1383 1340 1675 1389 cardinalem
1705 1343 1856 1390 sancti
1882 1344 2031 1393 Marci
2055 1349 2103 1393 et

336 1423 452 1471 alios
479 1423 744 1472 cardinales
775 1425 953 1472 dictum
982 1424 1111 1487 quod
1138 1424 1258 1471 nihil
1285 1423 1662 1487 responderent,
1682 1428 1729 1472 et
1754 1424 1928 1474 deinde
1958 1426 2101 1475 etiam

335 1507 547 1556 additum
584 1508 710 1571 quod
750 1507 917 1555 anulos
954 1507 1015 1555 ad
1052 1507 1355 1570 sigillandum
1396 1510 1442 1554 et
1481 1506 1599 1554 alios
1635 1508 1694 1555 ab
1739 1523 1908 1557 eorum
1942 1509 2100 1574 digitis

334 1591 646 1654 deponerent,
675 1595 722 1639 et
744 1607 840 1639 non
868 1591 1112 1638 deferrent
1148 1605 1393 1653 quousque
1423 1591 1506 1638 SS.
1541 1592 1598 1637 D.
1630 1593 1686 1639 N.
1719 1591 1886 1640 anulos
1917 1607 2030 1642 suos
2052 1597 2100 1643 et

336 1673 496 1721 titulos
517 1674 566 1721 in
588 1673 875 1722 consistorio
898 1673 1108 1721 traderet
1133 1688 1268 1721 more
1297 1677 1549 1721 consueto.
1584 1674 1842 1723 Associatis
1869 1676 2099 1739 predictis

333 1757 467 1804 novis
507 1757 826 1806 cardinalibus
865 1757 925 1804 ad
954 1772 1196 1806 cameram
1228 1756 1514 1820 predictam,
1553 1763 1859 1807 recesserunt
1895 1755 2095 1824 antiqui,

332 1838 422 1901 ipsi
462 1841 568 1888 novi
603 1856 685 1888 eos
727 1856 878 1903 usque
904 1840 964 1888 ad
1003 1839 1180 1887 ostium
1213 1839 1512 1888 associarunt
1541 1844 1588 1888 et
1623 1841 1671 1888 in
1703 1843 1872 1890 eadem
1903 1859 2096 1893 camera

332 1927 610 1971 manserunt
631 1927 678 1971 et
697 1923 874 1971 ibidem
894 1923 975 1971 leti
997 1922 1136 1970 simul
1157 1922 1318 1985 pransi
1342 1927 1468 1970 sunt.

397 2007 600 2054 Prandio
628 2010 841 2070 peracto,
875 2006 942 2054 eis
969 2021 1047 2055 me
1074 2006 1500 2069 interrogantibus,
1531 2005 1625 2053 dixi
1657 2006 1786 2069 quod
1815 2006 2011 2067 birreta,
2047 2011 2096 2057 et

331 2088 512 2137 abitum
542 2106 679 2137 suum
705 2105 802 2138 non
827 2094 1066 2137 mutarent
1094 2104 1342 2152 quousque
1371 2092 1531 2136 essent
1553 2089 1613 2136 ad
1638 2089 1884 2151 publicum
1909 2090 2096 2158 consis-

330 2171 504 2219 torium
537 2188 624 2236 pro
657 2171 932 2235 receptione
973 2171 1142 2235 capelli
1170 2171 1297 2229 ituri,
1332 2176 1380 2219 et
1406 2171 1533 2233 quod
1560 2171 1752 2219 interim
1779 2172 1951 2222 domos
1985 2190 2095 2222 suas

326 2271 424 2303 non
454 2256 638 2303 exirent
669 2272 678 2303 :
715 2259 761 2303 et
788 2255 899 2318 quia
939 2249 1162 2303 dixerunt
1198 2271 1248 2304 se
1285 2273 1344 2304 ex
1379 2261 1490 2305 tunc
1523 2257 1674 2305 ituros
1712 2257 1772 2305 ad
1805 2259 1887 2307 SS.
1916 2261 1975 2307 D.
2008 2261 2047 2307 N
2077 2297 2086 2318 ‚

326 2339 699 2388 commemoravi
722 2338 836 2402 ipsis
870 2339 997 2401 quod
1029 2338 1077 2385 in
1106 2339 1345 2387 mantellis
1373 2339 1659 2402 quotidianis
1690 2344 1737 2389 et
1763 2340 1956 2389 hir-retis
1978 2357 2092 2405 pre-

327 2421 463 2468 dictis
484 2421 763 2469 incederent
781 2425 828 2469 et
846 2421 934 2468 sibi
959 2422 1163 2469 caudam
1184 2422 1359 2469 deferri
1386 2439 1483 2471 non
1504 2424 1838 2486 permitterent
1858 2439 2008 2487 usque
2032 2424 2093 2472 ad

326 2504 654 2567 receptionem
696 2504 890 2567 capelli,
933 2509 984 2551 ut
1021 2504 1282 2567 prefertur,
1332 2509 1378 2553 et
1426 2505 1550 2552 hanc
1594 2521 1753 2554 meam
1798 2506 2086 2554 sententiam

323 2586 527 2634 laudavit
554 2590 716 2635 Rmus.
747 2590 805 2634 D.
840 2588 1092 2635 cardinalis
1122 2605 1161 2638 S.
1199 2587 1346 2636 Marci
1381 2604 1491 2635 cum
1524 2589 1654 2637 illam
1687 2589 1996 2653 postmodum
2029 2598 2089 2638 e'x

324 2685 401 2717 me
429 2669 771 2728 intellexisset3
805 2669 1017 2718 ordinavi
1048 2670 1190 2718 etiam
1227 2671 1357 2733 quod
1396 2670 1444 2718 in
1483 2672 1758 2736 receptione
1791 2671 2085 2736 capellorum

321 2751 370 2799 in
391 2752 552 2816 cappis
574 2752 633 2800 de
654 2752 978 2801 ciambellotto
1002 2753 1218 2802 similiter
1238 2757 1285 2802 et
1305 2753 1353 2800 in
1373 2753 1641 2803 visitatione
1662 2755 1962 2815 incederent,
1983 2760 2087 2804 tum

321 2839 518 2898 propter
545 2839 733 2900 tempus
761 2836 1191 2900 quadragesimale,
1224 2841 1322 2884 tum
1351 2836 1513 2897 etiam,
1549 2838 1660 2900 quia
1687 2837 1840 2902 magis
1865 2838 2086 2888 convenit

321 2917 451 2979 quod
483 2917 531 2964 in
563 2918 656 2966 hoc
692 2918 925 2983 principio
962 2919 1190 2967 humilius
1229 2918 1455 2967 incedant
1497 2936 1507 2967 ε
1547 2925 1800 2984 coopertas
1843 2923 2003 2968 tamen
2037 2922 2084 2967 et

323 2999 483 3048 frenos
519 3001 757 3049 mularum
797 3018 991 3050 suarum
1023 3002 1096 3050 vel
1126 3019 1186 3050 ex
1219 3002 1405 3051 rosacio
1444 3003 1518 3051 vel
1551 3003 1753 3062 rosacia,
1794 3007 1937 3068 prout
1967 3001 2081 3067 ipsis

320 3084 472 3147 magis
494 3084 717 3147 placebit,
737 3085 958 3133 ordinare
978 3090 1193 3149 possent,
1216 3085 1432 3149 predicto
1455 3088 1593 3135 Rmo.
1619 3087 1813 3136 domino
1840 3085 2080 3136 cardinale

322 3182 359 3212 3.
396 3166 542 3215 Marci
578 3166 878 3215 solummodo
913 3171 959 3215 et
992 3167 1132 3215 simili
1168 3167 1310 3215 modo
1340 3167 1562 3216 laudante
1601 3173 1647 3217 et
1680 3173 1925 3217 asserente
1955 3166 2082 3230 quod

321 3249 469 3297 felicis
488 3249 833 3298 recordationis
856 3250 1025 3298 Paulus
1046 3267 1171 3315 papa
1198 3250 1436 3299 secundus
1464 3255 1719 3314 postquam
1746 3251 1904 3315 ipsum
1932 3248 2082 3298 cardi-

319 3332 476 3380 nalem
509 3333 851 3396 publicaverat,
897 3350 1009 3382 cum
1039 3349 1127 3397 per
1157 3333 1319 3397 plures
1356 3348 1548 3382 menses
1584 3334 1765 3397 absque
1802 3332 1963 3381 valisia
1994 3346 2081 3395 per

320 3414 495 3462 Urbem
532 3415 744 3478 equitare
773 3420 822 3464 et
847 3416 984 3480 quasi
1014 3401 1101 3480 per
1129 3416 1391 3478 biennium,
1428 3420 1686 3480 antequam
1716 3415 1805 3465 sibi
1836 3413 2078 3464 licentiam
