2262 3958
149 335 259 379 [Aoni
278 331 370 376 1484]
595 328 765 367 RERUM
797 325 1110 365 URBANARUM
1142 324 1500 364 COMMENTARII.
1903 328 1950 366 43

151 433 542 488 vicecancellario
571 437 618 483 et
647 434 754 498 ejus
781 430 1132 481 locumtenenti
1165 430 1441 480 concedens
1473 433 1525 479 ut
1557 429 1772 495 aliquam
1800 449 1947 498 regu-

148 523 247 571 lam
272 523 321 570 et
346 517 769 575 constitutionem,
799 516 848 564 in
879 529 975 579 qua
1000 513 1269 562 cardinales
1302 529 1532 579 expresse
1558 516 1945 576 nominarentur,

148 607 362 656 favorem
398 618 568 653 eorum
610 617 710 650 non
746 602 1142 658 concernentem,
1190 598 1240 645 in
1289 599 1461 648 eadem
1516 601 1809 651 cancellaria
1850 618 1948 650 non

148 688 396 755 permittat
441 685 701 752 publicari,
755 699 847 732 nec
893 683 941 730 in
989 681 1112 730 libro
1162 682 1440 746 regularum
1480 685 1587 749 ejus
1634 686 1859 735 annotari
1903 690 1951 735 et

148 771 382 832 describi,
412 771 527 820 dum
556 773 605 819 et
631 767 820 832 quoties
854 765 913 814 de
948 780 1192 813 consensu
1222 765 1439 830 ipsorum
1470 768 1789 818 cardinalium
1820 771 1973 821 facta.

148 873 250 906 non
269 855 413 905 fuerit
434 858 482 904 et
509 869 597 918 per
619 855 717 900 tres
745 850 932 914 priores
962 849 1187 897 ordinum
1212 851 1499 899 eorumdem
1526 869 1624 900 non
1654 854 1943 920 subscripta.

215 943 356 1000 Item,
385 953 495 988 cum
526 952 586 985 ex
618 934 941 984 concessione
979 933 1262 998 specialium
1296 935 1677 984 reservationum
1712 953 1833 1001 quas
1869 956 1948 988 ro-

148 1025 280 1075 mani
310 1021 566 1088 pontifices
607 1019 987 1084 predecessores
1027 1017 1124 1067 mei
1157 1022 1204 1066 et
1241 1019 1497 1083 presertim
1537 1019 1618 1068 fel.
1652 1036 1750 1069 rec.
1786 1022 1947 1072 Sixtus

146 1121 274 1174 papa
292 1110 493 1171 quartus
515 1107 887 1162 concesserunt,
917 1102 1048 1151 varia
1073 1102 1386 1152 incommoda
1414 1108 1463 1152 et
1492 1104 1724 1154 scandala
1742 1122 1950 1172 persepe

146 1194 265 1241 sunt
298 1194 482 1250 exorta,
528 1189 851 1252 credaturque
889 1187 1137 1236 communi
1181 1188 1409 1253 opinione
1447 1189 1666 1237 omnium
1694 1191 1947 1241 curialium

145 1275 373 1341 expedire
405 1274 508 1323 sedi
542 1273 806 1339 apostolice
835 1276 883 1322 et
915 1289 1115 1322 romane
1140 1273 1275 1322 curie
1305 1274 1364 1323 ab
1393 1274 1585 1323 illarum
1608 1276 1943 1337 concessione,

145 1375 268 1425 quas
285 1358 564 1410 communis
592 1357 756 1423 opinio
778 1357 994 1418 damnat,
1030 1357 1294 1417 abstinere,
1328 1375 1478 1408 voveo
1505 1360 1651 1409 etiam
1681 1376 1739 1409 ac
1763 1362 1873 1426 juro
1901 1366 1948 1410 et

143 1444 396 1510 promitto,
442 1443 563 1492 nulli
618 1441 856 1507 speciales
910 1442 1264 1491 reservationes
1321 1459 1416 1508 que
1470 1459 1559 1507 per
1604 1445 1946 1494 cancellariam

143 1528 461 1596 apostolicam
476 1528 615 1592 juxta
633 1526 761 1575 illius
787 1526 951 1574 stilum
975 1527 1191 1591 expediri
1217 1527 1356 1577 solite
1386 1544 1486 1576 non
1511 1532 1624 1578 sunt
1649 1530 1942 1590 concedere,

145 1621 192 1664 et
213 1613 273 1664 ab
294 1627 464 1662 earum
481 1610 800 1661 concessione
822 1610 1013 1675 penitus
1035 1615 1084 1659 et
1111 1611 1309 1659 omnino
1337 1612 1600 1673 abstinere,
1634 1629 1726 1663 nec
1750 1614 1947 1678 permit-

145 1702 248 1748 tere
269 1697 399 1762 quod
417 1695 610 1760 aliquiS,
633 1695 873 1744 hactenus
892 1695 1139 1744 concessis
1160 1700 1208 1744 et
1235 1713 1354 1760 quas
1381 1697 1583 1746 concedi
1615 1698 1942 1762 contingeret,

144 1786 308 1832 utatur
323 1785 373 1831 et
402 1797 463 1831 ex
487 1781 557 1830 eis
578 1781 808 1830 effectum
826 1785 1042 1846 reportet
1063 1797 1258 1846 quoquo
1278 1782 1442 1830 modo.

211 1870 350 1927 Item,
374 1881 487 1915 cum
507 1865 706 1931 provide
727 1865 1090 1914 consideratum
1113 1866 1190 1926 sit,
1219 1867 1349 1930 quod
1377 1867 1577 1916 castella
1607 1871 1656 1916 et
1685 1872 1814 1917 terre
1837 1884 1876 1915 s,
1898 1883 1938 1914 r.

141 1954 314 2016 E.⁴que
333 1950 385 1999 in
414 1949 536 1999 locis
563 1949 848 2014 propinquis
880 1949 994 1998 huic
1019 1950 1144 1999 alme
1177 1951 1292 1999 Urbi
1321 1956 1432 1999 sunt
1462 1950 1511 1998 in
1535 1951 1681 2016 plena
1711 1956 1760 2000 et
1784 1941 1942 2000 stabili

141 2034 418 2085 obedientia
439 2033 569 2083 sedis
592 2033 858 2098 apostolice
880 2038 927 2082 et
954 2049 1067 2082 cum
1088 2034 1262 2098 majori
1285 2034 1589 2083 subditorum
1611 2035 1943 2085 satisfactione

142 2124 192 2169 et
220 2118 558 2169 consolatione
598 2118 1015 2183 gubernabuntur,
1060 2118 1097 2166 si
1142 2118 1333 2182 singule
1377 2119 1578 2183 singulis
1619 2120 1944 2169 cardinalibus

142 2203 354 2254 tenende
369 2207 418 2252 et
433 2201 730 2267 possidende
747 2218 859 2250 cum
876 2202 1091 2266 ipsarum
1113 2202 1304 2251 arcibus
1320 2206 1367 2251 et
1382 2203 1572 2267 integra
1586 2204 1940 2268 jurisdictione,

143 2291 192 2337 et
212 2286 436 2336 omnibus
458 2285 730 2335 redditibus
755 2285 1136 2349 assignabuntur
1152 2289 1200 2334 et
1224 2286 1533 2335 traderentur
1555 2288 1693 2351 quasi
1713 2289 1937 2353 conjunc-

142 2371 229 2420 tim
251 2372 342 2420 sub
366 2370 774 2436 gubernatoribus
804 2369 1026 2434 ejusdem
1056 2370 1216 2430 Urbis,
1241 2374 1289 2419 et
1314 2376 1365 2419 ut
1384 2371 1622 2420 hactenus
1647 2372 1831 2421 factum
1868 2377 1940 2422 est

141 2456 491 2515 retinerentur3
537 2454 667 2503 unde
703 2453 935 2519 magistra
972 2454 1289 2519 experientia,
1330 2455 1581 2504 retroactis
1616 2457 1935 2521 temporibus,

139 2540 424 2590 adveniente
462 2539 590 2589 sedis
631 2539 909 2599 vacatione,
951 2543 1001 2588 et
1035 2555 1165 2588 nunc
1202 2539 1507 2588 notissimum
1544 2544 1617 2589 est
1650 2545 1938 2590 attentatum

140 2624 425 2675 defectionis
485 2627 535 2673 et
598 2623 878 2673 rebellionis
930 2623 1145 2688 ipsarum
1200 2628 1438 2673 terrarum
1492 2625 1770 2689 provenisse
1825 2641 1936 2674 cum

139 2708 350 2758 maximo
382 2724 422 2756 r.
457 2709 513 2756 Ε.
545 2707 786 2757 dedecore
820 2712 869 2757 et
895 2707 1213 2768 detrimento;
1250 2708 1432 2758 idcirco
1464 2709 1745 2774 hujusmodi
1776 2710 1937 2758 consi-

140 2793 390 2842 deratione
417 2792 554 2853 moti,
585 2793 891 2842 attendentes
926 2792 1071 2842 etiam
1099 2794 1230 2857 quod
1262 2793 1379 2842 alias
1407 2794 1520 2842 talia
1545 2810 1632 2859 per
1658 2794 1934 2858 superiores

140 2877 416 2942 pontifices,
452 2877 828 2940 predecessores
862 2894 1018 2938 meoS,
1056 2878 1332 2942 excogitata
1366 2879 1580 2938 fuerunt,
1611 2878 1726 2926 licet
1759 2894 1935 2926 execu-

141 2958 260 3008 tioni
281 2958 440 3007 minus
467 2959 774 3019 demandata,
795 2961 906 3024 juro
925 2964 974 3009 et
994 2962 1244 3025 promitto,
1268 2962 1399 3025 quod
1426 2962 1688 3026 unicuique
1710 2961 1934 3010 domino-

141 3059 250 3092 rum
281 3043 622 3103 cardinalium,
657 3044 737 3108 qui
770 3060 899 3093 nunc
938 3049 1047 3093 sunt
1083 3050 1130 3094 et
1163 3061 1252 3110 pro
1287 3049 1506 3111 tempore
1543 3046 1743 3106 fuerint,
1787 3061 1933 3093 unam

67 3123 70 3125 “
141 3131 322 3176 terram
351 3143 437 3177 seu
464 3128 716 3177 castellum
754 3128 805 3176 in
843 3128 965 3177 locis
998 3130 1311 3194 propinquiS,
1359 3134 1412 3179 ut
1451 3147 1617 3195 supra,
1661 3145 1771 3178 cum
1807 3128 1931 3176 illius

141 3227 270 3272 arce,
306 3211 345 3260 si
379 3227 487 3261 eam
519 3212 759 3272 habuerit,
791 3212 855 3262 'ac
894 3214 1039 3278 plena
1068 3215 1408 3279 jurisdictione
1450 3220 1496 3265 et
1538 3213 1737 3277 singulis
1776 3213 1932 3261 reddi-

138 3295 264 3344 tibus
292 3299 340 3344 et
365 3297 675 3359 proventibus
703 3297 829 3345 illius
852 3298 1039 3346 tradam
1069 3303 1117 3346 et
1144 3299 1402 3362 assignabo
1433 3299 1493 3346 ad
1513 3298 1656 3345 vitam
1684 3296 1931 3366 dumtaxat

138 3379 262 3428 illius
297 3379 573 3440 cardinalis,
608 3381 896 3445 regendum,
937 3382 1198 3430 tenendum
1232 3386 1280 3429 et
1312 3381 1677 3445 possidendum,
1707 3385 1758 3429 ut
1784 3381 1929 3429 etiam

138 3463 229 3527 ipsi
250 3463 433 3512 domini
454 3463 724 3513 cardinales
743 3466 907 3514 locum
936 3466 1147 3529 aliquem
1177 3464 1440 3528 specialem
1461 3465 1691 3524 habeant,
1715 3465 1760 3512 in
1785 3480 1929 3528 quem
