2262 3958
376 320 445 355 558
1122 314 1404 350 APPENDICE.

375 430 546 468 sumus,
570 417 863 472 significatum
882 414 1019 456 fuisse
1040 413 1306 466 quotidianis
1333 414 1503 454 nunciis
1525 416 1567 455 et
1587 416 1840 458 cursoribus
1863 418 1950 458 scio
1972 418 2144 471 magni-

373 483 454 524 fico
476 484 704 525 Laurentio
727 492 1010 535 progressum
1031 479 1198 521 itineris
1231 478 1308 519 filii
1342 479 1424 529 sui,
1459 479 1576 520 unde
1596 483 1639 520 et
1659 483 1707 521 tu
1725 480 1965 523 identidem
1985 483 2145 524 certior

373 548 466 589 fieri
487 548 682 600 potuisti.
706 548 997 599 Quamobrem
1017 545 1179 586 factum
1198 547 1279 594 est,
1301 547 1351 585 ut
1368 544 1535 585 tardius
1556 545 1637 585 hac
1658 545 1711 586 de
1727 557 1774 586 re
1794 545 1852 586 ad
1871 550 1912 588 te
1935 548 2137 589 scribam.

375 614 589 665 Quoniam
608 625 710 655 vero
732 624 843 665 quae
862 612 990 653 nobis
1015 614 1140 664 grata
1161 613 1278 661 sunt,
1305 610 1435 651 etiam
1467 610 1644 662 saepius
1674 611 1856 662 repetita
1876 623 1965 653 non
1995 613 2145 664 d1spli-

374 682 486 729 cent,
508 682 551 719 et
572 689 653 731 ego
673 678 716 718 in
736 681 948 730 perpetuo
964 677 1052 717 fere
1067 676 1275 717 comitatu
1297 679 1428 728 atque
1450 675 1660 728 obsequio
1681 676 1975 718 colendissimi
1995 677 2144 719 Cardi-

375 743 488 784 nalis
508 743 566 784 ad
585 744 697 784 hanc
714 755 856 795 usque
877 743 990 784 diem
1011 724 1089 792 fui,
1112 742 1374 793 complectar
1401 741 1667 781 summatim.
1707 752 1820 793 quae
1850 741 1992 782 relatu
2011 741 2142 795 digna

375 808 480 849 mihi
502 809 806 858 succurrerint,
825 820 882 849 ne
900 808 1094 849 defuisse
1123 808 1299 860 penitus
1321 810 1363 847 et
1384 805 1524 847 officio
1545 817 1643 847 meo
1676 809 1718 847 et
1751 806 1968 847 desiderio
1991 809 2070 848 tuo
2089 807 2143 848 vi-

376 874 496 915 dear.
524 874 657 927 lgitur
677 874 949 923 duodecima,
970 876 1017 914 ut
1035 872 1168 922 nosti,
1196 871 1341 912 martii
1366 871 1532 911 mensis
1560 871 1643 921 die,
1677 871 1800 920 hora,
1826 871 1935 912 sicut
1953 871 2142 914 edictum

373 939 530 989 fuerat,
555 939 860 988 sextadecima,
883 938 1136 979 conscensis
1157 937 1364 978 iumentis
1387 948 1592 990 egressus
1615 940 1681 977 est
1701 937 1916 978 Florentia
1937 937 2141 979 dominus

373 1005 766 1046 reverendissimus
787 1016 885 1044 cum
906 1003 1068 1044 familia
1091 1015 1167 1044 sua
1189 1002 1553 1055 praecedentibus
1580 1002 1702 1043 illum
1727 1003 1895 1044 civibus
1915 1003 2142 1055 spectabili

373 1081 550 1122 pompa,
574 1069 649 1122 qui
669 1070 725 1110 ad
746 1069 831 1109 duo
858 1069 991 1109 millia
1022 1080 1235 1120 passuum
1264 1068 1411 1119 ipsum
1442 1067 1737 1118 deduxerunt3
1760 1068 1901 1109 redire
1919 1068 1965 1109 in
1984 1069 2140 1109 urbem

371 1135 522 1185 iussiS,
552 1137 654 1186 post
685 1134 994 1174 salutationem
1028 1137 1243 1181 mutuam,
1280 1133 1520 1174 Cardinalis
1544 1143 1594 1173 eo
1617 1133 1684 1173 die
1705 1145 1802 1174 cum
1830 1134 1995 1174 maiore
2015 1136 2138 1186 parte

369 1199 558 1240 familiae
576 1199 633 1240 ad
653 1199 876 1240 abbatiam
895 1209 1022 1238 suam
1045 1197 1302 1250 Passignani
1335 1197 1523 1239 diuertit.
1547 1198 1635 1239 Nos
1654 1210 1757 1239 vero
1776 1201 1817 1239 et
1838 1199 1909 1239 alii
1927 1198 2140 1240 Podibon-

370 1265 475 1304 tium
494 1263 793 1316 peruenimus.
817 1263 1023 1315 Sequenti
1042 1263 1110 1303 die
1130 1265 1378 1303 remorante
1391 1263 1464 1303 illo
1483 1263 1616 1303 animi
1636 1264 1776 1316 gratia
1796 1263 1841 1304 in
1859 1275 1939 1305 suo
1959 1274 2139 1305 monas—

369 1330 493 1380 terio,
517 1330 838 1382 praecessimus
871 1331 1024 1379 Senas,
1057 1329 1224 1377 moniti,
1254 1332 1303 1369 ut
1331 1328 1494 1369 ibidem
1515 1328 1884 1380 praestolaremur
1901 1328 2138 1370 adventum

369 1395 477 1437 eius.
501 1398 613 1436 Hora
634 1396 801 1436 circiter
821 1395 1030 1448 vigesima
1053 1395 1297 1435 occurimus
1321 1394 1360 1434 ei
1381 1394 1436 1435 ad
1458 1393 1702 1435 secundum
1720 1396 1840 1434 extra
1860 1393 2016 1434 urbem
2031 1393 2138 1446 lapi-

368 1462 481 1503 dem.
507 1463 548 1502 Si
568 1461 637 1502 hic
656 1461 816 1502 referre
843 1461 1134 1512 particulatim
1159 1460 1354 1507 voluer0‚
1378 1470 1465 1512 quo
1486 1459 1616 1500 fuerit
1635 1460 1800 1500 honore
1820 1470 1845 1500 a
1867 1458 2137 1500 Senensibus

368 1527 607 1568 Cardinalis
628 1530 776 1567 noster
805 1528 1028 1578 exceptus,
1061 1537 1147 1577 qua
1175 1525 1310 1566 totius
1331 1525 1451 1565 urbis
1473 1524 1861 1578 congratulatione,
1884 1525 2045 1576 quihus
2067 1525 2138 1566 de-

365 1592 490 1642 liciis,
513 1603 602 1632 non
625 1591 785 1632 sufficit
806 1592 913 1633 dies.
938 1592 1128 1638 Occurrit
1149 1594 1270 1632 extra
1299 1591 1455 1631 urbem
1475 1590 1636 1631 ciuium
1661 1590 1969 1642 primariorum
1989 1589 2132 1640 turba,
2195 1620 2197 1624 ι

366 1659 550 1706 occurrit
571 1661 614 1699 et
634 1657 776 1699 omnis
798 1659 1002 1710 populus.
1026 1659 1077 1698 Et
1096 1668 1152 1697 ne
1172 1657 1328 1709 cuique
1351 1659 1525 1708 praesto
1553 1659 1671 1696 esset
1696 1655 1864 1697 occasio
1885 1655 2136 1697 continendi

365 1735 412 1764 se
433 1723 565 1773 domi,
585 1724 761 1776 publico
783 1724 923 1765 edicto
944 1725 1207 1775 imperatum
1227 1725 1308 1772 est,
1324 1725 1374 1763 ut
1388 1722 1623 1762 uniuersae
1637 1721 1759 1762 urbis
1772 1721 1980 1763 tabernae
1994 1721 2132 1762 occlu-

364 1788 585 1830 derentur.
607 1789 849 1830 Advenisse
869 1788 1125 1830 Pontificem
1144 1799 1366 1828 summum
1381 1787 1581 1829 crederes
1605 1799 1614 1828 :
1637 1787 1695 1827 ita
1717 1790 1932 1828 commota
1950 1789 2016 1828 est
2033 1785 2132 1828 uni-

361 1864 487 1894 versa
509 1853 679 1893 ciuitaS.
703 1855 816 1893 Haec
838 1865 944 1894 sane
966 1853 1182 1894 Cardinali
1212 1853 1403 1893 exhibita
1423 1853 1686 1902 reuerentia,
1710 1853 1866 1904 pietas,
1891 1851 2000 1893 fides
2021 1851 2131 1893 adeo

363 1919 469 1958 satis
491 1919 695 1959 omnibus
716 1917 830 1968 fecit,
861 1922 909 1959 ut
939 1930 1070 1959 nemo
1101 1918 1227 1958 Senis
1259 1929 1348 1958 non
1377 1920 1610 1958 contentus
1637 1917 1807 1958 abierit.
1831 1917 2128 1958 sextadecima

362 1984 430 2024 die
450 1983 551 2024 inde
579 1984 798 2025 mouimus
823 1987 998 2032 omnes,
1031 1983 1270 2035 pransique
1299 1983 1356 2024 ad
1390 1985 1763 2032 Bonconuentum‚
1795 1983 1967 2035 vesperi
2000 1982 2056 2024 ad
2083 1984 2126 2024 S.

359 2049 580 2099 Quiricum
599 2050 899 2102 peruenimus.
933 2049 1010 2089 Die
1043 2048 1295 2100 insequenti
1327 2048 1383 2088 ad
1414 2048 1589 2089 Paleam
1625 2048 1787 2100 accepti
1815 2047 1872 2089 ad
1894 2047 2128 2100 prandium

360 2127 538 2166 sumus3
569 2119 611 2157 et
639 2116 866 2167 hucusque
888 2114 1149 2155 Senensium
1171 2114 1422 2166 sumptibus
1444 2125 1619 2166 semper
1637 2113 1859 2165 hospitati,
1881 2113 1939 2154 ad
1957 2114 2127 2166 Aquam

358 2181 626 2221 Pendentem
643 2180 861 2221 Ecclesiae
884 2179 1095 2232 oppidum
1115 2182 1242 2220 nocte
1261 2179 1577 2231 requieuimus.
1597 2180 1721 2220 Mane
1741 2177 1921 2230 profecti
1934 2179 2125 2231 complu-

359 2256 430 2286 res
447 2246 646 2297 praelati,
670 2256 841 2297 nosque
860 2245 1012 2286 itidem
1031 2244 1274 2285 Viterbium
1302 2244 1607 2297 applicuimus,
1630 2247 1800 2286 retento
1820 2244 1866 2285 in
1898 2244 2042 2286 medio
2061 2244 2128 2285 iti-

354 2321 460 2350 nere
476 2311 531 2351 ab
548 2311 716 2352 Ursinis
731 2311 984 2362 propinquis
999 2310 1090 2350 suis
1105 2309 1321 2351 Cardinali
1335 2310 1659 2351 colendissimo.
1679 2309 1932 2351 Inuenimus
1946 2309 2124 2351 Viterbii

355 2375 574 2416 Pontificis
590 2375 730 2416 filium
751 2376 912 2417 sororis
932 2375 1171 2416 Cardinalis
1192 2375 1413 2425 moritum,
1434 2375 1573 2427 ipsius
1593 2375 1834 2417 aduentum
1854 2375 2122 2427 praestolan-

354 2443 458 2482 tem.
479 2443 658 2482 Postera
680 2441 748 2481 die
779 2440 996 2482 Cardinali
1016 2441 1298 2490 occurrimus,
1327 2443 1369 2481 et
1392 2452 1490 2481 cum
1508 2452 1559 2482 eo
1577 2441 1817 2482 Viterbium
1836 2441 2027 2494 ingressi
2045 2452 2120 2481 su-

353 2517 466 2546 mus.
505 2506 608 2546 Inde
650 2505 955 2545 discendentes
995 2506 1200 2556 sequenti
1232 2505 1317 2554 die,
1354 2507 1541 2557 vesperi,
1578 2507 1830 2547 Bratianum
1863 2506 2119 2547 Ursinorum

354 2571 561 2622 oppidum
593 2569 868 2610 diuertimus.
903 2569 1079 2620 Excepti
1098 2569 1261 2609 ibidem
1293 2580 1446 2609 sumus
1466 2573 1682 2621 apparatu
1700 2570 1821 2622 regio
1841 2569 1886 2610 in
1907 2569 2120 2622 palatium

351 2635 533 2688 Virginii
553 2635 737 2686 comitiS,
761 2635 837 2686 qui
857 2645 1018 2686 magna
1037 2633 1235 2685 equitum
1252 2637 1396 2675 turma
1413 2638 1593 2676 venerat
1613 2635 1788 2676 obuiam
1807 2635 1936 2676 nobis
1954 2635 2010 2676 ad
2024 2639 2119 2678 octo

331 2700 485 2747 *millia
502 2712 714 2752 passuum
742 2701 939 2741 Alterum
973 2698 1088 2739 diem
1119 2699 1312 2739 Bratiani
1341 2700 1606 2752 peregimus,
1645 2703 1687 2741 et
1721 2700 1897 2752 quidem
1925 2701 2115 2742 maximo

351 2765 547 2806 omnium
563 2766 807 2807 commodo.
831 2764 1025 2805 Tandem
1043 2765 1286 2805 nouIssimo
1305 2765 1472 2806 itineris
1492 2766 1632 2806 nostri
1653 2766 1735 2816 die,
1755 2765 1984 2807 undecimo
2005 2759 2116 2823 scili-

350 2835 416 2872 cet
436 2831 636 2872 kalendis
657 2832 823 2883 aprilis,
844 2825 1024 2871 Romam
1042 2829 1231 2882 ingressi
1246 2841 1415 2880 sumus,
1433 2832 1759 2872 occurrentibus
1778 2842 1896 2872 nunc
1913 2831 1981 2872 his
1999 2842 2115 2872 nunc

349 2897 436 2938 illis
456 2897 501 2938 in
520 2897 589 2939 via
609 2897 666 2938 ad
687 2896 990 2938 deducendum
1010 2895 1298 2946 cardinalem,
1327 2896 1447 2936 nulla
1464 2897 1715 2947 pluuiarum
1733 2896 1790 2947 vi,
1813 2908 1925 2948 quae
1953 2907 2114 2949 magna

352 2962 456 2999 tunc
476 2960 747 3011 erumpebat,
770 2959 868 3000 illos
895 2962 1108 3009 morante,
1143 2960 1248 3011 quin
1285 2960 1478 3002 officioso
1506 2962 1677 3002 muneri
1710 2961 2023 3002 satisfacerent.
2050 2961 2116 3003 Ad

350 3024 538 3075 primam
555 3025 682 3065 Urbis
703 3028 873 3077 portam
895 3025 1075 3065 secessit
1105 3025 1343 3066 Cardinalis
1376 3038 1474 3066 cum
1502 3026 1651 3078 paucis
1671 3026 1716 3065 in
1732 3026 2047 3066 monasterium
2069 3026 2110 3066 S.

352 3090 510 3131 Mariae
529 3090 575 3130 in
595 3090 784 3142 Populo;
807 3101 935 3130 mane
957 3089 1182 3141 sequentis
1204 3090 1288 3130 diei
1305 3093 1603 3131 conuenerunt
1624 3090 1942 3140 eoCardinales
1960 3101 2113 3131 omnes

351 3157 392 3194 ct
412 3155 615 3195 nimboso
637 3154 813 3206 quidem
833 3154 968 3203 coelo,
992 3153 1354 3206 deduxeruntque
1380 3155 1503 3195 illum
1530 3155 1586 3195 ad
1616 3154 1865 3201 Pontificem
1884 3155 1930 3196 in
1949 3155 2112 3196 concis-

350 3218 510 3258 torium
530 3219 766 3270 publicum.
789 3219 1003 3270 Exceptus
1022 3222 1088 3259 est
1104 3219 1160 3259 ad
1181 3220 1378 3260 osculum
1397 3212 1427 3260 av
1442 3219 1662 3270 Pontifice,
1681 3224 1813 3273 atque
1832 3221 1888 3262 ab
1908 3221 2112 3261 omnibus

352 3282 555 3334 deinceps
577 3283 892 3333 Cardinalibus,
915 3284 1040 3325 sicuti
1058 3288 1099 3325 et
1118 3296 1200 3325 nos
1223 3285 1364 3326 facere
1385 3286 1711 3335 consueuimus,
1729 3298 1827 3327 cum
1845 3287 2036 3338 aliquem
2055 3286 2112 3326 ad

349 3347 606 3399 religionem
625 3349 909 3389 admittimus.
943 3349 1111 3402 Singuli
1143 3361 1317 3402 quoque
1344 3350 1397 3390 de
1423 3351 1664 3392 Cardinalis
1687 3351 1849 3392 familia
1871 3349 2113 3391 deosculati

348 3410 511 3451 ibidem
532 3412 690 3452 summi
705 3412 923 3453 pontificis
944 3414 1093 3465 pedes.
1117 3414 1386 3455 Redeuntem
1408 3413 1586 3456 domum
1607 3416 1814 3457 uniuersa
1834 3416 1956 3455 illum
1976 3413 2108 3455 comi-

2256 98 2258 102 <
2236 0 2262 69 *ka*—
