2262 3958
339 293 405 328 184
920 291 1151 329 JOHANNJS
1184 290 1477 330 BURCHARDI.
1888 292 1993 334 [Mars
2013 293 2105 335 1486]

340 394 551 443 officinm
573 399 619 443 et
640 395 967 444 continuatum
994 398 1132 459 prout
1153 395 1201 443 in
1226 394 1551 443 ceremoniali.
1578 394 1817 444 Diaconus
1848 399 1895 444 et
1917 394 2106 443 subdia-

340 493 488 526 conus
529 478 708 541 capelle
743 477 891 525 induti
925 478 1116 526 fuerunt
1153 477 1357 542 planetis
1384 476 1532 541 nigris
1570 482 1677 526 ante
1717 483 1884 542 pectus
1915 477 2103 543 plicatis

339 575 471 608 more
502 561 663 608 solito.
705 562 987 609 Sermonem
1014 560 1127 610 fecit
1148 563 1204 608 D.
1228 560 1459 608 Antonius
1488 560 1646 608 Lolius
1678 561 1735 609 de
1766 578 1805 610 s.
1839 564 2099 621 Germano,

339 643 612 705 capellanus
646 643 769 690 Rmi.
802 646 858 691 D.
888 643 983 692 mei
1009 643 1262 692 cardinalis
1290 643 1534 702 Senensis,
1568 643 1716 692 homo
1736 660 1847 693 vere
1874 645 2030 693 bonus
2055 649 2103 693 et

339 726 507 773 doctus
529 742 584 774 ac
614 726 798 790 prefato
823 729 960 776 Rm0.
996 729 1053 775 D.
1091 727 1319 777 cardinali
1353 726 1554 776 Senensi
1589 726 1846 790 plurimum
1880 727 2099 787 dilectuS,

339 807 419 871 qui
436 807 607 856 deinde
631 808 706 856 die
726 808 837 857 lune
868 812 929 856 24
956 809 1135 858 mensis
1157 809 1318 873 aprilis
1339 809 1606 858 infirmatus
1629 815 1702 858 est
1722 814 1830 874 post
1850 809 2103 874 prandium

340 895 387 937 et
413 890 490 938 die
523 891 746 939 mercurii
775 891 1078 955 26ejusdem
1109 892 1308 951 mensiS,
1339 894 1505 952 Rome,
1533 892 1581 941 in
1612 893 1755 941 domo
1790 892 1959 956 prefati
1981 893 2103 941 Rmi.

341 975 397 1022 D.
438 973 708 1031 cardinalis,
746 974 866 1022 hora
906 974 1135 1038 vigesima
1177 974 1250 1022 vel
1290 974 1419 1023 circa
1454 990 1514 1023 ex
1552 980 1686 1039 peste
1727 975 1978 1024 defunctus
2012 979 2103 1035 est,

341 1055 558 1119 spiritum
581 1056 786 1106 reddidit
807 1057 1020 1107 Creatori
1043 1058 1177 1122 cujus
1191 1057 1348 1106 anima
1363 1058 1632 1121 requiescat
1653 1059 1701 1107 in
1721 1075 1857 1123 pace.
1882 1059 2106 1123 Sepultus

340 1137 425 1188 fuit
447 1139 618 1188 eodem
646 1155 753 1188 sero
788 1139 836 1187 in
871 1140 1077 1188 ecclesia
1109 1157 1147 1189 s.
1182 1142 1448 1190 Sebastiani
1478 1157 1627 1207 prope
1657 1143 1854 1191 domum
1887 1142 2010 1191 Rmi.
2044 1145 2101 1191 D.

340 1221 592 1270 cardinalis
610 1222 797 1286 prefati.
823 1225 990 1271 Frater
1009 1225 1091 1273 SS.
1120 1226 1175 1272 D.
1202 1226 1260 1272 N.
1283 1225 1496 1274 interfuit
1509 1226 1688 1274 officio.
1706 1229 1797 1275 Per
1819 1225 2104 1275 oblivionem

339 1320 436 1353 non
456 1305 567 1353 dedi
583 1305 671 1354 sibi
688 1305 849 1354 locum
869 1305 918 1353 in
943 1306 1221 1358 adoratione
1251 1307 1406 1356 crucis
1434 1312 1543 1372 post
1572 1309 1861 1367 cardinaleS,
1893 1308 1979 1356 sed
1999 1312 2108 1372 post

341 1403 509 1436 omnes
538 1376 790 1453 episcopos
817 1389 898 1452 qui
923 1389 972 1436 in
994 1389 1177 1453 capella
1197 1390 1403 1440 suerunt.
1425 1393 1554 1440 Inter
1579 1391 1699 1439 duos
1725 1395 1941 1439 oratores
1956 1390 2108 1440 laicos

341 1471 384 1519 ei
399 1472 561 1520 locum
581 1471 709 1519 dedi.
734 1472 966 1520 Dominus
985 1473 1340 1536 protonotarius
1361 1473 1420 1522 de
1443 1472 1599 1536 Nigris
1621 1472 1699 1536 qui
1722 1476 1794 1521 est
1814 1472 2110 1536 gubernator

340 1555 480 1603 Urbis
511 1558 619 1619 post
649 1570 817 1603 omnes
846 1555 1099 1619 episcopos
1129 1559 1237 1604 ante
1260 1556 1432 1604 fratem
1453 1558 1599 1619 Pape,
1622 1571 1717 1604 una
1743 1571 1853 1604 cum
1875 1560 2110 1620 protono-

342 1638 462 1685 tario
484 1638 543 1686 de
563 1640 846 1687 Sermoneta
873 1639 1144 1698 assistente,
1176 1641 1353 1702 Papam
1379 1638 1606 1687 adoravit.
1638 1640 1780 1688 Facta
1806 1638 2103 1698 adoratione,

342 1721 425 1768 SS.
449 1722 505 1767 D.
531 1722 568 1768 N
582 1755 594 1768 .
614 1721 1036 1784 processionaliter
1051 1722 1130 1770 ivit
1152 1723 1209 1770 ad
1230 1738 1421 1785 parvam
1436 1722 1669 1786 capellam
1683 1738 1769 1786 pro
1785 1726 2105 1784 sacramento,

341 1807 389 1851 et
422 1806 588 1851 Rmus.
630 1806 683 1853 D.
724 1804 1146 1854 vicecancellarius
1186 1805 1453 1865 celebrans,
1497 1805 1717 1853 omnibus
1757 1805 2108 1869 pontificalibus

340 1886 631 1949 paramentis
663 1886 871 1946 indutus,
906 1888 1101 1937 dimissa
1133 1888 1275 1936 mitra
1298 1903 1440 1950 quam
1466 1903 1562 1936 non
1590 1887 1814 1952 portavit,
1845 1888 1972 1936 solus
2001 1892 2110 1951 post

341 1984 509 2016 omnes
530 1969 796 2019 cardinales
819 1974 864 2019 et
885 1974 994 2021 ante
1030 1973 1207 2035 Papam
1238 1970 1513 2020 immediate
1538 1970 1650 2030 vivit;
1675 1974 1784 2034 post
1804 1985 1923 2019 eum
1949 1975 2110 2020 tamen

339 2051 530 2100 fuerunt
550 2052 738 2101 diaconi
762 2053 1027 2102 cardinales
1049 2056 1176 2118 Pape
1195 2053 1492 2113 assistentes,
1512 2057 1558 2104 et
1571 2053 1685 2104 hinc
1703 2057 1750 2104 et
1768 2053 1878 2103 inde
1894 2053 2112 2103 fimbrias>

340 2134 554 2198 pluvialis
576 2138 702 2199 Pape
726 2137 931 2187 elevatas
952 2141 1214 2201 portantes,

409 2221 461 2267 In
492 2235 639 2283 parva
667 2220 868 2284 capella,
900 2223 955 2269 D.
987 2221 1425 2280 vicecancellariUS,
1452 2220 1702 2284 adjuvante
1727 2218 1884 2283 ipsum
1912 2218 2112 2269 sacrista

341 2301 523 2365 capelle
545 2301 641 2352 sive
677 2302 855 2366 palatii,
888 2304 1074 2367 aperuit
1104 2319 1299 2368 capsam
1331 2302 1643 2361 sacramenti3
1675 2304 1805 2365 Papa
1837 2301 2110 2352 incensavit

343 2385 641 2448 genuflexus,
686 2384 858 2437 deinde
895 2386 1315 2435 vicecancellarius
1354 2385 1555 2435 extraxit
1582 2384 1782 2433 calicem
1812 2400 1924 2434 cum
1953 2400 2110 2433 sacra-

342 2471 504 2516 mento
526 2468 583 2517 de
606 2483 750 2534 capsa
776 2474 822 2518 et
849 2485 936 2532 per
963 2469 1228 2529 sacristam,
1267 2468 1600 2532 adjuvantibus
1618 2466 1832 2516 diaconis
1855 2466 2110 2517 cardinali-

343 2550 451 2611 buS,
475 2550 697 2615 imposita
723 2551 810 2602 fuit
838 2551 1027 2601 tobalea
1048 2551 1231 2603 sericea
1253 2555 1378 2617 Pape
1405 2551 1533 2600 circa
1554 2550 1729 2599 collum
1751 2554 1798 2598 et
1818 2549 2110 2608 vicecancel-

342 2634 489 2683 larius
510 2634 640 2683 dedit
663 2638 1019 2686 sacramentum
1042 2637 1125 2685 SS.
1157 2638 1214 2687 D.
1245 2638 1301 2687 N.
1327 2635 1407 2699 qui
1434 2635 1549 2684 illud
1574 2634 1776 2699 portavit
1804 2634 1864 2684 ad
1883 2650 2108 2701 magnam
2135 2656 2137 2658 ·

345 2716 596 2780 capellam,
625 2708 822 2781 prelatis
860 2717 1191 2768 assistentibus
1220 2718 1558 2770 baldachinum
1584 2717 1882 2784 portantibus
1925 2722 1972 2771 et
2001 2733 2111 2771 can-

343 2800 554 2849 toribus:
583 2799 766 2852 Vexilla
787 2802 929 2865 reyis,
956 2809 1064 2861 ete„
1089 2801 1408 2852 cantantibus.

407 2885 598 2934 Portata
628 2883 821 2935 fuerunt
849 2883 956 2932 heri
987 2888 1035 2934 et
1060 2884 1203 2936 hodie
1234 2883 1444 2948 qualibet
1478 2884 1580 2935 vice
1611 2888 1720 2936 ante
1755 2889 2107 2936 sacramentum

341 2966 584 3017 sexdecim
607 2966 847 3018 intorticia
867 2967 991 3027 alba,
1010 2967 1262 3018 duodecim
1278 2982 1441 3019 coram
1457 2972 1504 3018 et
1524 2971 1729 3031 quatuor
1751 2983 1925 3031 magna
1936 2967 2108 3031 quibus

336 3048 386 3098 in
414 3048 596 3113 capella
621 3065 795 3113 magna
829 3065 915 3113 pro
947 3050 1209 3100 elevatione
1238 3037 1525 3102 sacramenti
1554 3051 1749 3100 utimur.
1790 3051 1973 3101 Deinde
2010 3051 2105 3099 duo

337 3131 626 3182 candelabra
667 3148 778 3182 cum
817 3133 1130 3183 luminaribus
1167 3134 1217 3182 in
1256 3133 1439 3198 capella
1482 3149 1678 3196 magna;
1723 3133 1932 3196 ipsemet
1969 3134 2110 3198 posui

337 3219 690 3265 sacramentum
706 3232 848 3281 super
867 3216 1033 3278 altare,
1058 3217 1310 3282 adjuvante
1323 3216 1480 3281 ipsum
1497 3215 1909 3276 vicecancellariO,
1933 3215 2106 3264 deinde

337 3297 439 3361 ipse
462 3301 605 3363 Papa,
635 3299 858 3364 imposito
883 3300 1081 3350 incenso
1108 3301 1158 3348 in
1178 3299 1440 3360 thuribu10,
1464 3299 1752 3364 genuflexus
1773 3298 2036 3348 incensavit
2059 3302 2107 3346 et

336 3384 534 3443 accepta
573 3382 713 3431 mitra
750 3383 967 3433 ascendit
1003 3383 1064 3431 ad
1093 3383 1264 3431 solium
1304 3387 1350 3432 et
1387 3382 1723 3431 continuatum
1767 3381 1854 3430 fuit
1892 3380 2106 3430 officium
