2262 3958
112 231 350 304 Δ[Αν-ι·111488]
572 259 741 296 RERUM
774 258 1079 295 URBANARUM
1111 256 1463 296 COMMENTARII.
1844 254 1934 296 3031

198 364 331 413 Idem
353 377 443 427 ego
465 361 514 410 in
533 362 870 411 distribut-ione
891 361 1024 427 pacis
1043 360 1303 420 observavi,
1330 359 1459 424 quod
1475 361 1692 408 oratores
1712 355 1915 420 predicti

132 462 302 512 regum
323 449 622 496 Francorum
638 450 686 495 et
704 446 931 511 Hispanie
954 460 1068 510 egre
1090 444 1319 503 tulerunt,
1340 445 1612 492 asserentes
1637 455 1804 505 regem
1826 442 1918 487 Ro-

132 546 330 580 manum
369 546 467 579 non
505 546 611 578 esse
653 530 971 595 approbatum
1011 534 1059 578 et
1090 531 1349 593 propterea
1380 543 1478 575 non
1510 522 1789 575 habendum
1828 530 1928 587 pro·

132 618 272 679 rege;
297 629 354 663 ac
373 617 482 679 post
499 612 699 661 missam
729 611 1033 661 sanctissimo
1057 614 1113 659 D.
1135 614 1191 660 N.
1220 611 1278 660 de
1300 608 1655 674 meconquesti
1678 612 1810 667 sunt3
1830 606 1917 656 sed

131 708 221 762 pro
244 713 302 747 ea
325 697 428 746 vice
452 699 536 746 SS.
561 701 617 746 D.
643 700 699 746 N.
724 695 844 744 nihil
862 694 980 743 mihi
1000 694 1133 743 dixit.

197 781 336 830 Feria
368 785 520 840 sexta,
556 785 607 828 11
642 779 822 829 mensis
853 778 1151 843 aprilis,·SS.
1181 780 1238 826 D.
1270 781 1326 827 N.
1359 778 1478 827 dixit
1504 777 1623 827 mihi
1656 777 1819 842 plures
1857 791 1917 825 ex

134 864 326 914 RRmis.
346 867 447 914 DD.
466 863 789 912 cardinalibus
805 878 883 910 me
900 861 1171 926 inculpasse
1189 878 1277 926 pro
1294 877 1352 911 eo
1371 863 1500 925 quod
1512 879 1678 911 verum
1695 862 1917 912 ordinem

133 949 182 997 in
199 948 358 998 dando
387 947 586 998 incenso
609 951 658 996 et
677 962 798 1011 pace
818 947 1053 996 hactenus
1078 962 1175 994 non
1199 946 1556 996 observaverim
1582 950 1629 996 et
1646 945 1917 995 oratoribus

131 1031 259 1097 regis
281 1035 613 1081 Romanorum
634 1030 715 1079 illa
737 1030 870 1096 prius
896 1030 1114 1079 dederim
1136 1046 1281 1094 quam
1309 1032 1623 1091 Francorum,
1653 1030 1767 1080 licet
1795 1028 1913 1078 ordo

131 1114 315 1180 capelle
343 1114 402 1164 sit
429 1115 559 1178 quod
580 1114 710 1179 prius
740 1115 881 1164 detur
912 1113 1108 1179 prelatis
1140 1114 1411 1163 oratoribus
1442 1116 1587 1179 quam
1619 1114 1771 1163 laicis.
1797 1116 1918 1162 Res-

130 1198 278 1264 pondi
319 1198 570 1249 Sanctitati
592 1214 676 1248 sue
699 1198 918 1248 ordinem
944 1198 1128 1263 capelle
1157 1213 1264 1248 esse
1286 1203 1334 1248 et
1355 1202 1486 1248 tanto
1509 1202 1726 1264 tempore
1749 1198 1931 1254 fuisse,

131 1283 262 1348 quod
298 1283 671 1334 vicecamerario
709 1282 758 1331 in
797 1282 982 1347 capella
1018 1282 1273 1343 existente,
1306 1299 1417 1332 cum
1454 1283 1534 1332 ille
1574 1283 1760 1348 primus
1794 1282 1923 1331 inter

132 1374 304 1418 omnes
324 1371 541 1417 oratores
556 1368 811 1427 habeatur,
823 1367 956 1431 quod
974 1366 1040 1415 illi
1055 1367 1188 1432 prius
1207 1367 1459 1417 incensum
1473 1367 1645 1416 demus
1658 1371 1704 1416 et
1725 1381 1916 1431 pacem,

133 1450 308 1501 deinde
326 1451 431 1501 aliis
457 1451 654 1518 prelatis
682 1455 791 1516 post
824 1467 937 1500 eum
959 1451 1212 1512 stantibus,
1238 1452 1525 1513 oratoribuS,
1560 1451 1705 1501 etiam
1730 1450 1769 1499 si
1804 1449 1928 1500 infe··

133 1535 273 1585 rioris
304 1535 535 1601 principis
568 1535 642 1585 vel
675 1535 1035 1585 communitatis
1070 1535 1164 1585 sint
1199 1540 1434 1596 oratores,
1466 1540 1567 1585 tum
1602 1535 1737 1585 laicis
1764 1539 1924 1584 orato-

133 1619 282 1668 ribuS.
320 1619 369 1668 Si
395 1636 508 1669 vero
541 1619 940 1669 vicecamerarius
977 1620 1152 1669 absens
1183 1621 1259 1682 sit,
1295 1625 1439 1686 prout
1467 1637 1623 1685 nuper
1655 1620 1761 1681 fuit,
1794 1618 1923 1683 quod

135 1709 248 1755 tunc
272 1721 300 1754 a
315 1704 548 1770 dignioris
565 1705 692 1769 regis
713 1705 788 1753 vel
802 1704 1031 1770 principis
1053 1709 1245 1754 oratore
1263 1705 1516 1754 incensum
1540 1709 1588 1754 et
1607 1719 1779 1769 pacem
1803 1703 1919 1751 dare

135 1787 423 1854 incipiamus
445 1793 494 1838 et
514 1788 740 1837 omnibus
769 1788 817 1836 in
848 1804 936 1838 suo
959 1789 1127 1838 ordine
1149 1789 1387 1838 stantibus
1409 1788 1622 1838 oratibus
1650 1788 1929 1847 demus,·'ne'

131 1871 276 1921 toties
301 1887 391 1936 per
427 1871 665 1937 capellam
693 1888 868 1937 vagare
909 1873 1187 1934 videamur3
1224 1871 1398 1922 deinde
1433 1872 1538 1921 aliis
1572 1871 1845 1921 oratoribus
1874 1870 1936 1918 in*

133 1954 228 2006 alio
257 1955 427 2006 ordine
457 1955 694 2006 stantibus
718 1974 727 2005 :
759 1961 808 2006 et
830 1962 1092 2022 propterea
1112 1956 1224 2021 quia
1243 1957 1488 2022 predictus
1520 1954 1937 2006 vicecamerariusz

133 2039 184 2088 in
210 2039 398 2105 capella
432 2055 635 2105 presens
671 2056 770 2090 non
810 2046 929 2101 erat,
963 2041 1204 2106 incepisse
1241 2041 1358 2091 dare
1391 2041 1524 2106 prius
1560 2041 1620 2089 ab
1651 2039 1934 2090 oratoribus

136 2123 266 2188 regis
287 2126 618 2173 Romanorum
652 2129 898 2189 tamquam
916 2125 1070 2189 magis
1092 2125 1268 2189 dignis.
1302 2125 1542 2174 Mandavit
1575 2124 1815 2173 Sanctitas
1837 2127 1938 2171 sua‘

138 2207 270 2272 quod
282 2207 512 2274 deinceps
534 2208 789 2258 incensum
813 2214 859 2258 et
880 2225 1051 2274 pacem
1073 2209 1187 2258 dare
1211 2210 1417 2259 debeam
1436 2208 1706 2258 oratoribus
1727 2207 1938 2273 prelatis?

135 2294 247 2342 ante
269 2297 488 2343 oratores
508 2293 677 2354 laicOS,
702 2309 925 2343 asserens
947 2299 1166 2343 oratores
1203 2309 1372 2358 regum
1400 2292 1672 2342 Francieet
1694 2291 1923 2356 Hispania

134 2376 517 2426 Maximilianum
549 2393 637 2443 pro
660 2393 774 2442 rege
794 2381 1125 2428 Romanorum
1143 2377 1326 2427 habere
1347 2394 1446 2426 non
1465 2377 1603 2438 velle,
1629 2392 1741 2426 cum
1763 2374 1926 2425 dicant

135 2459 296 2526 ipsum
317 2462 378 2533 ab
393 2461 612 2512 Ecclesia
626 2478 828 2511 romana
844 2478 942 2510 non
961 2477 1069 2511 esse
1091 2462 1428 2527 approbatum.

202 2545 413 2597 Sabbato
437 2545 486 2594 in
507 2546 646 2606 albis,
679 2550 736 2595 12
758 2546 941 2596 mensis
963 2546 1126 2611 aprilis
1159 2549 1244 2595 SS.
1279 2549 1336 2595 D.
1362 2548 1418 2596 N.
1440 2550 1636 2611 paratus
1657 2560 1794 2594 more
1813 2560 1926 2594 con-

138 2632 278 2678 sueto
289 2629 418 2680 venit
435 2629 498 2679 ad
511 2630 747 2696 capellam
763 2631 1020 2696 majorem,
1036 2630 1116 2679 ubi
1132 2630 1348 2680 interfuit
1368 2630 1515 2680 misse
1535 2629 1758 2690 solemni,
1780 2635 1937 2694 quam·

140 2711 400 2762 celebravit
418 2715 474 2762 R.
497 2716 550 2762 P.
576 2716 635 2762 D.
661 2714 1037 2779 Christophorus
1072 2714 1329 2780 episcopus
1361 2714 1672 2765 Cortonensis
1693 2712 1934 2779 magister.

141 2797 344 2863 capelle,
369 2803 418 2846 et
437 2813 536 2847 non
557 2797 644 2846 fuit
667 2814 845 2879 set-[mc.
1486 2812 1488 2814 ·

207 2883 261 2930 ln
280 2881 373 2931 hac
395 2881 560 2942 missa,
583 2886 840 2947 postquam
859 2884 944 2932 SS.
977 2885 1031 2931 D.
1054 2886 1110 2933 N.
1133 2884 1420 2934 ascenderat
1445 2883 1637 2943 solium,
1670 2885 1835 2931 RmuS.
1862 2882 1922 2933 D..

142 2964 398 3015 cardinalis
419 2966 479 3015 de
498 2968 629 3015 Fuxo
651 2966 901 3026 assistens,
928 2967 987 3015 ad
1008 2967 1284 3017 instantiam
1307 2967 1521 3033 episcopi
1549 2969 1605 3016 N.
1628 2969 1924 3030 conquestus

143 3051 228 3098 SS.
255 3050 309 3096 D.
332 3050 388 3097 N.
416 3053 490 3098 est
510 3049 641 3114 quod
668 3049 927 3115 Gregorius
960 3050 1021 3099 de
1049 3053 1198 3100 Turre
1227 3055 1389 3101 orator
1411 3050 1740 3110 Maximiliani,
1775 3049 1933 3114 quiin

142 3131 328 3196 capella
357 3137 478 3192 erat,
502 3138 632 3182 esset
654 3133 1119 3195 excommunicatuS,
1146 3149 1205 3183 ex
1232 3150 1289 3184 eo
1315 3135 1444 3199 quod
1478 3133 1723 3199 injecisset
1753 3148 1942 3196 manus

141 3215 375 3264 violentas
399 3215 448 3264 in
490 3217 774 3283 episcopum
809 3220 1184 3268 Lascurrensem
1209 3222 1453 3268 oratorem
1475 3218 1601 3283 regis
1641 3216 1843 3266 Francie
1880 3220 1927 3264 et

141 3303 404 3364 propterea
424 3299 709 3365 ejiciendus.
737 3304 823 3352 SS.
847 3305 904 3351 D.
931 3298 995 3352 N.
1011 3302 1125 3351 dixit
1143 3299 1262 3351 mihi
1283 3302 1412 3367 quod
1428 3292 1515 3367 pro
1536 3302 1630 3351 hac
1651 3301 1798 3350 missa
1818 3298 1938 3369 sus-f

143 3383 388 3448 pendebat
416 3386 970 3438 excommunicationem
1007 3387 1307 3453 hujusmodi,
1341 3387 1406 3436 ita
1433 3385 1561 3451 quod
1581 3388 1635 3436 D.
1662 3385 1937 3450 Gregorius,
