2262 3958
212 304 534 349 [ffiwfflmwessffi]
659 303 824 341 RERUM
857 303 1160 340 URBANARUM
1195 303 1546 340 COMMENTARH.
1927 304 1995 338 Ἐξ

219 408 357 472 pauci
381 406 569 456 nobiles
593 423 602 455 :
629 406 852 454 introitus
875 407 922 454 in
944 407 1074 454 hunc
1095 406 1258 454 locum
1289 410 1390 455 erat
1410 406 1456 453 in
1476 422 1625 454 cornu
1643 406 1848 455 ecclesie
1868 406 2004 469 juxta

215 491 467 549 altaffiubi
489 494 625 539 extra
646 496 774 539 retro
797 490 1039 539 banchum
1061 489 1374 538 diaconorum
1404 493 1541 539 erant
1568 506 1780 539 scamma
1799 490 2005 553 prelato—

216 591 320 623 rum
344 574 392 622 in
414 575 569 639 capite
591 591 795 639 quorum
819 574 1009 622 stabant
1042 578 1267 622 cantores
1289 574 1467 632 nostri;
1493 574 1750 637 equitando
1769 589 1901 632 vero,
1926 573 2003 622 hic

213 658 332 707 ordo
350 658 438 707 fuit
457 658 753 707 observatus.
769 658 914 706 Primi
934 660 1069 704 erant
1084 657 1306 705 valisiarii
1327 657 1663 716 cardinalium,
1677 662 1776 705 tum
1790 657 2002 706 scutiferi

215 757 387 791 eorum
409 742 536 791 cives
558 742 764 802 romani,
798 746 844 790 et
867 741 944 789 alii
966 740 1076 788 laici
1109 741 1324 789 scutiferi
1352 745 1477 805 Pape
1505 758 1711 805 quorum
1737 741 1890 790 ultimi
1911 741 2003 798 duo

216 819 475 891 portabant
503 826 623 875 duas
657 825 823 874 mitras
855 823 1122 873 Pontificis.
1153 824 1392 888 Acolythi,
1428 824 1593 871 clerici
1628 840 1838 884 camere,
1873 825 2005 873 audi-

175 911 180 914 ’
218 915 367 969 toreS,
400 912 616 958 oratores
653 908 762 956 laici
794 911 842 956 et
873 906 1098 966 barones,
1140 907 1419 971 capitaneus
1453 908 1672 956 custodie
1703 908 1865 972 palatii
1899 925 2008 957 cum

216 998 362 1059 gente
386 1009 472 1041 sua
499 997 702 1052 armata,
732 991 956 1040 valisiarii
986 991 1080 1039 duo
1120 994 1248 1055 Pape
1278 1007 1387 1039 cum
1414 991 1632 1051 ferrario,
1670 991 1764 1039 duo
1785 992 1893 1055 equi
1916 992 2010 1040 albi

216 1078 365 1141 Pape,
390 1075 609 1140 magistri
633 1074 832 1134 ostiarii,
859 1089 950 1138 ego
978 1073 1108 1122 solus
1140 1073 1462 1122 subdiaconus
1496 1089 1607 1122 cum
1632 1089 1792 1132 cruce,
1824 1073 2011 1121 medius

218 1158 347 1208 inter
362 1159 482 1208 duos
504 1158 622 1207 alios
642 1158 983 1219 subdiaconos,
1007 1173 1178 1207 omnes
1201 1158 1404 1222 intogati
1430 1162 1567 1207 erant
1585 1158 1632 1206 in
1655 1158 1751 1206 suis
1772 1158 2014 1206 mantellis

220 1258 332 1291 cum
350 1242 562 1307 capuciis
585 1242 900 1306 quotidianis;
926 1242 1196 1291 cardinales
1217 1258 1302 1290 suo
1325 1242 1495 1291 ordine
1518 1242 1780 1303 sexdecim,
1797 1241 2016 1307 juniores

216 1325 416 1376 ⁴diaconi
436 1326 610 1391 primo,
630 1326 804 1375 deinde
826 1326 922 1375 alii.
945 1329 1049 1374 Duo
1079 1326 1270 1374 diaconi
1293 1325 1578 1374 assisterunt
1599 1325 1720 1373 alius
1741 1331 1849 1390 post
1870 1325 2017 1374 alium

224 1413 336 1459 ante
362 1412 561 1475 Papam,
587 1426 756 1460 omnes
774 1410 821 1458 in
846 1410 944 1459 suis
971 1410 1156 1474 cappiS,
1185 1414 1283 1458 tum
1306 1413 1434 1474 Papa
1455 1409 1501 1457 in
1526 1409 1665 1469 stola,
1691 1410 1929 1473 capellum
1958 1409 2017 1458 de

229 1493 503 1543 cremesino
523 1493 710 1542 habens
742 1494 793 1542 in
827 1494 1004 1559 capite,
1037 1499 1148 1559 post
1181 1510 1293 1543 eum
1327 1494 1516 1543 auditor
1548 1493 1607 1543 de
1637 1493 1779 1542 mitra
1804 1493 2017 1542 serviens

226 1577 416 1626 medius
437 1577 566 1626 inter
585 1578 706 1626 duos
728 1578 1047 1627 cubicularios
1070 1582 1302 1637 secretOS,
1326 1582 1425 1626 tum
1445 1578 1735 1627 secretarius
1754 1578 1880 1626 inter
1897 1578 2018 1626 duos

228 1660 446 1710 medicos
484 1665 612 1726 Pape
654 1662 859 1720 medius,
896 1667 1005 1726 post
1039 1678 1123 1711 eos
1156 1662 1327 1726 prelati
1365 1661 1665 1720 assistentes,
1707 1666 1807 1709 tum
1848 1661 2017 1726 prelati

225 1748 464 1804 oratores,
503 1745 678 1793 deinde
725 1745 1093 1809 archiepiscopi,
1150 1745 1382 1809 episcopi,
1429 1745 1766 1810 protonotarii,
1817 1745 2017 1793 abbates

219 1827 356 1891 juxta
382 1831 430 1876 et
456 1828 626 1892 reliqui
658 1844 744 1877 suo
779 1829 967 1887 ordine,
997 1829 1305 1889 incedebant,
1338 1829 1533 1878 tandem
1567 1829 1645 1876 alii
1672 1828 1817 1892 legati
1846 1847 1854 1876 :
1881 1829 2019 1877 nole-

224 1910 342 1960 bant
378 1914 542 1960 tamen
567 1912 782 1976 episcopi
815 1912 1010 1976 palatini
1047 1913 1166 1961 alios
1198 1912 1413 1976 ‘prelatos
1447 1912 1732 1976 precedere,
1768 1912 1897 1975 quod
1926 1928 2017 1976 ego

226 1993 359 2043 nolui
396 1995 670 2056 admittere,
708 1997 794 2044 sed
835 2013 1129 2060 quemqnam
1170 1997 1436 2045 secundum
1478 2013 1613 2044 suam
1661 1996 2017 2060 promotionem

225 2077 469 2141 seniorem
490 2080 755 2144 precedere
782 2080 892 2139 feci,
923 2081 1036 2144 quia
1066 2081 1113 2128 in
1142 2081 1422 2145 hujusmodi
1449 2080 1827 2144 equitationibus
1856 2096 2017 2128 serva—

226 2175 333 2209 mus
356 2162 577 2212 ordinem
599 2163 801 2228 capelle.

291 2245 433 2295 Feria
488 2248 646 2309 tertia,
696 2251 749 2295 21
798 2247 978 2296 mensis
1018 2248 1292 2297 novembris
1332 2248 1378 2295 in
1410 2247 1595 2312 capella
1627 2248 1810 2312 majore
1856 2247 2017 2312 palatii

224 2330 476 2393 apostolici
495 2331 620 2395 apud
642 2348 680 2379 s.
708 2334 923 2391 Petrum,
950 2333 1004 2381 R.
1028 2335 1080 2379 P.
1108 2335 1166 2379 D.
1198 2333 1444 2380 ,lohannes
1468 2332 1726 2396 episcopus
1757 2331 2019 2381 Calviensis

224 2414 484 2464 celebravit
505 2414 702 2464 missam
724 2415 968 2480 publicam
991 2415 1330 2464 defunctorum
1351 2431 1438 2479 pro
1462 2416 1622 2464 anima
1638 2416 1764 2464 bone
1783 2415 2019 2464 memorie

226 2498 362 2548 Helie
382 2498 504 2548 tituli
527 2499 681 2548 sancti
702 2499 842 2548 Nerei
865 2504 914 2548 et
935 2499 1140 2548 Achillei
1157 2500 1429 2565 presbyteri
1452 2499 1708 2549 cardinalis
1727 2498 2020 2547 Turonensis

223 2570 483 2647 vulgariter
503 2582 787 2647 nuncupati,
813 2582 995 2631 ordinis
1018 2582 1219 2631 fratrum
1241 2583 1502 2642 Minorum,
1524 2583 1605 2646 qui
1625 2582 1803 2630 obiitin
1827 2581 2019 2629 civitate

225 2668 508 2715 Turonense
535 2681 662 2715 anno
683 2669 1131 2716 MCCCCLXXXllll
1152 2667 1211 2716 de
1238 2683 1406 2716 mense
1423 2667 1637 2716 octobris
1659 2666 1732 2715 vel
1748 2665 2022 2714 novembris

226 2748 276 2796 in
310 2748 440 2798 circa
469 2748 555 2815 (1>“;
587 2755 635 2798 et
667 2755 778 2815 post
807 2750 1004 2799 missam
1041 2750 1243 2800 absolvit
1273 2767 1408 2800 more
1441 2753 1628 2817 capelle
1669 2756 1852 2810 nostre,
1896 2753 2024 2813 Papa

227 2830 429 2880 absente
459 2836 506 2880 et
534 2832 758 2881 omnibus
780 2833 1103 2882 cardinalibus
1122 2835 1404 2884 absentibus
1423 2852 1574 2901 usque
1597 2836 1657 2884 ad
1674 2834 2018 2900 prefationem3

226 2930 322 2979 qua
341 2914 552 2979 incepta,
576 2915 704 2964 venit
725 2915 980 2965 cardinalis
1003 2933 1042 2965 s.
1069 2917 1332 2966 Clementis
1355 2920 1436 2982 qui
1459 2920 1591 2968 solus
1613 2918 1788 2967 deinde
1805 2915 2021 2964 interfuit

227 3014 339 3047 cum
360 2999 531 3063 paucis
551 2999 767 3064 prelatiS.

294 3083 432 3132 Feria
464 3083 622 3143 tertia,
656 3087 715 3132 28
756 3085 938 3133 mensis
976 3085 1269 3144 novembris,
1312 3085 1360 3133 in
1393 3087 1579 3152 capella
1608 3085 1839 3150 predicta,
1880 3086 1934 3131 R.
1975 3083 2021 3131 in

229 3166 418 3216 Christo
452 3171 504 3216 P.
540 3170 597 3216 D.
633 3168 768 3217 Titus
793 3169 1050 3234 episcopus
1077 3169 1344 3218 Castrensis
1372 3169 1420 3216 in
1448 3167 1739 3232 patrimonio
1768 3164 2027 3214 celebravit

231 3251 430 3299 missam
456 3251 703 3316 publicam
734 3253 1075 3302 defunctorum
1107 3268 1194 3317 pro
1223 3252 1382 3300 anima
1417 3252 1541 3299 bone
1575 3249 1810 3297 memorie
1845 3248 2028 3296 Thome

232 3335 356 3384 tituli
381 3352 420 3383 s.
442 3335 626 3401 Cyriaci
648 3337 696 3384 in
715 3337 936 3387 Thermis
952 3336 1220 3402 presbyteri
1239 3335 1494 3384 cardinalis
1514 3331 1887 3390 Cantuariensis,
1907 3334 2032 3395 Papa

292 3437 326 3473 1.
359 3436 452 3484 Voy.
478 3448 513 3485 p.
535 3438 559 3474 9
578 3437 622 3474 de
643 3450 684 3476 ce
700 3438 854 3476 volume.

424 3526 511 3553 T.h
1799 3508 1841 3547 15
