2262 3958
342 328 413 375 402'
947 311 1180 367 JonANNJs
1213 326 1506 374 eunomiam,
1890 327 1997 372 [mn
2018 330 2114 373 μου]

346 438 582 487 cedebant
605 449 767 482 comes
796 432 1063 480 Mirandule
1091 436 1138 480 et
1165 431 1245 478 alii
1266 429 1538 494 complures
1559 430 1760 480 comites
1787 436 1835 480 et
1859 430 2115 481 domin-iac

344 523 548 570 barones
574 517 773 565 Romani
800 531 886 564 suo
913 515 1082 564 ordine
1107 514 1392 578 equitantes

410 606 636 661 Sabbato,
663 606 688 650 3
709 600 823 648 dicti
847 599 1027 647 mensis
1049 598 1229 662 aprilis,
1254 597 1350 644 dixi
1373 599 1455 645 SS.
1484 600 1541 644 D.
1574 598 1631 645 N.
1654 557 1730 644 his
1748 595 1917 645 diebus
1939 597 2115 648 emisse

344 689 554 737 officium
575 686 717 734 unius
739 700 796 733 ex
811 682 1053 746 magistris
1071 682 1263 745 registri
1283 680 1685 744 supplicationum
1699 695 1727 727 a
1741 682 1792 728 L.
1812 680 1872 728 de
1861 682 2112 741 BertiniS,

344 770 656 835 supplicando
672 766 921 817 Sanctitati
944 782 1028 813 sue
1049 766 1194 813 obtuli
1210 765 1302 812 hoc
1325 764 1538 828 expediri
1561 763 1865 827 etplumbari
1886 765 2115 814 mandare

341 854 500 912 vellet,
526 859 573 901 et
601 850 1003 915 compositionem
1026 865 1118 912 que
1146 864 1255 896 cum
1278 848 1460 895 datario
1481 863 1567 910 pro
1587 851 1789 909 quatuor
1806 846 1991 895 ducatis
2010 847 2115 899 fieri

345 937 486 995 solet,
516 936 634 983 mihi
660 934 868 996 benigne
896 932 1182 980 remitteret.
1221 932 1403 979 Literas
1434 931 1560 993 ipsas
1591 930 1799 993 gratiose
1828 929 2043 994 expediri
2069 934 2117 978 et

341 1019 579 1083 plumbari
599 1016 858 1074 mandavit,
878 1020 924 1064 et
942 1015 1342 1078 compositionem
1362 1013 1638 1077 hujusmodi
1656 1013 1774 1060 mihi
1795 1013 1946 1061 libere
1969 1012 2118 1061 dona-

340 1103 405 1150 vit
425 1118 522 1150 non
551 1101 706 1149 solum
736 1098 821 1148 sed
849 1103 896 1146 et
924 1098 1202 1155 secretario,
1241 1101 1292 1145 ut
1323 1097 1486 1144 literas
1517 1096 1643 1160 ipsas
1673 1096 1921 1159 expediret
1946 1095 2118 1159 quibus

343 1185 501 1232 adhuc
539 1183 597 1230 ab
631 1182 776 1230 hodie
811 1197 889 1229 me
922 1181 982 1228 ad
1018 1180 1163 1230 officii
1195 1179 1470 1244 hujusmodi
1498 1179 1782 1228 exercitium
1820 1178 2114 1236 admitteret,

347 1267 603 1329 diligenter
623 1264 881 1312 commisit.

402 1349 582 1396 Eadem
607 1348 702 1406 die,
731 1346 954 1394 dominus
973 1348 1025 1392 L.
1051 1345 1108 1393 de
1133 1344 1339 1393 Bertinis
1354 1343 1668 1406 resignationi
1681 1343 2118 1407 hujusmodiinca-

347 1448 482 1479 mera
502 1430 764 1488 consensit,
789 1429 849 1476 ad
873 1429 1008 1493 cujus
1035 1428 1318 1476 exercitium
1347 1442 1455 1489 ego,
1487 1426 1562 1474 die
1587 1426 1754 1474 martis
1783 1429 1810 1473 6
1838 1426 1953 1474 dicti
1979 1442 2117 1475 men-

347 1516 410 1562 sis
431 1530 517 1578 per
535 1517 591 1562 D.
618 1513 890 1561 Gabrielem
923 1512 982 1559 de
1004 1511 1169 1559 Phano
1197 1511 1246 1557 in
1273 1510 1447 1558 eodem
1473 1509 1632 1557 officio
1666 1509 1906 1557 seniorem
1938 1509 2117 1572 magis·-

346 1603 490 1656 trum,
533 1596 739 1644 dominis
777 1595 995 1643 Johanne
1037 1594 1292 1642 Laurentio
1329 1593 1387 1640 de
1421 1593 1638 1642 Venetiis
1675 1597 1723 1641 et
1752 1592 2024 1644 Alexandro
2055 1592 2115 1645 de

347 1680 574 1728 Cortesiis
609 1679 807 1742 collegis
840 1679 955 1737 suis,
990 1678 1148 1741 potius
1176 1682 1338 1725 tamen
1360 1692 1447 1740 per
1470 1692 1547 1724 me
1575 1676 1894 1740 personaliter
1912 1676 2116 1740 requisi-

345 1764 403 1811 tis
429 1768 475 1811 et
503 1763 770 1821 consensis,
803 1762 1040 1809 admissus
1066 1760 1131 1808 fui
1157 1761 1205 1808 in
1226 1760 1421 1808 nomine
1443 1759 1652 1808 Domini.
1907 1766 1910 1769 ’

411 1847 498 1894 Die
521 1846 762 1894 dominica
783 1850 918 1893 sexta
945 1844 1311 1907 quadragesime
1340 1859 1432 1906 que
1453 1843 1721 1906 palmarum
1739 1842 1928 1901 dicitur,
1952 1846 1980 1889 4
2001 1841 2116 1891 dict-i

346 1930 526 1977 mensis
548 1929 728 1992 aprilis
755 1930 836 1976 SS.
866 1931 922 1975 D.
959 1931 1125 1975 noster
1147 1931 1341 1990 paratus
1365 1941 1498 1993 more
1526 1925 1665 1974 solito
1701 1925 1830 1973 venit
1856 1925 1923 1972 ad
1954 1925 2114 1988 capel-

343 2012 439 2059 lam
481 2011 747 2085 predictam
786 2010 866 2058 ubi
905 2010 1151 2059 benedixit
1195 2010 1378 2073 palmas
1412 2024 1546 2056 more
1586 2008 2115 2057 solit0.1nterfuerunt

345 2094 504 2142 officio
528 2094 692 2142 Urbini
719 2098 766 2142 et
795 2095 913 2142 Sore
935 2094 1081 2141 duces
1103 2109 1158 2140 ac
1180 2096 1236 2140 D.
1261 2092 1509 2140 Mauritius
1536 2092 1652 2138 Cibo
1670 2091 1816 2139 frater
1841 2093 1987 2154 Pape,
2010 2090 2116 2153 qui-

344 2178 433 2224 bus
471 2179 597 2240 Papa
625 2176 754 2225 dedit
784 2177 968 2239 palmas
1003 2181 1111 2240 post
1136 2175 1403 2223 cardinales
1424 2174 1635 2238 prelatos
1661 2173 1959 2222 assistentes
1987 2176 2116 2222 Duas

344 2260 526 2323 palmas
565 2262 691 2323 Pape
723 2264 980 2307 tenuerunt
1004 2259 1169 2307 Urbini
1203 2275 1230 2305 a
1257 2258 1436 2306 dextris
1459 2263 1506 2306 et
1533 2259 1650 2305 Sore
1679 2257 1826 2304 duces
1858 2273 1886 2304 a
1912 2256 2116 2304 sinistris

345 2346 469 2405 Pape
492 2343 538 2389 in
568 2343 687 2389 solio
717 2347 898 2391 stantes
921 2359 1036 2405 quas
1063 2341 1484 2390 vicecancellarius
1509 2340 1640 2388 dedit
1666 2340 1898 2403 pontifici.
1927 2342 2113 2404 Aquam

342 2441 428 2488 pro
450 2425 670 2471 inanibus
687 2427 830 2487 Pape,
854 2430 962 2488 post
984 2425 1252 2487 palmarum
1269 2423 1672 2480 distributionem,
1696 2422 1827 2470 dedit
1849 2425 1905 2470 D.
1930 2421 2113 2471 Rober-

343 2512 417 2555 tus
445 2511 606 2554 orator
632 2507 911 2570 imperialis,
945 2511 1063 2555 Rmo
1087 2510 1142 2554 D.
1164 2505 1558 2554 vicceancellario
1588 2505 1745 2566 ipsum
1767 2504 2035 2567 adjuvante.
2060 2506 2111 2550 In

342 2590 650 2652 processione
680 2592 736 2636 D.
765 2590 1016 2637 Mauritius
1048 2589 1182 2646 Cibo,
1207 2589 1354 2636 frater
1375 2590 1519 2650 Pape,
1546 2587 1750 2650 portavit
1777 2585 1979 2634 caudam
2005 2585 2112 2649 plu-

340 2671 474 2719 vialis
504 2673 648 2734 Pape.
678 2674 889 2734 Accepta
915 2687 1039 2734 aqua
1064 2687 1150 2734 per
1176 2671 1473 2734 pontificem,
1499 2673 1662 2716 Rmus.
1701 2673 1757 2717 D.
1794 2668 2048 2721 cardinalis
2064 2685 2107 2716 «S.

342 2754 602 2802 Clementis
634 2754 963 2802 celebraturus
1001 2750 1204 2801 accessit
1228 2754 1288 2801 ad
1320 2752 1638 2800 faldistorium
1663 2751 1761 2809 ubi,
1792 2751 1989 2799 dimissa
2009 2751 2111 2815 pla-

340 2842 469 2895 neta,
493 2837 677 2900 accepit
705 2852 905 2900 cappam
937 2853 1070 2884 suam
1099 2842 1146 2885 et
1171 2836 1407 2894 sandalia3
1438 2841 1558 2893 tum,
1592 2835 1789 2882 dimissa
1815 2850 1982 2898 cappa,
2017 2834 2109 2882 alia

341 2926 638 2983 paramenta,
664 2921 773 2968 lotis
795 2921 926 2984 prius
951 2920 1172 2967 manibus
1194 2936 1328 2968 more
1351 2919 1508 2967 solito.
1534 2921 1662 2981 Papa
1691 2917 1822 2965 dedit
1846 2917 2108 2965 celebranti

340 3018 482 3049 unam
504 3003 712 3065 palmam
736 3008 939 3052 tantum.
965 3007 1080 3051 Tres
1102 3009 1324 3051 cantores
1346 3003 1425 3065 qui
1453 3005 1705 3049 cantarunt
1730 3000 2004 3063 passionem
2023 3015 2108 3063 pa-

339 3086 429 3133 rati
464 3086 655 3134 fuerunt
694 3086 813 3133 albis
854 3088 988 3135 stolis
1020 3092 1066 3136 et
1106 3086 1363 3150 manipulis
1392 3084 1616 3133 violaceis
1650 3099 1825 3146 magna
1862 3082 2108 3145 diligentia

339 3182 472 3225 mea;
507 3169 706 3217 sacrista
731 3185 782 3218 se
811 3175 1085 3233 opponente
1110 3186 1165 3217 ac
1191 3169 1380 3217 volente
1406 3166 1534 3229 quod
1560 3166 1680 3214 albis
1706 3165 1855 3228 nigris
1879 3169 1926 3213 et
1946 3164 2106 3212 rubeis
2150 3224 2154 3228 η

338 3250 630 3311 paramentis
650 3256 791 3315 prout
823 3252 872 3299 in
897 3253 1007 3300 villa
1040 3268 1125 3300 sua
1155 3252 1262 3299 fieri
1282 3250 1403 3298 solet
1427 3254 1474 3297 et
1498 3249 1613 3296 alias
1637 3250 1686 3296 in
1709 3248 1893 3311 capella
1922 3252 2102 3306 nostra,

340 3338 507 3380 contra
527 3339 689 3383 tamen
717 3351 877 3383 meam
906 3340 953 3384 et
982 3335 1384 3399 predecessorum
1419 3346 1475 3378 ac
1512 3331 1750 3379 sociorum
1782 3345 2003 3378 meorum
2022 3344 2104 3395 voe

339 3411 589 3474 luntatem,
622 3416 709 3465 suit
731 3416 1036 3466 observatum
1061 3421 1108 3466 et
1135 3415 1277 3464 male.
1308 3413 1463 3462 Finita
1483 3413 1646 3473 missa,
1677 3414 1759 3461 SS.
1794 3415 1850 3461 D.
1881 3413 1937 3459 N.
1964 3423 2102 3477 para-
