2262 3958
366 319 434 354 426
971 318 989 353 J
994 317 1153 353 OHANN
1159 318 1200 353 IS
1235 317 1525 364 BURCHARD1‚
1804 319 2015 366 [Novembre
2036 317 2126 365 ¹49¹]

365 419 634 482 predictum
663 423 710 466 et
732 418 791 465 de
823 417 1050 466 mandato
1088 419 1169 465 SS.
1205 420 1260 465 D.
1296 420 1351 465 Νι
1376 434 1497 481 pape
1536 434 1624 482 per
1661 420 1906 468 sacristam
1945 417 2128 482 capelle

366 507 529 550 nostre
552 501 705 565 rogati
729 501 921 548 fuerunt
934 505 985 548 ut
1005 500 1131 548 inter
1153 516 1203 547 se
1226 501 1521 560 ordinarent,
1544 501 1648 564 quis
1670 517 1836 550 eorum
1856 503 2062 566 primam
2083 504 2131 550 et

368 585 472 646 quis
493 600 670 631 nonam
691 584 786 631 sive
808 583 1025 631 ultimam
1047 584 1218 632 missas
1242 585 1551 647 exequiarum
1581 584 1694 633 dicti
1716 585 1956 647 quondam
1976 584 2132 633 cardi-

367 667 860 729 nalisAndegavensis
883 667 1173 725 celebraret;
1194 671 1240 715 et
1261 667 1418 715 nullus
1440 683 1608 715 eorum
1630 667 1688 714 de
1709 667 1802 714 hoc
1823 683 1873 715 se
1894 667 2134 717 intromit-

369 753 469 796 tere
501 748 666 808 voluit,
701 750 786 797 sed
817 750 992 813 singuli
1032 750 1309 814 hujusmodi
1345 750 1516 797 missas
1548 750 1792 798 celebrare
1831 753 2130 798 recusarunt.

367 831 581 880 Tandem
620 832 865 895 predictus
905 836 1069 880 RmuS.
1113 835 1169 880 D.
1206 833 1542 881 Ulixbonensis
1577 833 1671 881 hoc
1710 848 1870 892 mane,
1911 831 2136 880 videlicet

360 917 485 980 jovis
521 919 548 963 4
579 916 870 974 novembris,
904 916 1167 980 apredicto
1211 917 1291 964 SS.
1336 920 1391 964 D.
1435 921 1600 965 nostro
1638 917 1741 964 viva
1779 930 1897 963 voce
1922 913 2132 978 'rogatus

367 999 631 1062 acceptavit
654 1015 704 1046 se
726 1000 930 1063 primam
952 999 1208 1046 missarum
1229 992 1505 1063 hujusmodi
1529 1000 1902 1062 celebraturum.

433 1082 571 1129 Feria
605 1086 753 1141 sexta,
796 1086 822 1130 4
863 1083 1044 1130 mensis
1077 1083 1367 1143 novembris,
1405 1083 1492 1131 fuit
1525 1083 1680 1146 prima
1716 1082 1819 1130 dies
1858 1082 2139 1145 exquiarum

366 1163 492 1211 bone
519 1163 753 1211 memorie
779 1163 1033 1211 cardinalis
1059 1164 1418 1227 Andegavensis
1446 1164 1494 1211 in
1523 1164 1728 1212 ecclesia
1754 1181 1792 1212 s.
1824 1165 2052 1213 Praxedis
2079 1164 2139 1213 de

368 1246 511 1293 Urbe.
537 1248 699 1292 Rmus.
731 1248 788 1293 D.
821 1245 1075 1292 cardinalis
1104 1246 1440 1293 Ulixbonensis
1467 1246 1596 1293 circa
1620 1246 1789 1293 horam
1820 1262 1900 1294 xvl
1925 1246 2054 1295 venit
2079 1246 2142 1294 ad

369 1328 642 1386 ecclesiam,
665 1328 745 1375 ubi
774 1328 995 1375 omnibus
1023 1344 1082 1376 ex
1109 1344 1243 1376 more
1271 1329 1448 1392 paratis
1476 1329 1662 1391 accepit
1686 1333 1968 1392 paramenta
1992 1332 2041 1378 et
2060 1343 2142 1378 co-

365 1411 564 1459 lebravit
585 1411 782 1459 missam
805 1412 971 1459 ordine
994 1416 1224 1460 consueto
1250 1428 1258 1459 :
1286 1428 1378 1474 qua
1398 1412 1548 1470 finita,
1575 1415 1631 1459 D.
1652 1411 1930 1460 Dominicus
1948 1411 2143 1475 Crispus

368 1494 686 1553 pistoriensis,
716 1494 910 1542 scutifer
936 1494 1059 1542 Rmi.
1084 1497 1138 1542 D.
1165 1495 1415 1543 cardinalis
1437 1494 1713 1553 AleriensiS,
1738 1494 1851 1543 fecit
1876 1494 2143 1543 orationem

366 1579 424 1625 ab
449 1578 671 1626 omnibus
700 1579 1112 1634 commendatam3
1150 1594 1243 1640 qua
1271 1578 1422 1637 finita,
1446 1579 1610 1626 RRmi.
1637 1580 1736 1625 DD.
1761 1577 2141 1636 vicancellariUS‚
2185 1584 2196 1588 ⁷

368 1660 728 1723 Neapolitanus,
773 1678 811 1708 s.
848 1662 977 1709 Petri
1023 1661 1083 1709 ad
1120 1650 1324 1710 Vincula
1366 1666 1413 1710 et
1447 1678 1485 1709 s,
1526 1661 1697 1724 Angeli
1733 1661 1947 1725 episcopi
1987 1660 2144 1710 cardi—

367 1743 501 1790 nales
520 1759 613 1790 una
634 1759 743 1791 cum
757 1744 1032 1793 celebrante
1051 1745 1376 1793 absolverunt.
1403 1745 1536 1793 Ultra
1553 1761 1671 1808 quos
1692 1744 1851 1792 officio
1865 1744 2142 1809 hujusmodi

370 1825 687 1874 interfuerunt
709 1831 756 1875 et
777 1828 856 1874 alii
878 1828 1162 1887 cardinales,
1189 1828 1409 1876 videlicet
1428 1844 1465 1875 s.
1486 1829 1763 1887 ClementiS,
1787 1829 2059 1887 Januensis,
2082 1828 2143 1877 de

370 1908 652 1967 ComitibuS‚
679 1913 1063 1968 Beneventanus,
1087 1911 1349 1958 Aleriensis
1372 1915 1418 1958 et
1440 1926 1478 1957 s.
1503 1911 1753 1958 Anastasie
1770 1910 2037 1974 presbyteri
2058 1929 2068 1969 ;
2097 1916 2144 1960 et

371 2007 409 2038 s.
451 1992 662 2055 Georgii,
700 1993 901 2041 Sabellis
935 1998 983 2041 et
1007 1994 1259 2051 Ascanius,
1296 1993 1501 2040 diaconi.
1540 1993 1762 2056 Episcopi
1792 1997 1840 2041 et
1875 1994 2144 2060 presbyteri

373 2074 640 2123 cardinales
664 2076 892 2124 sederunt
922 2077 967 2122 in
995 2092 1145 2123 cornu
1173 2076 1406 2139 evangelii
1434 2076 1546 2138 quia
1571 2076 1620 2122 in
1647 2076 1742 2124 fine
1767 2076 1942 2123 banchi
1969 2076 2144 2125 murati

373 2158 547 2221 apponi
583 2159 794 2207 feceram
829 2159 1073 2207 banchum
1105 2160 1320 2223 ligneum
1357 2159 1574 2223 ejusdem
1607 2159 1871 2207 altitudinis
1905 2173 2054 2221 usque
2085 2158 2147 2207 ad

373 2240 570 2303 gradum
593 2242 877 2305 presbyterii
894 2247 1181 2305 occupatum
1201 2258 1228 2289 a
1246 2242 1396 2290 latere
1422 2242 1635 2305 episcopi
1655 2241 1861 2289 diaconi.
1887 2241 2143 2290 Celebrans

375 2323 498 2371 sedit
537 2324 586 2371 in
627 2325 910 2383 faldistorio,
954 2326 1075 2373 facie
1113 2325 1434 2373 cardinalibus
1465 2330 1512 2373 et
1541 2326 1737 2373 renibus
1767 2325 1944 2388 populo
1976 2325 2144 2384 versis,

375 2411 517 2468 prout
539 2407 587 2453 in
608 2408 756 2455 choro
781 2408 973 2456 basilice
996 2425 1033 2454 5.
1059 2409 1186 2456 Petri
1210 2409 1536 2455 observamus.
1561 2411 1613 2454 In
1635 2408 1730 2455 fine
1758 2407 1932 2454 banchi
1959 2407 2149 2470 episco-

376 2505 547 2552 porum
563 2494 609 2538 et
620 2491 1014 2554 presbyterorum
1028 2491 1360 2549 cardinalium,
1378 2490 1500 2537 infra
1511 2490 1686 2552 gradus
1699 2489 2003 2552 presbyterii,
2023 2490 2150 2552 posi-

378 2576 478 2619 tum
500 2572 588 2620 fuit
611 2573 847 2635 pulpitum
868 2589 954 2636 pro
977 2578 1187 2621 oraturo.
1223 2573 1406 2621 Chorus
1429 2572 1624 2635 indique
1653 2572 1826 2620 tabulis
1847 2572 2037 2619 clausus
2058 2571 2148 2620 fuit

379 2658 580 2717 excepto
609 2655 733 2702 illius
754 2656 1004 2719 principali
1032 2656 1229 2703 introitu
1258 2660 1305 2704 et
1332 2655 1507 2718 angulo
1541 2655 1660 2702 solio
1690 2654 1770 2702 ubi
1797 2654 2035 2718 pulpitum
2060 2670 2146 2718 pro

380 2740 570 2784 oraturo
590 2736 801 2784 locatum
823 2743 940 2785 erat.
971 2741 1023 2785 In
1050 2738 1197 2799 choro
1228 2743 1391 2801 preter
1411 2738 1675 2785 ordinarias
1704 2736 1844 2785 sedes
1865 2737 1914 2784 in
1933 2736 2147 2799 quolibet

379 2820 528 2867 latere
562 2819 722 2867 addita
753 2820 945 2868 fuerunt
978 2820 1184 2884 duplicia
1216 2836 1430 2868 scamma
1456 2821 1515 2868 ad
1543 2819 1892 2883 longitudinem
1928 2819 2062 2866 chori
2097 2819 2145 2867 in

380 2902 550 2965 quibus
573 2902 800 2952 sederunt
820 2904 1005 2967 prelati.
1029 2907 1082 2951 In
1103 2903 1355 2951 ordinariis
1383 2903 1576 2952 sedibus
1598 2903 1658 2950 ad
1678 2902 1925 2950 dexteram
1946 2901 1995 2948 in
2014 2906 2146 2949 tran-

380 2985 437 3033 tis
461 2985 687 3034 sederunt
706 2987 875 3050 prelati
896 2987 1090 3050 palatini
1125 2992 1172 3035 ct
1198 2987 1259 3034 ad
1278 2987 1519 3035 sinistram
1550 2985 1719 3049 prelati
1753 2988 1967 3032 oratores
2003 2987 2144 3047 caput

380 3074 612 3122 facientes
633 3087 798 3120 versus
819 3071 985 3118 altare.
1024 3073 1248 3119 Oratores
1281 3069 1451 3133 prelati
1473 3068 1714 3116 banchum
1745 3066 2017 3114 habuerunt
2037 3069 2146 3130 post

381 3156 520 3204 sedes
542 3156 854 3203 diaconorum
876 3153 1190 3200 cardinalium
1213 3152 1293 3200 ubi
1316 3152 1458 3199 locati
1478 3152 1685 3198 fuerunt.
1711 3148 1998 3197 Cubicularii
2019 3151 2144 3212 Papo

380 3256 476 3286 non
522 3239 750 3288 sederunt
791 3253 878 3301 per
917 3237 1186 3300 angustiam
1236 3236 1357 3292 loci,
1397 3238 1651 3298 propterea
1690 3233 1941 3298 indignati,
1983 3245 2145 3280 reces-

384 3327 547 3369 serunt
587 3338 772 3369 omnes.
813 3323 1031 3368 Castrum
1073 3319 1250 3367 doloris
1283 3322 1612 3365 constructum
1650 3318 1734 3365 fuit
1774 3317 1900 3364 circa
1932 3313 2145 3362 medium

383 3404 586 3452 ecclesie
624 3405 822 3467 longum
851 3404 975 3450 inter
1005 3403 1252 3450 columnas
1285 3400 1552 3464 palmarum
1586 3415 1699 3447 xxxr
1735 3403 1783 3448 et
1821 3399 2008 3461 largum
2042 3393 2148 3458 pal-v
