2262 3958
169 279 438 326 [Jnnvier1489]
614 277 782 315 RERUM
817 277 1121 316 URBANARUM
1159 275 1509 314 COMMENTARII.
1886 275 1957 311 329

237 384 325 434 Die
361 383 600 447 sequenti,
644 383 823 431 festum
874 381 1158 446 Epiphanie,
1199 380 1328 428 idem
1370 378 1627 428 cardinalis
1671 378 1716 426 in
1760 377 1956 426 basilica

167 487 208 518 S.
227 467 372 528 Petri,
396 470 525 532 Papa
544 466 763 527 absente,
787 466 1109 515 cardinalibus
1130 464 1453 530 presentibUS,
1479 462 1738 518 celebravit
1755 461 1952 510 missam

168 549 457 600 solemnem.
491 551 780 598 Sermonem
804 547 918 597 fecit
945 547 1141 611 quidam
1168 547 1314 596 frater
1341 546 1522 596 ordinis
1550 562 1797 595 servorum
1818 546 1952 596 beate

169 632 338 692 Marie,
362 636 409 680 et
426 631 536 692 alia,
562 635 614 680 ut
634 631 785 680 moris
803 634 894 689 est,
921 635 1031 678 sunt
1052 631 1321 679 observata.

234 715 504 775 Dominica,
533 719 589 764 18
621 714 804 763 mensis
831 713 1060 778 januarii,
1099 720 1434 764 convenerunt
1474 717 1522 765 in
1554 733 1749 766 camera
1769 718 1954 781 majore

167 806 216 851 et
241 801 398 866 prima
422 804 532 865 post
574 799 735 848 aulam
774 798 947 846 domus
981 797 1208 861 Aciajolis
1248 798 1387 862 burgi
1437 800 1591 847 sancti
1627 801 1772 862 Petri,
1810 815 1955 864 quam

169 884 288 934 alias
315 883 586 932 inhabitare
619 881 804 929 solebat
832 880 960 929 bone
987 880 1222 929 memorie
1254 883 1312 929 D.
1349 881 1587 929 Antonius
1622 882 1682 930 de
1716 883 1955 932 Forolivio

167 981 362 1016 camere
415 964 682 1029 apostolice
731 965 959 1024 clericuS,
1011 964 1141 1013 circa
1194 965 1367 1013 horam
1419 981 1522 1025 X1x,
1573 966 1744 1029 prelati
1790 967 1954 1030 palatii

167 1048 438 1115 apostolici,
471 1052 520 1097 et
555 1048 734 1097 familie
780 1050 866 1098 SS.
909 1051 967 1097 D.
1017 1050 1074 1097 N.
1111 1064 1254 1113 pape,
1293 1052 1340 1098 et
1383 1065 1467 1097 sex
1502 1052 1795 1098 RRmorum.
1849 1053 1952 1099 DD.

163 1132 479 1184 cardinalium
533 1132 773 1182 beneficia
822 1133 873 1181 in
925 1133 1148 1181 Dominio
1195 1133 1474 1182 Florentino
1522 1133 1843 1183 obtinentium
1897 1135 1957 1183 ad

167 1218 506 1268 associandum
538 1217 680 1266 funus
724 1218 884 1267 Ursini
917 1217 975 1267 de
1013 1217 1335 1277 LanfrediniS,
1375 1217 1461 1265 filii
1493 1218 1728 1266 Johannis
1757 1219 1957 1268 Lanfre-

166 1301 284 1362 dini,
314 1301 430 1351 civis
469 1305 516 1351 et
552 1302 756 1351 oratoris
797 1302 1062 1351 Florentini
1093 1302 1422 1366 primogeniti,
1457 1302 1504 1350 in
1533 1319 1592 1351 xv
1612 1303 1685 1351 vel
1709 1303 1838 1352 circa
1871 1319 1956 1352 sue

170 1386 311 1436 etatis
340 1401 468 1436 anno
496 1387 760 1447 constituti,
793 1386 873 1451 qui
914 1401 974 1435 ex
1005 1386 1155 1435 nimio
1184 1386 1330 1448 coitu,
1357 1387 1488 1435 circa
1520 1386 1649 1435 diem
1687 1390 1747 1435 22
1776 1387 1957 1436 mensis

171 1469 448 1520 novembris
469 1470 687 1534 proxime
714 1470 948 1535 preteriti,
979 1486 1241 1535 percussus
1266 1472 1419 1531 febre,
1454 1471 1583 1520 diem
1611 1472 1784 1520 clausit
1805 1478 1960 1520 extre-

169 1569 322 1604 mum.
363 1555 502 1614 Nam,
545 1558 597 1604 ut
632 1554 827 1618 quidam
855 1555 1155 1615 asserebant,
1199 1555 1330 1605 idem
1362 1556 1623 1619 quamdam
1651 1556 1958 1620 juvenculam

170 1637 354 1703 septies
374 1654 470 1686 una
488 1638 629 1697 hora,
655 1639 733 1687 alii
755 1640 884 1703 quod
906 1639 1136 1689 undecies
1159 1656 1255 1688 una
1271 1646 1414 1690 nocte
1434 1641 1674 1706 cognovit.

236 1722 527 1791 Congregati
564 1722 760 1772 fuerunt
797 1723 847 1772 in
887 1724 980 1774 alia
1013 1740 1208 1773 camera
1243 1728 1354 1789 post
1381 1724 1650 1788 predictam
1683 1739 1794 1772 cum
1825 1728 1960 1788 patre

180 1805 395 1854 defuncti
417 1809 635 1855 oratores
657 1807 785 1870 regis
818 1807 1124 1868 Ferdinandi,
1156 1810 1455 1857 Venetorum
1477 1812 1525 1856 et
1552 1807 1687 1855 ducis
1712 1806 1956 1867 Ferrarie;

176 1889 227 1938 in
253 1889 426 1939 medio
450 1889 558 1938 aule
588 1890 802 1954 predicte
838 1907 985 1956 supra
1017 1906 1238 1940 mensam
1270 1891 1450 1941 ibidem
1484 1892 1670 1956 positus
1704 1891 1960 1940 defunctus

174 1971 369 2021 indutus
404 1971 573 2020 habitu
595 1973 840 2022 societatis
871 1976 1175 2022 Battutorum
1202 1973 1454 2038 nigrorum
1476 1975 1897 2037 discalceatorum,
1935 1993 1960 2025 a

169 2054 325 2119 capite
365 2055 428 2105 ad
457 2057 632 2121 pedes.
682 2060 787 2106 Duo
829 2058 1044 2107 scutiferi
1089 2060 1296 2119 stabant,
1346 2061 1462 2108 duas
1508 2060 1709 2121 faculaS,
1755 2062 1961 2109 duarum

166 2137 396 2188 librarum
411 2141 694 2203 quamlibet,
713 2143 958 2203 ardentes,
974 2143 1197 2192 manibus
1219 2148 1461 2203 tenenteS,
1484 2144 1678 2204 deinde,
1702 2145 1883 2209 paratis
1902 2162 1962 2194 ex

168 2237 304 2272 more
338 2223 594 2274 intorticiis
627 2230 673 2275 et
714 2227 947 2288 candeliS,
986 2227 1362 2292 precedentibus
1395 2227 1622 2276 fratribus
1661 2229 1872 2290 Araceli,
1916 2246 1956 2279 s,

168 2307 441 2371 Augustini,
479 2314 644 2359 sancte
678 2311 828 2360 Marie
857 2312 915 2360 de
951 2312 1134 2377 Populo
1170 2317 1218 2361 et
1251 2312 1538 2376 quibusdam
1569 2313 1674 2362 aliis
1705 2318 1962 2379 propterea

168 2391 348 2440 vocatis
378 2407 435 2440 ac
468 2392 768 2443 beneficiatis
800 2399 848 2444 et
881 2395 1072 2444 clericis
1106 2396 1304 2445 basilice
1340 2413 1379 2444 S.
1419 2397 1565 2456 Petri,
1596 2402 1841 2461 portatum
1875 2399 1962 2448 fuit

167 2475 310 2525 funus
344 2475 406 2525 ad
439 2475 693 2527 basilicam
731 2479 1021 2542 predictam,
1062 2480 1111 2528 in
1154 2482 1249 2545 qua
1278 2480 1487 2530 debebat
1520 2482 1732 2545 sepeliri.
1770 2483 1960 2532 Clerum

168 2561 757 2628 precedebantpauperes
780 2563 942 2629 viginti
964 2564 1209 2613 intorticia
1228 2568 1505 2628 portantes;
1527 2569 1637 2629 post
1658 2565 1760 2615 illos
1783 2567 1963 2615 sollici-

169 2646 350 2693 tatores
379 2645 631 2695 literarum
674 2648 1067 2711 apostolicarum,
1103 2649 1162 2697 de
1206 2648 1412 2713 collegio
1451 2663 1658 2712 quorum
1701 2650 1957 2700 defunctus

169 2731 290 2787 erat,
311 2727 593 2779 defunctum
608 2733 864 2795 portabant
879 2748 888 2791 ;
906 2749 991 2782 sex
1008 2749 1067 2781 ex
1086 2733 1317 2783 societate
1333 2732 1553 2798 predicta
1571 2735 1894 2796 Battutorum,
1915 2742 1962 2786 et

173 2814 382 2874 quatuor
411 2829 470 2862 ex
492 2814 881 2864 sollicitatoribus
903 2817 1150 2881 predictiS,
1177 2818 1324 2868 etiam
1345 2835 1519 2868 manus
1542 2820 1722 2869 feretro
1745 2836 1960 2884 appone-

174 2894 306 2956 bant,
330 2911 415 2945 sex
430 2913 490 2946 ex
504 2899 738 2949 societate
758 2917 816 2949 ex
833 2916 919 2950 suo
938 2917 1073 2951 more
1091 2903 1235 2950 sunus
1259 2897 1396 2967 sequi
1418 2905 1660 2965 volebant,
1684 2920 1775 2969 ego
1797 2909 1959 2954 autem

174 2979 297 3043 jussi
325 2995 410 3029 eos
440 2983 706 3046 precedere
736 2984 940 3045 debere;
977 2990 1024 3034 et
1058 2986 1336 3036 immediate
1375 2993 1484 3052 post
1515 2988 1657 3036 funus
1685 2989 1962 3052 equitarunt

173 3068 391 3112 oratores
412 3066 635 3129 predicti,
672 3068 798 3117 inter
839 3085 962 3133 quos
990 3086 1138 3135 super
1169 3071 1288 3119 alios
1321 3072 1531 3135 primum
1558 3073 1722 3121 locum
1756 3073 1961 3122 obtinuit

173 3148 458 3197 Franciscus
481 3149 596 3198 Cibo
618 3151 744 3200 filius
780 3155 931 3218 Pape;
963 3158 1072 3218 post
1095 3170 1179 3203 eos
1203 3159 1248 3204 et
1281 3170 1390 3204 cum
1429 3157 1497 3205 eis
1522 3158 1692 3222 prelati
1727 3158 1890 3222 palatii
1915 3164 1962 3207 et

169 3231 247 3281 alii
289 3233 558 3284 inordinate
595 3237 707 3300 quia
736 3239 950 3302 pluebat,
986 3242 1031 3286 et
1064 3238 1138 3286 via
1162 3239 1317 3287 brevis
1346 3244 1483 3288 erat:
1515 3241 1564 3288 in
1590 3246 1729 3305 porta
1763 3242 1960 3292 basilice

175 3315 428 3366 distribute
444 3318 638 3366 fuerunt
659 3319 859 3368 candele
883 3320 1109 3368 fratribus
1134 3325 1180 3369 et
1203 3320 1333 3369 clero
1352 3338 1487 3371 more
1504 3323 1644 3372 solito
1664 3343 1673 3372 ;
1694 3325 1835 3372 funus
1854 3341 1963 3389 por-

170 3404 324 3449 tatum
364 3401 453 3451 fuit
484 3418 573 3468 per
596 3409 815 3467 quartam
842 3409 1051 3470 portam,
1088 3405 1314 3455 videlicet
1339 3405 1471 3456 illam
1502 3424 1596 3472 que
1618 3412 1692 3458 est
1713 3409 1839 3459 inter
1855 3425 1960 3459 me-
