2262 3958
207 285 315 328 [Aont
337 282 425 327 1488}
648 283 818 322 RERUM
850 283 1156 322 URBANARUM
1191 282 1542 321 COMMENTARH.
1922 282 1993 319 313

207 405 332 446 men,
363 391 478 446 etc„
509 402 620 435 cum
649 392 954 436 sacramento
981 387 1161 452 populo
1189 387 1458 444 benedixit;
1489 387 1620 451 prius
1654 390 1834 446 autem,
1864 386 1993 434 vide-

209 472 338 530 licet,
361 469 497 518 finita
517 470 665 518 missa
685 471 832 520 etiam
847 470 1027 535 populo
1049 470 1361 519 benedixerat
1381 470 1484 518 sine
1507 470 1666 530 mitra,
1700 470 1788 519 sed
1811 473 1859 518 et
1887 469 1991 517 sine

209 558 532 604 sacramento.

275 641 328 688 1n
346 638 506 703 vigilia
526 642 574 687 et
595 637 718 687 festo
740 638 997 687 nativitatis
1021 655 1060 686 s.
1081 642 1104 686 J
1110 638 1314 686 ohannis
1331 638 1543 702 Baptiste
1563 638 1765 687 nonfuit
1787 638 1988 703 capella,

207 723 295 774 sed
311 726 442 787 Papa
457 722 546 770 fuit
566 722 647 771 illo
670 721 746 770 die
774 722 824 769 in
845 726 1002 770 castro
1026 737 1064 769 s,
1091 721 1280 784 Angeli.

187 813 190 816 ’
274 806 502 865 Sabbato‚
535 809 595 854 28
623 805 762 870 junii,
809 804 969 868 vigilia
1007 805 1338 869 apostolorum
1372 804 1500 853 Petri
1535 810 1582 853 et
1616 805 1766 865 Pauli,
1802 806 1991 854 fuerunt

210 905 412 955 vespere
426 889 624 954 papales
646 888 890 936 solemnes
907 888 957 935 in
975 888 1176 936 basilica
1194 904 1232 935 s.
1260 887 1387 936 Petri
1401 888 1459 936 de
1482 887 1628 947 Urbe,
1653 889 1712 936 ad
1728 905 1846 952 quas
1868 892 1997 953 Papa

208 973 343 1023 venit
363 976 560 1038 paratus
587 986 723 1020 more
746 970 905 1020 solito.
933 971 1209 1020 Cardinales
1231 970 1279 1018 in
1310 971 1475 1034 cappis
1499 970 1597 1018 suis
1618 971 1840 1020 facerunt
1860 987 1997 1019 reve-

210 1056 436 1115 rentiam,
463 1054 638 1103 deinde
660 1059 954 1118 acceperunt
983 1059 1268 1119 paramenta
1293 1059 1340 1102 et
1371 1056 1502 1118 Papa
1526 1054 1709 1118 incepit
1728 1069 1952 1119 vesperas
1982 1070 1991 1101 :

211 1140 385 1205 quibus
414 1139 581 1199 finitis,
613 1138 881 1188 cardinales
909 1142 957 1187 et
983 1138 1174 1202 prelati,
1204 1137 1415 1186 dimissis
1442 1138 1757 1202 paramentis,
1789 1137 1998 1186 associa-

209 1228 319 1274 runt
338 1227 518 1289 Papam
539 1223 600 1272 ad
619 1223 851 1288 palatium
874 1227 924 1271 ut
941 1223 1089 1271 moris
1113 1227 1204 1271 est.

276 1308 547 1368 Dominica,
573 1311 633 1357 29
648 1307 787 1372 junii,
812 1307 989 1355 festum
1005 1307 1334 1371 apostolorum
1357 1307 1484 1355 Petri
1507 1311 1554 1356 et
1575 1306 1726 1366 Pauli,
1753 1308 1837 1355 SS.
1864 1309 1920 1355 D.
1940 1309 1997 1356 N.

211 1396 425 1458 paratuS,
455 1395 507 1440 ut
538 1392 686 1441 moris
709 1396 799 1451 est,
823 1391 1197 1456 precedentibus
1230 1406 1394 1450 cruce,
1423 1390 1638 1454 prelatiS,
1672 1390 1995 1439 cardinalibus

211 1482 259 1527 et
279 1477 402 1536 aliis,
424 1476 554 1526 venit
579 1477 640 1525 ad
667 1476 922 1525 ecclesiam
958 1475 1383 1540 processionaliter
1415 1475 1502 1523 sub
1529 1474 1817 1523 baldachino
1838 1492 1847 1535 3
1870 1475 1997 1523 facta

212 1561 374 1610 omnia
387 1564 496 1609 ante
517 1560 685 1619 altare,
716 1560 904 1624 accepit
936 1560 984 1607 in
1013 1560 1126 1608 sede
1150 1564 1383 1608 consueta
1409 1559 1470 1607 ad
1498 1559 1817 1607 reverentiam
1839 1559 1996 1607 cardi-

212 1644 348 1694 nales
369 1648 417 1694 et
445 1644 656 1709 prelatos
687 1646 896 1708 paratos.
930 1643 1113 1692 Deinde
1152 1643 1280 1708 cepit
1319 1643 1527 1703 tertiam,
1557 1646 1604 1691 et
1624 1643 1715 1692 alia
1746 1643 1998 1692 observata

213 1732 325 1777 sunt
349 1733 493 1793 prout
523 1728 572 1776 in
609 1727 936 1777 ceremoniali.
976 1727 1132 1775 Finita
1158 1727 1324 1786 missa,
1360 1730 1490 1791 Papa
1513 1727 1654 1776 rediit
1680 1727 1741 1775 ad
1767 1727 1996 1791 palatium

210 1811 311 1871 ubi,
339 1811 389 1859 in
425 1811 534 1860 aula
554 1811 856 1876 pontificum,
883 1812 1130 1860 osculatus
1171 1827 1276 1859 sum
1312 1811 1488 1876 pedem
1515 1812 1791 1860 Sanctitatis
1824 1829 1926 1872 sue,
1952 1818 1997 1860 et

211 1895 395 1945 obtinui
440 1895 732 1960 repatriandi
783 1900 830 1944 et
883 1896 1116 1944 redeundi
1162 1896 1266 1959 (per
1319 1900 1471 1943 totum
1514 1911 1735 1944 mensem
1785 1897 1997 1945 octobris

210 1979 429 2045 proxime
447 1979 678 2041 futurum)
706 1980 968 2029 licentiam.
1015 1999 1018 2001 ’

276 2063 416 2113 Feria
433 2064 662 2125 secunda,
686 2067 747 2113 30
763 2064 904 2128 junii,
928 2064 1057 2113 circa
1073 2065 1245 2113 horam
1266 2081 1405 2113 xxun
1429 2066 1549 2115 exivi
1573 2066 1770 2124 Urbem,
1794 2064 1997 2129 patriam

210 2145 504 2207 visitaturus,
529 2147 616 2195 Dei
638 2148 808 2212 gratia.

279 2231 428 2280 Die...
450 2231 632 2280 mensis
650 2232 774 2296 julii,
801 2235 966 2282 RmuS.
988 2234 1038 2281 in
1060 2234 1251 2282 Christo
1271 2237 1323 2282 P.
1344 2237 1401 2282 D.
1427 2233 1651 2282 dominus
1670 2235 1839 2281 Petrus
1859 2249 1999 2281 sanc-

211 2320 370 2365 torum
391 2317 565 2364 Cosme
596 2318 643 2363 et
674 2315 915 2375 Damiani,
943 2315 1175 2365 diaconus
1209 2315 1465 2365 cardinalis
1493 2314 1551 2362 de
1583 2316 1715 2362 Fuxo
1742 2317 2001 2381 vulgariter

208 2403 535 2463 nuncupatus,
575 2398 778 2446 recessit
804 2415 863 2446 ex
897 2400 1022 2447 Urbe
1051 2400 1204 2448 iturus
1241 2399 1493 2464 Neapolim
1525 2398 1801 2447 visitaturus
1834 2417 2000 2465 regem

209 2482 580 2548 Neapolitanum
605 2497 692 2545 pro
715 2482 911 2546 speciali
939 2483 1170 2533 amicitia.

277 2562 418 2616 Feria
438 2569 627 2630 quarta,
653 2569 710 2615 13
733 2567 915 2616 mensis
947 2568 1156 2632 augusti,
1178 2572 1232 2617 R.
1260 2572 1317 2617 D.
1344 2572 1515 2618 Petrus
1546 2570 1723 2619 Paulus
1746 2571 2001 2635 episcopus

210 2668 250 2700 s.
286 2650 494 2717 Agathe,
531 2652 702 2710 Rome,
736 2650 784 2698 in
814 2652 1005 2716 maJ'ore
1043 2653 1228 2718 capella
1259 2653 1423 2718 palatii
1453 2655 1704 2718 apostolici
1745 2655 2002 2704 celebravit

210 2735 410 2784 missam
449 2733 759 2783 anniversarii
804 2736 962 2784 obitus
999 2737 1153 2786 felicis
1192 2738 1540 2787 recordationis
1582 2739 1700 2787 Sixti
1733 2755 1857 2803 pape
1895 2741 1996 2798 1111,

209 2834 335 2884 papa
365 2823 593 2883 presente
615 2823 663 2868 et
682 2819 1022 2869 cardinalibus,
1050 2824 1180 2886 Papa
1204 2822 1406 2887 absolvit
1422 2828 1532 2885 post
1558 2822 1756 2871 missam
1780 2827 1832 2870 ut
1851 2822 2000 2871 moris

211 2908 302 2963 est,
327 2903 414 2972 sed
434 2903 483 2951 in
504 2919 676 2969 cappa,
700 2909 842 2969 prout
863 2904 912 2952 in
933 2905 1081 2953 missa
1102 2905 1206 2966 fuit,
1231 2922 1330 2954 non
1349 2906 1396 2953 in
1415 2906 1625 2970 pluviali.

277 2987 418 3036 Feria
439 2992 590 3048 sexta,
621 2992 676 3037 15
701 2988 883 3037 mensis
902 2988 1110 3053 augusti,
1133 2989 1312 3038 festum
1333 2990 1675 3054 assumptionis
1698 2991 1836 3038 beate
1852 2990 2000 3038 Marie

210 3070 423 3135 virginis.
455 3073 511 3119 R.
533 3073 582 3119 P.
607 3073 666 3119 D.
688 3071 935 3120 Johannes
958 3072 1216 3136 episcopus
1245 3074 1564 3122 Tornacensis
1581 3073 1694 3122 fecit
1719 3073 1933 3122 officium
1953 3074 2002 3121 in

212 3153 398 3217 capella
411 3153 596 3218 majore
617 3154 780 3218 palatii
798 3154 1065 3218 apostolici,
1096 3157 1225 3219 Papa
1242 3160 1487 3219 presente,
1510 3173 1608 3205 non
1634 3161 1795 3205 tamen
1811 3156 2004 3221 pontifi-

213 3236 384 3286 caliter
403 3237 487 3285 sed
507 3242 673 3287 manto
694 3241 883 3287 tantum
904 3244 1090 3304 parato,

278 3321 415 3369 Feria
435 3324 586 3382 sexta,
612 3324 672 3370 29
694 3323 876 3372 mensis
902 3324 1109 3388 augusti,
1142 3323 1319 3373 festum
1348 3325 1684 3373 decollationis
1705 3342 1744 3373 s.
1768 3325 2002 3374 Johannis

214 3405 447 3470 Baptiste,
485 3405 873 3459 anniversarium¹
894 3409 1236 3473 assumptionis
1263 3410 1348 3460 SS.
1381 3411 1438 3458 D.
1472 3411 1528 3458 N.
1556 3424 1698 3473 pape,
1737 3411 1905 3459 Rmus,
1941 3411 1997 3457 D.
