2262 3958
313 357 381 391 484
916 351 1147 388 JOHANNIS
1183 350 1476 396 BURCHARDI,
1886 357 1965 403 [nai
1989 357 2083 404 1492]

315 456 536 504 Officium
557 455 669 503 fecit
689 458 852 502 Rmus.
876 456 933 500 D.
959 440 1213 501 cardinalis
1233 469 1271 500 s.
1295 453 1573 511 ClementiS,
1596 459 1643 503 et
1656 457 1815 506 omnia
1832 459 2082 508 observata

315 542 425 586 sunt
454 553 589 585 more
624 537 782 584 solito.
824 536 991 583 Finitis
1029 535 1256 599 vesperis,
1295 535 1353 583 de
1385 534 1610 584 mandato
1641 537 1723 585 SS.
1757 541 1813 586 D.
1847 543 1902 589 N.
1936 557 2078 605 pape,

315 620 578 684 significavi
609 619 830 667 omnibus
860 619 1052 666 RRmis.
1081 620 1181 666 DD.
1218 617 1540 665 cardinalibus
1577 619 1707 681 quod
1739 623 1967 671 sanctitas
1999 639 2084 671 sua

315 702 592 750 intendebat
613 717 718 750 cras
738 701 860 749 liora
876 717 1004 749 nona
1024 716 1129 750 esse
1152 702 1199 749 in
1222 701 1427 750 ecclesia
1448 702 1588 749 beate
1612 702 1761 751 Marie
1792 703 1850 752 de
1878 706 2078 769 Populo,

315 789 571 848 propterea
599 788 798 847 possent
827 783 917 847 ipsi
948 783 1087 831 citius
1125 784 1185 832 ad
1218 784 1447 848 palatium
1482 785 1643 833 venire
1679 785 1751 834 vel
1779 785 1860 834 illa
1889 787 2009 836 hora
2034 789 2083 836 in

315 867 442 916 dicta
463 868 669 916 ecclesia
690 882 814 915 esse.

380 951 517 999 Feria
537 950 717 1013 quinta,
744 952 797 996 31
823 950 954 1007 111611,
976 951 1096 998 sesto
1118 952 1427 1000 Ascensionis
1449 954 1505 999 D.
1528 954 1584 999 N.
1603 955 1717 1000 Jesu
1740 953 1933 1013 Christi,
1957 953 2086 1002 bono

316 1048 474 1091 mane,
501 1033 581 1080 SS.
607 1035 663 1079 D.
696 1034 751 1079 N.
784 1031 976 1080 indutus
999 1034 1191 1092 amictu,
1217 1034 1340 1092 alba,
1362 1035 1571 1098 cingulo,
1598 1035 1720 1083 stola
1738 1036 1960 1099 preciosa
1977 1036 2085 1086 alba

317 1132 460 1178 supra
504 1114 817 1178 capuccinum
853 1114 1037 1175 album,
1077 1117 1446 1180 precedentibus
1483 1133 1625 1166 cruce
1662 1123 1708 1166 et
1741 1119 2082 1180 cardinalibus,

315 1199 444 1247 venit
465 1199 524 1246 ad
546 1199 801 1247 ecclesiam
824 1200 964 1246 beate
986 1200 1135 1248 Marie
1156 1201 1214 1248 de
1242 1200 1440 1263 Populo,
1464 1216 1562 1248 non
1591 1216 1678 1264 per
1701 1202 1823 1250 viam
1850 1203 2082 1262 fluminis,

316 1281 401 1329 sed
425 1286 534 1330 ante
562 1282 816 1329 ecclesiam
845 1297 883 1328 s,
919 1281 1061 1341 Celsi,
1092 1283 1254 1330 Turris
1283 1284 1572 1347 Sanguinee,
1603 1284 1798 1333 domum
1825 1286 2082 1336 cardinalis

316 1366 694 1431 Portugalensis,
729 1366 902 1414 deinde
930 1367 1003 1414 via
1039 1371 1186 1414 recta.
1221 1369 1365 1414 Fac-ta
1396 1367 1444 1414 in
1475 1367 1600 1415 dicta
1628 1367 1833 1416 ecclesia
1864 1371 2079 1420 oratione

315 1455 424 1499 ante
447 1450 614 1509 altare,
641 1454 855 1498 extracto
872 1450 960 1498 sibi
983 1450 1261 1513 capuccino,
1288 1454 1475 1498 retenta
1500 1450 1638 1509 stola,
1669 1452 1854 1514 accepit
1875 1451 2086 1516 desuper

315 1533 515 1597 pluviale
545 1533 821 1596 preciosum
851 1537 897 1581 et
924 1533 1115 1581 mitram
1142 1533 1446 1596 preciosam3
1482 1534 1675 1582 interim
1703 1533 1883 1582 ibidem
1913 1550 2081 1584 omnes

316 1616 582 1664 cardinales
619 1620 666 1665 et
698 1616 870 1680 prelati
903 1616 1028 1664 intra
1060 1621 1107 1664 et
1144 1621 1278 1664 extra
1316 1615 1571 1664 ecclesiam
1614 1620 1905 1680 acceperunt
1942 1633 2083 1680 para-

317 1704 481 1748 menta
501 1700 591 1747 sibi
613 1700 964 1758 convenientia,
991 1704 1037 1748 et
1062 1699 1293 1747 officiales
1321 1698 1670 1762 superpellicia.
1696 1700 1814 1746 Tum
1836 1700 1918 1747 88.
1941 1701 1998 1748 D.
2023 1702 2079 1748 N.

315 1783 738 1846 processionaliter
770 1783 915 1842 venit,
952 1788 1114 1831 tamen
1147 1783 1250 1830 sine
1281 1781 1567 1831 baldachino
1596 1786 1795 1845 propter
1825 1782 2084 1831 maximam

314 1882 587 1929 pressuram
618 1867 800 1930 populi,
842 1867 1210 1931 precedentibus
1260 1865 1562 1923 officialibuS,
1604 1880 1764 1923 cruce,
1800 1865 1996 1929 prelatis
2037 1870 2086 1914 et

313 1948 633 1996 cardinalibus
649 1965 704 1996 ac
720 1948 823 1996 aliis
835 1964 969 1996 more
989 1948 1128 1995 solito
1146 1952 1280 1996 extra
1296 1952 1483 2011 portam
1509 1948 1566 1996 de
1591 1949 1771 2014 Populo
1794 1949 1854 1997 ad
1875 1949 2083 2013 spatium

313 2031 629 2095 quadraginta
653 2032 728 2080 vel
758 2031 886 2078 circa
902 2045 1148 2094 passuum,
1174 2029 1254 2077 ubi
1279 2029 1468 2077 stabant
1485 2028 1660 2078 vRRmi.
1686 2033 1786 2078 DD.
1813 2030 2082 2080 cardinales

314 2130 351 2160 5.
391 2115 517 2162 Petri
543 2114 602 2162 ad
619 2114 823 2163 Vincula
852 2119 899 2161 et
923 2113 1259 2161 Ulixbonensis
1279 2111 1327 2159 in
1346 2111 1443 2159 suis
1458 2112 1769 2175 paramentis,
1792 2127 1902 2159 cum
1918 2126 2084 2160 eorum

314 2196 522 2255 familiis,
546 2196 758 2260 pluribus
781 2196 1033 2248 intorticiis
1067 2196 1361 2244 ardentibus,

375 2281 802 2344 Appropinquante
843 2282 924 2328 SS.
966 2282 1021 2327 D.
1060 2282 1098 2328 N
1108 2317 1137 2339 „
1167 2284 1510 2343 processerunt
1537 2279 1649 2327 dicti
1684 2279 1781 2328 duo
1815 2281 2081 2330 cardinales

312 2363 474 2426 legati,
505 2363 566 2410 ad
596 2363 822 2411 Narniam
851 2363 943 2410 hac
974 2363 1032 2412 de
1063 2379 1208 2411 causa
1233 2378 1389 2426 nuper
1417 2362 1570 2422 missi,
1607 2363 1667 2412 ad
1702 2365 1749 2411 S.
1783 2366 1838 2411 D.
1869 2366 1942 2423 N.;
1969 2367 2015 2413 et
2035 2381 2074 2413 s.

315 2445 439 2493 Petri
473 2445 532 2492 ad
560 2445 765 2494 Vincula
794 2446 976 2493 ferrum
1006 2445 1055 2492 111
1087 2446 1396 2495 tabernaculo
1424 2446 1702 2505 cristallino,
1743 2448 1871 2509 quod
1903 2448 1953 2495 in
1979 2449 2080 2496 suis

312 2524 532 2574 manibus
561 2527 770 2580 tenebat,
803 2529 885 2574 SS.
921 2530 977 2574 D.
1009 2530 1047 2575 N
1057 2566 1087 2581 .,
1131 2529 1415 2590 quibusdam
1446 2528 1670 2576 brevibus
1705 2529 1862 2577 verbis
1893 2530 1952 2578 ad
1986 2530 2080 2578 hoc

312 2610 654 2658 convenienter
675 2609 973 2672 compositis,
999 2611 1185 2658 obtulit.
1211 2612 1293 2659 SS.
1319 2614 1376 2659 D.
1402 2614 1440 2660 Ν
1448 2650 1479 2670 .,
1513 2611 1732 2675 deposita
1751 2613 1910 2672 mitra,
1935 2613 2080 2662 etiam

311 2693 532 2741 brevibus
552 2692 707 2741 verbis
731 2692 994 2755 respondit,
1017 2694 1201 2757 accepit
1221 2695 1581 2743 tabernaculum
1600 2711 1710 2743 cum
1728 2697 1875 2757 ferro,
1899 2701 1947 2745 et
1964 2697 2083 2746 illud

312 2775 554 2824 osculatus
575 2780 648 2824 est
670 2780 960 2823 reverenter.
982 2776 1096 2825 Inde
1118 2777 1342 2840 imposita
1354 2783 1425 2827 est
1445 2782 1571 2843 Pape
1593 2781 1752 2841 mitra,
1772 2785 1819 2829 et
1833 2781 2078 2844 processio

312 2874 394 2921 per
415 2862 605 2907 Rmum.
633 2861 688 2906 D.
716 2859 1035 2907 camerarium
1066 2859 1302 2919 ordinata,
1334 2860 1394 2908 ad
1421 2877 1565 2923 quam
1598 2864 1726 2925 Papa
1755 2878 1853 2910 non
1881 2877 2081 2927 compo-

312 2940 404 2987 suit
434 2941 686 2989 incensum
709 2957 865 3004 neque
899 2940 946 2987 in
978 2939 1183 2988 ecclesia
1217 2941 1275 2989 de
1308 2941 1507 3004 Populo,
1541 2958 1698 3004 neque
1731 2947 1865 2991 extra
1892 2926 2081 3006 portffi

312 3027 506 3085 propter
531 3023 788 3071 tumultum
817 3023 932 3070 cleri
967 3023 1130 3081 Urbis,
1163 3039 1271 3071 cum
1309 3024 1639 3085 societatibus,
1680 3025 1776 3074 sive
1809 3023 2080 3073 confratriis

312 3105 593 3164 Salvatoris,
631 3104 954 3164 Annunciate,
998 3105 1270 3154 Confalonis
1311 3110 1358 3153 et
1389 3105 1605 3168 pluribus
1640 3107 1743 3154 aliis
1774 3123 1783 3154 :
1826 3106 2078 3154 hincinde

311 3187 472 3235 omnia
491 3203 577 3251 per
598 3188 853 3236 ecclesiam
876 3192 1011 3236 erant
1034 3188 1082 3235 in
1103 3192 1233 3236 tanta
1263 3187 1545 3237 confusione
1565 3189 1694 3251 quod
1715 3189 1967 3253 plusquam
1993 3204 2080 3252 per

309 3270 477 3317 horam
490 3271 852 3334 processionem
875 3271 1130 3319 retardavit
1151 3276 1406 3333 antequam
1418 3277 1582 3335 posset
1602 3288 1688 3336 per
1703 3276 1892 3320 Rmum.
1918 3274 1974 3320 D.
1999 3288 2080 3320 ca-

311 3354 569 3402 merarium
592 3354 801 3402 ordinari
818 3372 827 3412 3
846 3370 958 3402 nam
975 3354 1229 3402 societates
1246 3353 1472 3401 nolebant
1496 3354 1630 3416 sequi
1650 3355 1850 3412 clerum,
1875 3358 1922 3403 et
1934 3354 2078 3402 etiam

308 3434 435 3483 inter
456 3452 505 3484 se
538 3453 681 3500 super
713 3437 1023 3500 precedentia
1046 3435 1428 3493 contendebant3
1460 3437 1654 3485 tandem
1676 3440 1813 3485 Rmo.
1839 3439 1895 3484 D.
1923 3435 2076 3484 cardi-
