2262 3958
157 281 263 322 [Mars
284 278 376 321 ¹492]
600 276 768 314 RERUM
801 276 1106 314 URBANARUM
1140 275 1490 313 COMMENTARH.
1869 278 1938 312 457

154 382 258 431 lito.
273 380 448 430 Prelati
464 381 694 429 sederunt
710 380 757 428 in
774 380 924 429 choro
941 379 1140 427 fratrum
1155 397 1164 437 ;
1182 382 1398 428 oratores
1418 379 1646 427 sederunt
1661 382 1771 442 post
1787 378 1935 426 finem

157 463 332 515 banchi
353 464 669 513 diaconorum
691 464 1007 512 cardinalium
1029 463 1077 510 in
1100 462 1288 511 bancho
1308 466 1579 510 transverso
1601 478 1754 525 usque
1775 462 1836 510 ad
1857 477 1937 510 os-

158 547 276 597 tium
298 547 435 596 chori
457 551 504 596 et
521 552 738 596 oratores
755 547 864 595 laici
884 546 1093 602 insimili
1110 546 1299 595 bancho
1316 551 1363 593 et
1381 561 1409 593 a
1426 546 1521 594 fine
1542 546 1732 595 banche
1752 545 1937 608 episco-

155 645 330 694 porum
350 635 400 679 et
417 631 715 694 prelatorum
729 629 900 694 posita.
919 629 1026 677 Alia
1046 629 1209 677 omnia
1226 644 1361 677 more
1380 629 1519 677 solito
1537 634 1648 678 sunt
1663 629 1930 678 observata.

222 712 404 762 Eadem
425 713 521 773 die,
544 696 761 778 prefatus
783 715 951 760 Rmus.
978 713 1033 758 D.
1054 711 1308 759 cardinalis
1322 712 1382 759 de
1396 712 1596 759 Medicis
1611 713 1739 761 circa
1759 713 1931 773 horam

158 798 439 861 vigesimam
461 796 551 844 sibi
571 797 851 860 deputatam
871 794 1072 842 visitavit
1095 796 1177 842 SS.
1205 796 1262 841 D.
1289 796 1344 840 N.
1366 800 1414 842 et
1435 797 1640 843 RRmos.
1666 798 1765 842 DD.
1783 795 1935 843 cardi-

156 881 290 930 nales
305 884 471 930 sancte
492 877 744 928 Anastasie
767 880 815 924 et
838 875 989 924 sancti
1006 874 1267 924 Clementis
1285 893 1295 932 ;
1314 875 1440 923 venit
1454 891 1541 939 per
1567 875 1766 923 domum
1785 877 1935 924 cardi-

155 965 458 1014 nalissancte
477 961 626 1009 Marie
644 960 690 1007 in
716 952 924 1018 Porticu,
950 974 1096 1022 quem
1123 958 1271 1006 voluit
1287 958 1504 1017 visitare;
1530 958 1617 1007 sed
1636 973 1733 1006 non
1755 959 1842 1006 fuit
1862 975 1939 1006 re-

151 1049 318 1110 pertus
349 1045 399 1093 in
424 1044 587 1092 domo.
625 1045 804 1091 Omnes
833 1042 1103 1091 cardinales
1124 1041 1326 1106 predicti
1360 1041 1553 1100 visitati,
1587 1056 1699 1090 cum
1725 1041 1935 1105 primum

149 1127 404 1177 cardinalis
423 1127 484 1177 de
501 1126 701 1176 Medicis
731 1126 892 1174 aulam
923 1125 1257 1175 descendisset
1279 1130 1326 1174 et
1347 1125 1438 1190 ipsi
1460 1125 1648 1174 obviam
1668 1125 1933 1183 venissent,

151 1211 373 1260 fecerunt
393 1210 439 1260 ei
460 1225 663 1275 cappam
685 1209 1037 1259 cardinalarem
1069 1210 1274 1270 extrahi,
1309 1214 1513 1275 excepto
1539 1209 1938 1259 vicecancellario

148 1295 231 1360 qui
252 1310 364 1344 eum
391 1309 546 1359 usque
568 1294 630 1343 ad
650 1310 897 1343 cameram
919 1310 1055 1343 suam
1075 1295 1122 1342 in
1147 1310 1300 1359 cappa
1322 1294 1570 1343 conduxit.

215 1378 359 1428 Feria
378 1377 610 1437 secunda,
637 1381 696 1426 26
719 1378 832 1426 dicti
861 1378 1043 1427 mensis
1074 1378 1252 1437 martii,
1283 1378 1372 1426 fuit
1400 1378 1740 1427 consistorium
1777 1392 1939 1425 secre-

149 1466 270 1523 tum,
302 1462 353 1511 in
381 1478 479 1527 quo
511 1461 598 1510 suit
628 1461 848 1511 clausum
882 1478 935 1510 os
969 1464 1108 1510 Rmo.
1142 1465 1201 1510 D.
1241 1462 1471 1510 cardinali
1493 1463 1553 1512 de
1577 1462 1792 1511 Medicis.
1824 1461 1939 1510 Post

147 1546 405 1610 prandium
424 1546 554 1595 idem
577 1546 852 1606 cardinalis,
884 1545 1179 1594 transeundo
1201 1546 1340 1610 juxta
1369 1546 1567 1595 domum
1595 1545 1850 1596 cardinalis
1878 1546 1936 1593 de

149 1629 354 1690 Ursinis,
376 1635 425 1678 ut
445 1645 556 1679 eum
571 1629 803 1684 visitaret,
822 1646 919 1677 non
936 1631 1116 1694 reperit
1141 1647 1252 1678 eum
1279 1631 1327 1678 in
1342 1631 1488 1678 domo
1506 1649 1516 1688 3
1539 1630 1743 1678 visitavit
1761 1629 1935 1678 deinde

151 1714 438 1774 Senemem,
457 1714 846 1778 Neapolitanum,
869 1714 1602 1775 Rechanatensem,Ascanium,
1624 1717 1936 1763 parmensem

147 1799 196 1844 et
217 1795 558 1854 camerarium,
584 1811 694 1843 cum
715 1811 813 1859 quo
835 1796 1016 1860 reperit
1038 1797 1183 1844 etiam
1205 1796 1499 1845 cardinalem
1523 1782 1748 1845 Ursinum
1771 1797 1851 1863 (1).
1932 1797 1937 1802 ’

158 1917 168 1924 .
210 1879 350 1930 Feria
368 1880 553 1944 quinta,
579 1883 639 1928 29
664 1879 885 1944 ejusdem
908 1880 1090 1927 mensis
1112 1880 1288 1938 martii,
1315 1880 1442 1928 circa
1463 1880 1635 1928 horam
1653 1881 1934 1944 vigesimam

143 1964 368 2030 primam,
400 1967 641 2013 venerunt
669 1964 729 2012 ad
758 1963 939 2012 Urbem
968 1966 1067 2012 RR.
1099 1963 1148 2011 in
1180 1963 1369 2012 Christo
1403 1969 1564 2028 patres
1599 1964 1781 2012 domini
1807 2003 1932 2025 .....,

143 2051 362 2096 oratores
384 2045 698 2095 illustrissimi
720 2046 848 2110 regis
876 2046 1075 2094 Polonie
1106 2062 1195 2110 pro
1226 2047 1376 2095 rebus·
1397 2063 1573 2111 magne
1601 2048 1929 2112 importantie,

143 2134 196 2179 ut
227 2129 530 2187 asserebant,
566 2129 627 2178 ad
657 2129 1008 2193 rempublicam
1045 2130 1376 2189 christianam,
1412 2146 1609 2179 causam
1637 2147 1934 2181 concernere

142 2214 228 2262 SS.
254 2215 313 2261 D.
337 2214 395 2262 N.
421 2227 614 2277 papam,
646 2212 798 2270 missi,
835 2215 948 2260 ante
973 2227 1180 2275 quorum
1206 2212 1461 2260 adventum
1498 2216 1665 2262 Rmus.
1694 2217 1748 2262 D.
1775 2215 1932 2262 cardi-

141 2295 264 2344 nalis
288 2295 716 2344 vicecancellarius
747 2295 809 2343 ad
835 2310 980 2358 quem
1015 2311 1100 2343 rex
1133 2295 1332 2343 Polonie
1369 2311 1456 2359 pro
1488 2296 1633 2345 rebus
1667 2297 1933 2361 majestatis

142 2394 227 2428 sue
256 2383 306 2426 et
326 2378 430 2442 ejus
460 2393 665 2442 regnum
690 2377 1099 2426 concernentibus
1122 2393 1374 2426 recursum
1408 2377 1594 2439 habuit,
1619 2379 1932 2443 interrogavit

141 2477 220 2510 me
247 2477 310 2510 an
341 2461 522 2510 familie
551 2462 771 2510 omnium
793 2461 1108 2510 cardinalium
1130 2467 1178 2510 et
1200 2463 1286 2510 SS.
1317 2464 1374 2510 D.
1401 2463 1457 2510 N.
1482 2477 1605 2526 pape
1642 2463 1710 2510 eis
1738 2463 1931 2512 obviam

140 2546 374 2595 mittende
405 2549 585 2605 essent,
618 2545 692 2594 vel
715 2560 838 2603 non;
864 2548 1043 2594 etcum
1066 2544 1470 2594 reverendissime
1494 2546 1822 2595 Dominationi
1844 2563 1930 2598 sue

141 2629 466 2678 declarassem
490 2629 619 2692 quod
654 2644 772 2687 non,
806 2634 854 2678 et
881 2644 1029 2692 quare
1066 2644 1164 2677 non
1199 2634 1364 2677 essent
1397 2629 1650 2688 mittende,
1688 2630 1932 2680 commisit

139 2711 258 2760 mibi
284 2716 339 2760 nt
371 2713 457 2760 SS.
493 2714 550 2759 D.
588 2714 646 2759 N.
681 2712 1004 2775 supplicarem
1034 2713 1164 2776 quod
1203 2712 1374 2761 saltem
1412 2712 1599 2761 duobus
1625 2714 1822 2777 prelatis
1845 2714 1934 2763 do-

139 2794 354 2843 mesticis
377 2794 618 2843 Sanctitas
646 2809 733 2842 sua
758 2795 1034 2843 comitteret
1057 2796 1241 2860 privato
1263 2795 1460 2844 nomine
1494 2796 1610 2860 ipsis
1633 2797 1823 2845 obviam
1847 2811 1932 2846 ve-

187 2921 221 2957 ¹.
250 2918 304 2956 On
334 2919 395 2956 n’a
423 2930 490 2967 pas
525 2918 569 2955 de
598 2918 814 2955 documents
842 2918 962 2967 precis
992 2931 1056 2956 sur
1077 2919 1276 2958 l'entrevue
1308 2921 1375 2959 des
1410 2921 1509 2959 deux
1538 2922 1735 2959 cardinaux
1765 2923 1854 2959 Jean
1884 2923 1931 2960 de

137 2978 290 3016 Medicis
307 2982 345 3016 et
362 2978 411 3015 R.
431 2978 569 3015 Riario.
591 2978 702 3015 Selon
724 2981 826 3014 toute
845 2977 1144 3025 vraisemblanee,
1161 2979 1228 3016 elle
1243 2980 1309 3017 dut
1323 2983 1399 3018 etre
1418 2993 1511 3029 pour
1524 2982 1666 3018 chacun
1686 2982 1797 3018 d'eux
1810 2982 1930 3030 pleine

136 3039 183 3076 de
203 3042 298 3087 gene
319 3043 357 3077 et
376 3038 420 3076 de
442 3041 602 3075 reserve.
623 3037 643 3074 J
648 3048 716 3074 ean
740 3036 785 3073 de
805 3037 959 3073 Medicis
980 3049 1020 3074 se
1039 3038 1200 3075 trouvait
1222 3050 1270 3083 en
1287 3043 1463 3088 presence
1484 3041 1571 3077 d'un
1593 3041 1657 3077 des
1678 3040 1847 3088 conjures
1867 3041 1931 3090 qui

137 3098 281 3136 avaient
300 3098 488 3135 assassine
510 3109 576 3135 son
597 3097 701 3134 oncle
720 3097 739 3134 J
745 3095 841 3133 ulien
864 3102 900 3133 et
921 3099 1019 3133 tente
1038 3097 1083 3133 de
1104 3101 1186 3134 tuer
1205 3109 1272 3135 son
1288 3102 1386 3147 pere,
1403 3100 1520 3148 lequel
1532 3100 1630 3137 avait
1644 3112 1687 3136 eu
1707 3104 1880 3149 pourtant
1896 3100 1931 3136 la

136 3154 399 3205 magnanimite
425 3155 470 3191 de
498 3157 670 3203 proteger
694 3165 735 3191 ce
759 3159 876 3193 meme
903 3156 1028 3193 Riario
1048 3162 1174 3194 contre
1197 3157 1232 3194 la
1259 3158 1381 3195 fureur
1399 3159 1444 3196 de
1463 3159 1498 3196 la
1517 3160 1613 3196 foule
1641 3159 1703 3208 qui
1733 3158 1869 3196 voulait
1895 3158 1926 3196 le

135 3219 263 3252 mettre
283 3225 329 3252 en
347 3213 483 3263 pieees.
506 3212 554 3251 Ce
577 3214 750 3252 souvenir
774 3215 947 3264 sang-lant
972 3227 1011 3252 se
1033 3215 1191 3259 trouvait
1209 3217 1330 3254 ravive
1356 3229 1422 3266 par
1450 3223 1545 3256 cette
1565 3219 1830 3265 circonstance,
1849 3223 1886 3258 et
1906 3219 1931 3257 il

134 3279 192 3313 est
213 3273 491 3313 vraisemblable
519 3285 591 3323 que
616 3274 651 3311 la
670 3276 846 3324 presence
875 3275 924 3312 du
953 3275 1116 3312 cardinal
1138 3275 1284 3322 Orsino,
1308 3277 1390 3314 allie
1416 3289 1489 3315 aux
1515 3279 1682 3325 Medicis,
1705 3279 1832 3317 n'etait
1860 3291 1927 3328 pas

136 3335 282 3372 fortuite
300 3333 392 3371 mais
412 3333 510 3372 avait
529 3345 622 3384 pour
641 3334 708 3371 but
720 3335 764 3371 de
784 3335 916 3373 rendre
935 3335 1054 3372 moins
1070 3335 1215 3383 penible
1233 3336 1267 3372 la
1286 3336 1393 3374 visite
1404 3337 1617 3386 obligatoire
1629 3351 1698 3387 que
1713 3341 1744 3376 le
1759 3350 1925 3377 nouveau

134 3394 296 3432 cardinal
315 3394 403 3432 etait
414 3400 503 3432 tenu
523 3395 568 3431 de
586 3394 674 3431 faire
694 3397 716 3431 a
738 3405 804 3432 son
822 3395 986 3444 collegue
1004 3395 1142 3433 Riario.
