<?xml version="1.0" encoding="UTF-8"?>
<!DOCTYPE html PUBLIC "-//W3C//DTD XHTML 1.0 Transitional//EN"
    "http://www.w3.org/TR/xhtml1/DTD/xhtml1-transitional.dtd">
<html xmlns="http://www.w3.org/1999/xhtml" xml:lang="en" lang="en">
 <head>
  <title>
</title>
<meta http-equiv="Content-Type" content="text/html;charset=utf-8" />
  <meta name='ocr-system' content='tesseract 3.04.00' />
  <meta name='ocr-capabilities' content='ocr_page ocr_carea ocr_par ocr_line ocrx_word'/>
</head>
<body>
  <div class='ocr_page' id='page_1' title='image "./diariumsivererum01burcuoft_0443.png"; bbox 0 0 2262 3958; ppageno 0'>
   <div class='ocr_carea' id='block_1_1' title="bbox 210 298 1987 346">
    <p class='ocr_par' dir='ltr' id='par_1_1' title="bbox 210 298 1987 346">
     <span class='ocr_line' id='line_1_1' title="bbox 210 298 1987 346; baseline -0.002 -6"><span class='ocrx_word' id='word_1_1' title='bbox 210 303 420 346; x_wconf 82' lang='lat' dir='ltr'>[Novembre</span> <span class='ocrx_word' id='word_1_2' title='bbox 443 301 533 346; x_wconf 75' lang='lat'>149¹]</span> <span class='ocrx_word' id='word_1_3' title='bbox 658 298 827 336; x_wconf 82' lang='lat' dir='ltr'>RERUM</span> <span class='ocrx_word' id='word_1_4' title='bbox 862 299 1163 336; x_wconf 80' lang='lat' dir='ltr'><strong>URBANARUM</strong></span> <span class='ocrx_word' id='word_1_5' title='bbox 1196 300 1546 337; x_wconf 83' lang='lat' dir='ltr'><strong>COMMENTARII.</strong></span> <span class='ocrx_word' id='word_1_6' title='bbox 1918 301 1987 336; x_wconf 67' lang='lat'>433</span> 
     </span>
    </p>
   </div>
   <div class='ocr_carea' id='block_1_2' title="bbox 201 401 2002 2885">
    <p class='ocr_par' dir='ltr' id='par_1_2' title="bbox 201 401 2000 1970">
     <span class='ocr_line' id='line_1_2' title="bbox 272 401 1986 467; baseline -0.002 -16"><span class='ocrx_word' id='word_1_7' title='bbox 272 405 385 452; x_wconf 84' lang='lat' dir='ltr'><strong>Post</strong></span> <span class='ocrx_word' id='word_1_8' title='bbox 406 402 820 451; x_wconf 80' lang='lat' dir='ltr'>deosculationem</span> <span class='ocrx_word' id='word_1_9' title='bbox 860 403 1057 467; x_wconf 89' lang='lat' dir='ltr'>pedum,</span> <span class='ocrx_word' id='word_1_10' title='bbox 1082 403 1277 451; x_wconf 91' lang='lat' dir='ltr'>ultimus</span> <span class='ocrx_word' id='word_1_11' title='bbox 1308 407 1488 461; x_wconf 88' lang='lat' dir='ltr'>orator,</span> <span class='ocrx_word' id='word_1_12' title='bbox 1521 402 1810 452; x_wconf 77' lang='lat' dir='ltr'>secretarius</span> <span class='ocrx_word' id='word_1_13' title='bbox 1841 401 1986 465; x_wconf 89' lang='lat' dir='ltr'>regis,</span> 
     </span>
     <span class='ocr_line' id='line_1_3' title="bbox 206 484 1988 550; baseline -0.003 -14"><span class='ocrx_word' id='word_1_14' title='bbox 206 486 337 536; x_wconf 82' lang='lat' dir='ltr'>dedit</span> <span class='ocrx_word' id='word_1_15' title='bbox 355 485 521 535; x_wconf 81' lang='lat' dir='ltr'>literas</span> <span class='ocrx_word' id='word_1_16' title='bbox 546 486 730 550; x_wconf 81' lang='lat' dir='ltr'>regales</span> <span class='ocrx_word' id='word_1_17' title='bbox 755 486 911 550; x_wconf 93' lang='lat' dir='ltr'>primo</span> <span class='ocrx_word' id='word_1_18' title='bbox 935 485 1132 545; x_wconf 87' lang='lat' dir='ltr'>oratori,</span> <span class='ocrx_word' id='word_1_19' title='bbox 1152 486 1372 535; x_wconf 91' lang='lat' dir='ltr'>videlicet</span> <span class='ocrx_word' id='word_1_20' title='bbox 1394 485 1622 550; x_wconf 91' lang='lat' dir='ltr'>episcopo</span> <span class='ocrx_word' id='word_1_21' title='bbox 1641 484 1988 542; x_wconf 87' lang='lat' dir='ltr'>Lombariensi,</span> 
     </span>
     <span class='ocr_line' id='line_1_4' title="bbox 201 568 1992 635; baseline -0.002 -17"><span class='ocrx_word' id='word_1_22' title='bbox 201 570 553 635; x_wconf 87' lang='lat' dir='ltr'>presentandas</span> <span class='ocrx_word' id='word_1_23' title='bbox 584 573 735 635; x_wconf 89' lang='lat' dir='ltr'>Pape;</span> <span class='ocrx_word' id='word_1_24' title='bbox 774 587 891 633; x_wconf 91' lang='lat' dir='ltr'>quas</span> <span class='ocrx_word' id='word_1_25' title='bbox 919 570 998 619; x_wconf 90' lang='lat' dir='ltr'>ille</span> <span class='ocrx_word' id='word_1_26' title='bbox 1027 570 1284 634; x_wconf 89' lang='lat' dir='ltr'>recipiens,</span> <span class='ocrx_word' id='word_1_27' title='bbox 1316 570 1626 618; x_wconf 84' lang='lat' dir='ltr'>deosculatus</span> <span class='ocrx_word' id='word_1_28' title='bbox 1651 568 1804 633; x_wconf 91' lang='lat' dir='ltr'>prius,</span> <span class='ocrx_word' id='word_1_29' title='bbox 1833 568 1992 631; x_wconf 91' lang='lat' dir='ltr'>ponti-</span> 
     </span>
     <span class='ocr_line' id='line_1_5' title="bbox 202 651 1991 717; baseline -0.002 -15"><span class='ocrx_word' id='word_1_30' title='bbox 202 653 282 702; x_wconf 84' lang='lat' dir='ltr'>fici</span> <span class='ocrx_word' id='word_1_31' title='bbox 304 653 512 714; x_wconf 80' lang='lat' dir='ltr'>tradidit,</span> <span class='ocrx_word' id='word_1_32' title='bbox 531 654 611 717; x_wconf 90' lang='lat' dir='ltr'>qui</span> <span class='ocrx_word' id='word_1_33' title='bbox 632 653 736 701; x_wconf 89' lang='lat' dir='ltr'>illas</span> <span class='ocrx_word' id='word_1_34' title='bbox 750 653 979 716; x_wconf 88' lang='lat' dir='ltr'>episcopo</span> <span class='ocrx_word' id='word_1_35' title='bbox 1001 654 1232 701; x_wconf 89' lang='lat' dir='ltr'>Perusino</span> <span class='ocrx_word' id='word_1_36' title='bbox 1252 653 1514 701; x_wconf 87' lang='lat' dir='ltr'>secretario</span> <span class='ocrx_word' id='word_1_37' title='bbox 1538 669 1625 700; x_wconf 90' lang='lat' dir='ltr'>suo</span> <span class='ocrx_word' id='word_1_38' title='bbox 1648 652 1779 700; x_wconf 91' lang='lat' dir='ltr'>dedit</span> <span class='ocrx_word' id='word_1_39' title='bbox 1801 651 1991 715; x_wconf 84' lang='lat' dir='ltr'>publice</span> 
     </span>
     <span class='ocr_line' id='line_1_6' title="bbox 202 735 1991 801; baseline -0.002 -17"><span class='ocrx_word' id='word_1_40' title='bbox 202 736 383 797; x_wconf 82' lang='lat' dir='ltr'>ibidem</span> <span class='ocrx_word' id='word_1_41' title='bbox 420 736 674 801; x_wconf 85' lang='lat' dir='ltr'>legendas;</span> <span class='ocrx_word' id='word_1_42' title='bbox 722 742 823 783; x_wconf 87' lang='lat' dir='ltr'>tum</span> <span class='ocrx_word' id='word_1_43' title='bbox 878 735 993 783; x_wconf 90' lang='lat' dir='ltr'>dicti</span> <span class='ocrx_word' id='word_1_44' title='bbox 1028 736 1199 784; x_wconf 90' lang='lat' dir='ltr'>decem</span> <span class='ocrx_word' id='word_1_45' title='bbox 1242 741 1459 784; x_wconf 90' lang='lat' dir='ltr'>oratores</span> <span class='ocrx_word' id='word_1_46' title='bbox 1506 741 1815 784; x_wconf 89' lang='lat' dir='ltr'>recesserunt</span> <span class='ocrx_word' id='word_1_47' title='bbox 1857 740 1991 782; x_wconf 87' lang='lat' dir='ltr'>extra</span> 
     </span>
     <span class='ocr_line' id='line_1_7' title="bbox 206 818 1990 883; baseline -0.002 -14"><span class='ocrx_word' id='word_1_48' title='bbox 206 820 418 869; x_wconf 84' lang='lat' dir='ltr'>scabella</span> <span class='ocrx_word' id='word_1_49' title='bbox 437 819 750 868; x_wconf 80' lang='lat' dir='ltr'>cardinalium</span> <span class='ocrx_word' id='word_1_50' title='bbox 773 822 820 866; x_wconf 87' lang='lat' dir='ltr'>et</span> <span class='ocrx_word' id='word_1_51' title='bbox 834 818 916 876; x_wconf 86' lang='lat' dir='ltr'>ibi,</span> <span class='ocrx_word' id='word_1_52' title='bbox 941 819 1076 881; x_wconf 85' lang='lat' dir='ltr'>quasi</span> <span class='ocrx_word' id='word_1_53' title='bbox 1099 819 1224 866; x_wconf 87' lang='lat' dir='ltr'>inter</span> <span class='ocrx_word' id='word_1_54' title='bbox 1243 819 1462 867; x_wconf 90' lang='lat' dir='ltr'>ultimum</span> <span class='ocrx_word' id='word_1_55' title='bbox 1477 835 1503 866; x_wconf 90' lang='lat' dir='ltr'>a</span> <span class='ocrx_word' id='word_1_56' title='bbox 1523 819 1699 867; x_wconf 85' lang='lat' dir='ltr'>dextris</span> <span class='ocrx_word' id='word_1_57' title='bbox 1719 824 1765 868; x_wconf 90' lang='lat' dir='ltr'>et</span> <span class='ocrx_word' id='word_1_58' title='bbox 1780 819 1990 883; x_wconf 90' lang='lat' dir='ltr'>primum</span> 
     </span>
     <span class='ocr_line' id='line_1_8' title="bbox 203 900 1986 968; baseline 0 -18"><span class='ocrx_word' id='word_1_59' title='bbox 203 902 516 968; x_wconf 84' lang='lat' dir='ltr'>presbyteros</span> <span class='ocrx_word' id='word_1_60' title='bbox 534 900 801 950; x_wconf 85' lang='lat' dir='ltr'>cardinales</span> <span class='ocrx_word' id='word_1_61' title='bbox 821 916 849 947; x_wconf 92' lang='lat' dir='ltr'>a</span> <span class='ocrx_word' id='word_1_62' title='bbox 867 900 1071 948; x_wconf 83' lang='lat' dir='ltr'>sinistris</span> <span class='ocrx_word' id='word_1_63' title='bbox 1092 917 1215 965; x_wconf 91' lang='lat' dir='ltr'>pape</span> <span class='ocrx_word' id='word_1_64' title='bbox 1234 902 1572 962; x_wconf 82' lang='lat' dir='ltr'>ascendentes,</span> <span class='ocrx_word' id='word_1_65' title='bbox 1598 904 1986 966; x_wconf 84' lang='lat' dir='ltr'>genuflexerunt,</span> 
     </span>
     <span class='ocr_line' id='line_1_9' title="bbox 206 984 1988 1052; baseline -0.001 -15"><span class='ocrx_word' id='word_1_66' title='bbox 206 987 462 1052; x_wconf 86' lang='lat' dir='ltr'>episcopus</span> <span class='ocrx_word' id='word_1_67' title='bbox 480 984 842 1033; x_wconf 88' lang='lat' dir='ltr'>Lombariensis</span> <span class='ocrx_word' id='word_1_68' title='bbox 860 985 996 1048; x_wconf 88' lang='lat' dir='ltr'>juxta</span> <span class='ocrx_word' id='word_1_69' title='bbox 1017 985 1235 1033; x_wconf 89' lang='lat' dir='ltr'>ultimum</span> <span class='ocrx_word' id='word_1_70' title='bbox 1264 986 1560 1035; x_wconf 87' lang='lat' dir='ltr'>cardinalem</span> <span class='ocrx_word' id='word_1_71' title='bbox 1590 1003 1617 1035; x_wconf 91' lang='lat' dir='ltr'>a</span> <span class='ocrx_word' id='word_1_72' title='bbox 1637 987 1817 1035; x_wconf 86' lang='lat' dir='ltr'>dextris</span> <span class='ocrx_word' id='word_1_73' title='bbox 1843 991 1988 1051; x_wconf 88' lang='lat' dir='ltr'>Pape,</span> 
     </span>
     <span class='ocr_line' id='line_1_10' title="bbox 204 1067 1995 1135; baseline 0.001 -17"><span class='ocrx_word' id='word_1_74' title='bbox 204 1074 314 1135; x_wconf 87' lang='lat' dir='ltr'>post</span> <span class='ocrx_word' id='word_1_75' title='bbox 334 1084 446 1118; x_wconf 92' lang='lat' dir='ltr'>eum</span> <span class='ocrx_word' id='word_1_76' title='bbox 468 1068 625 1126; x_wconf 89' lang='lat' dir='ltr'>Prior,</span> <span class='ocrx_word' id='word_1_77' title='bbox 650 1071 751 1116; x_wconf 87' lang='lat' dir='ltr'>tum</span> <span class='ocrx_word' id='word_1_78' title='bbox 779 1067 928 1116; x_wconf 88' lang='lat' dir='ltr'>abbas</span> <span class='ocrx_word' id='word_1_79' title='bbox 958 1085 996 1116; x_wconf 88' lang='lat' dir='ltr'>s.</span> <span class='ocrx_word' id='word_1_80' title='bbox 1024 1069 1238 1128; x_wconf 80' lang='lat' dir='ltr'>Antonii,</span> <span class='ocrx_word' id='word_1_81' title='bbox 1272 1069 1447 1119; x_wconf 91' lang='lat' dir='ltr'>deinde</span> <span class='ocrx_word' id='word_1_82' title='bbox 1486 1071 1565 1118; x_wconf 89' lang='lat' dir='ltr'>alii</span> <span class='ocrx_word' id='word_1_83' title='bbox 1604 1087 1691 1119; x_wconf 93' lang='lat' dir='ltr'>suo</span> <span class='ocrx_word' id='word_1_84' title='bbox 1726 1071 1912 1125; x_wconf 83' lang='lat' dir='ltr'>ordine,</span> <span class='ocrx_word' id='word_1_85' title='bbox 1947 1076 1995 1119; x_wconf 91' lang='lat' dir='ltr'>et</span> 
     </span>
     <span class='ocr_line' id='line_1_11' title="bbox 203 1151 1996 1218; baseline -0.001 -16"><span class='ocrx_word' id='word_1_86' title='bbox 203 1157 313 1218; x_wconf 88' lang='lat' dir='ltr'>post</span> <span class='ocrx_word' id='word_1_87' title='bbox 335 1167 420 1201; x_wconf 91' lang='lat' dir='ltr'>eos</span> <span class='ocrx_word' id='word_1_88' title='bbox 444 1151 637 1216; x_wconf 90' lang='lat' dir='ltr'>quidam</span> <span class='ocrx_word' id='word_1_89' title='bbox 661 1168 720 1200; x_wconf 91' lang='lat' dir='ltr'>ex</span> <span class='ocrx_word' id='word_1_90' title='bbox 735 1167 902 1200; x_wconf 89' lang='lat' dir='ltr'>eorum</span> <span class='ocrx_word' id='word_1_91' title='bbox 928 1152 1132 1212; x_wconf 86' lang='lat' dir='ltr'>familia;</span> <span class='ocrx_word' id='word_1_92' title='bbox 1159 1153 1332 1217; x_wconf 88' lang='lat' dir='ltr'>quibus</span> <span class='ocrx_word' id='word_1_93' title='bbox 1348 1154 1416 1201; x_wconf 92' lang='lat' dir='ltr'>sic</span> <span class='ocrx_word' id='word_1_94' title='bbox 1438 1153 1725 1218; x_wconf 84' lang='lat' dir='ltr'>genuflexis,</span> <span class='ocrx_word' id='word_1_95' title='bbox 1749 1153 1996 1217; x_wconf 87' lang='lat' dir='ltr'>predictus</span> 
     </span>
     <span class='ocr_line' id='line_1_12' title="bbox 205 1235 2000 1302; baseline 0.001 -18"><span class='ocrx_word' id='word_1_96' title='bbox 205 1235 462 1301; x_wconf 90' lang='lat' dir='ltr'>episcopus</span> <span class='ocrx_word' id='word_1_97' title='bbox 487 1235 750 1283; x_wconf 89' lang='lat' dir='ltr'>Perusinus</span> <span class='ocrx_word' id='word_1_98' title='bbox 764 1235 882 1300; x_wconf 89' lang='lat' dir='ltr'>legit</span> <span class='ocrx_word' id='word_1_99' title='bbox 898 1235 1061 1285; x_wconf 86' lang='lat' dir='ltr'>literas</span> <span class='ocrx_word' id='word_1_100' title='bbox 1084 1237 1240 1301; x_wconf 85' lang='lat' dir='ltr'>regias</span> <span class='ocrx_word' id='word_1_101' title='bbox 1258 1237 1476 1301; x_wconf 84' lang='lat' dir='ltr'>pontifici</span> <span class='ocrx_word' id='word_1_102' title='bbox 1495 1242 1817 1301; x_wconf 89' lang='lat' dir='ltr'>presentatas,</span> <span class='ocrx_word' id='word_1_103' title='bbox 1843 1238 2000 1302; x_wconf 90' lang='lat' dir='ltr'>primo</span> 
     </span>
     <span class='ocr_line' id='line_1_13' title="bbox 207 1319 1998 1386; baseline 0.001 -18"><span class='ocrx_word' id='word_1_104' title='bbox 207 1319 672 1386; x_wconf 90' lang='lat' dir='ltr'>suprascriptionem</span> <span class='ocrx_word' id='word_1_105' title='bbox 705 1335 799 1384; x_wconf 92' lang='lat' dir='ltr'>que</span> <span class='ocrx_word' id='word_1_106' title='bbox 839 1323 941 1368; x_wconf 87' lang='lat' dir='ltr'>erat</span> <span class='ocrx_word' id='word_1_107' title='bbox 972 1319 1066 1367; x_wconf 85' lang='lat' dir='ltr'>SS.</span> <span class='ocrx_word' id='word_1_108' title='bbox 1109 1320 1168 1368; x_wconf 91' lang='lat' dir='ltr'>D.</span> <span class='ocrx_word' id='word_1_109' title='bbox 1208 1320 1276 1368; x_wconf 91' lang='lat' dir='ltr'>N.</span> <span class='ocrx_word' id='word_1_110' title='bbox 1313 1337 1497 1368; x_wconf 77' lang='lat' dir='ltr'>summo</span> <span class='ocrx_word' id='word_1_111' title='bbox 1521 1322 1744 1386; x_wconf 76' lang='lat' dir='ltr'>pontiflci</span> <span class='ocrx_word' id='word_1_112' title='bbox 1774 1339 1791 1368; x_wconf 92' lang='lat'>.·</span> <span class='ocrx_word' id='word_1_113' title='bbox 1825 1321 1998 1369; x_wconf 90' lang='lat' dir='ltr'>deinde</span> 
     </span>
     <span class='ocr_line' id='line_1_14' title="bbox 207 1403 1998 1468; baseline 0 -17"><span class='ocrx_word' id='word_1_114' title='bbox 207 1403 638 1468; x_wconf 88' lang='lat' dir='ltr'>subscriptionem,</span> <span class='ocrx_word' id='word_1_115' title='bbox 671 1418 764 1466; x_wconf 88' lang='lat' dir='ltr'>que</span> <span class='ocrx_word' id='word_1_116' title='bbox 786 1407 887 1451; x_wconf 90' lang='lat' dir='ltr'>erat</span> <span class='ocrx_word' id='word_1_117' title='bbox 915 1419 1000 1451; x_wconf 69' lang='lat' dir='ltr'>reoe</span> <span class='ocrx_word' id='word_1_118' title='bbox 1031 1403 1235 1451; x_wconf 76' lang='lat' dir='ltr'>Francie</span> <span class='ocrx_word' id='word_1_119' title='bbox 1259 1403 1470 1463; x_wconf 57' lang='lat' dir='ltr'>Char-les,</span> <span class='ocrx_word' id='word_1_120' title='bbox 1499 1410 1600 1452; x_wconf 91' lang='lat' dir='ltr'>tum</span> <span class='ocrx_word' id='word_1_121' title='bbox 1638 1404 1750 1452; x_wconf 88' lang='lat' dir='ltr'>data</span> <span class='ocrx_word' id='word_1_122' title='bbox 1770 1420 1862 1468; x_wconf 91' lang='lat' dir='ltr'>que</span> <span class='ocrx_word' id='word_1_123' title='bbox 1897 1408 1998 1453; x_wconf 87' lang='lat' dir='ltr'>erat</span> 
     </span>
     <span class='ocr_line' id='line_1_15' title="bbox 211 1486 1996 1553; baseline 0.001 -17"><span class='ocrx_word' id='word_1_124' title='bbox 211 1486 429 1547; x_wconf 78' lang='lat' dir='ltr'>Turonis,</span> <span class='ocrx_word' id='word_1_125' title='bbox 455 1487 533 1535; x_wconf 90' lang='lat' dir='ltr'>die</span> <span class='ocrx_word' id='word_1_126' title='bbox 560 1490 680 1545; x_wconf 90' lang='lat' dir='ltr'>etc.,·</span> <span class='ocrx_word' id='word_1_127' title='bbox 707 1486 881 1536; x_wconf 90' lang='lat' dir='ltr'>deinde</span> <span class='ocrx_word' id='word_1_128' title='bbox 909 1502 937 1534; x_wconf 89' lang='lat' dir='ltr'>a</span> <span class='ocrx_word' id='word_1_129' title='bbox 963 1486 1119 1550; x_wconf 84' lang='lat' dir='ltr'>capite</span> <span class='ocrx_word' id='word_1_130' title='bbox 1153 1487 1404 1536; x_wconf 89' lang='lat' dir='ltr'>literarum</span> <span class='ocrx_word' id='word_1_131' title='bbox 1442 1488 1735 1552; x_wconf 87' lang='lat' dir='ltr'>incipiendo,</span> <span class='ocrx_word' id='word_1_132' title='bbox 1773 1506 1866 1553; x_wconf 88' lang='lat' dir='ltr'>que</span> <span class='ocrx_word' id='word_1_133' title='bbox 1889 1505 1996 1538; x_wconf 91' lang='lat' dir='ltr'>cre-</span> 
     </span>
     <span class='ocr_line' id='line_1_16' title="bbox 206 1569 1996 1633; baseline 0.002 -16"><span class='ocrx_word' id='word_1_134' title='bbox 206 1569 441 1620; x_wconf 84' lang='lat' dir='ltr'>dentiales</span> <span class='ocrx_word' id='word_1_135' title='bbox 454 1574 609 1624; x_wconf 78' lang='lat' dir='ltr'>erant,</span> <span class='ocrx_word' id='word_1_136' title='bbox 628 1570 934 1619; x_wconf 83' lang='lat' dir='ltr'>continentes</span> <span class='ocrx_word' id='word_1_137' title='bbox 946 1570 1076 1633; x_wconf 88' lang='lat' dir='ltr'>quod</span> <span class='ocrx_word' id='word_1_138' title='bbox 1098 1587 1183 1619; x_wconf 89' lang='lat' dir='ltr'>rex</span> <span class='ocrx_word' id='word_1_139' title='bbox 1203 1571 1423 1620; x_wconf 87' lang='lat' dir='ltr'>mittebat</span> <span class='ocrx_word' id='word_1_140' title='bbox 1447 1572 1507 1620; x_wconf 91' lang='lat' dir='ltr'>ad</span> <span class='ocrx_word' id='word_1_141' title='bbox 1526 1573 1841 1622; x_wconf 85' lang='lat' dir='ltr'>Sanctitatem</span> <span class='ocrx_word' id='word_1_142' title='bbox 1860 1589 1996 1621; x_wconf 89' lang='lat' dir='ltr'>suam</span> 
     </span>
     <span class='ocr_line' id='line_1_17' title="bbox 207 1651 1997 1720; baseline 0.003 -20"><span class='ocrx_word' id='word_1_143' title='bbox 207 1668 268 1700; x_wconf 86' lang='lat' dir='ltr'>ex</span> <span class='ocrx_word' id='word_1_144' title='bbox 286 1651 644 1717; x_wconf 87' lang='lat' dir='ltr'>urgentissimis</span> <span class='ocrx_word' id='word_1_145' title='bbox 666 1652 823 1700; x_wconf 90' lang='lat' dir='ltr'>causis</span> <span class='ocrx_word' id='word_1_146' title='bbox 845 1653 1088 1718; x_wconf 88' lang='lat' dir='ltr'>predictos</span> <span class='ocrx_word' id='word_1_147' title='bbox 1105 1655 1276 1704; x_wconf 87' lang='lat' dir='ltr'>decem</span> <span class='ocrx_word' id='word_1_148' title='bbox 1298 1660 1533 1716; x_wconf 87' lang='lat' dir='ltr'>oratores,</span> <span class='ocrx_word' id='word_1_149' title='bbox 1560 1660 1605 1705; x_wconf 84' lang='lat' dir='ltr'>et</span> <span class='ocrx_word' id='word_1_150' title='bbox 1627 1657 1863 1720; x_wconf 87' lang='lat' dir='ltr'>quosdam</span> <span class='ocrx_word' id='word_1_151' title='bbox 1879 1657 1997 1705; x_wconf 91' lang='lat' dir='ltr'>alios</span> 
     </span>
     <span class='ocr_line' id='line_1_18' title="bbox 206 1734 2000 1804; baseline 0.002 -21"><span class='ocrx_word' id='word_1_152' title='bbox 206 1734 254 1783; x_wconf 89' lang='lat' dir='ltr'>in</span> <span class='ocrx_word' id='word_1_153' title='bbox 298 1735 417 1801; x_wconf 91' lang='lat' dir='ltr'>ipsis</span> <span class='ocrx_word' id='word_1_154' title='bbox 463 1735 616 1785; x_wconf 85' lang='lat' dir='ltr'>literis</span> <span class='ocrx_word' id='word_1_155' title='bbox 662 1735 938 1786; x_wconf 90' lang='lat' dir='ltr'>nominatos</span> <span class='ocrx_word' id='word_1_156' title='bbox 976 1739 1053 1802; x_wconf 87' lang='lat' dir='ltr'>qui</span> <span class='ocrx_word' id='word_1_157' title='bbox 1090 1737 1305 1788; x_wconf 90' lang='lat' dir='ltr'>nondum</span> <span class='ocrx_word' id='word_1_158' title='bbox 1336 1741 1694 1804; x_wconf 83' lang='lat' dir='ltr'>applicuerant3</span> <span class='ocrx_word' id='word_1_159' title='bbox 1734 1741 1907 1804; x_wconf 88' lang='lat' dir='ltr'>quibus</span> <span class='ocrx_word' id='word_1_160' title='bbox 1954 1746 2000 1788; x_wconf 91' lang='lat' dir='ltr'>et</span> 
     </span>
     <span class='ocr_line' id='line_1_19' title="bbox 207 1818 1997 1887; baseline 0.002 -20"><span class='ocrx_word' id='word_1_161' title='bbox 207 1834 377 1868; x_wconf 90' lang='lat' dir='ltr'>eorum</span> <span class='ocrx_word' id='word_1_162' title='bbox 417 1818 637 1883; x_wconf 88' lang='lat' dir='ltr'>singulis,</span> <span class='ocrx_word' id='word_1_163' title='bbox 677 1818 943 1868; x_wconf 89' lang='lat' dir='ltr'>dummodo</span> <span class='ocrx_word' id='word_1_164' title='bbox 981 1822 1240 1887; x_wconf 91' lang='lat' dir='ltr'>episcopus</span> <span class='ocrx_word' id='word_1_165' title='bbox 1280 1824 1639 1873; x_wconf 89' lang='lat' dir='ltr'>Lombariensis</span> <span class='ocrx_word' id='word_1_166' title='bbox 1686 1841 1809 1872; x_wconf 89' lang='lat' dir='ltr'>unus</span> <span class='ocrx_word' id='word_1_167' title='bbox 1851 1827 1997 1883; x_wconf 91' lang='lat' dir='ltr'>esset,</span> 
     </span>
     <span class='ocr_line' id='line_1_20' title="bbox 210 1895 1985 1970; baseline 0.001 -18"><span class='ocrx_word' id='word_1_168' title='bbox 210 1919 295 1952; x_wconf 88' lang='lat' dir='ltr'>rex</span> <span class='ocrx_word' id='word_1_169' title='bbox 314 1902 419 1968; x_wconf 88' lang='lat' dir='ltr'>ipse</span> <span class='ocrx_word' id='word_1_170' title='bbox 440 1903 731 1968; x_wconf 86' lang='lat' dir='ltr'>precabatur</span> <span class='ocrx_word' id='word_1_171' title='bbox 749 1903 799 1951; x_wconf 93' lang='lat' dir='ltr'>in</span> <span class='ocrx_word' id='word_1_172' title='bbox 825 1905 1124 1969; x_wconf 87' lang='lat' dir='ltr'>exponendis</span> <span class='ocrx_word' id='word_1_173' title='bbox 1145 1906 1341 1970; x_wconf 87' lang='lat' dir='ltr'>plenam</span> <span class='ocrx_word' id='word_1_174' title='bbox 1366 1905 1515 1955; x_wconf 85' lang='lat' dir='ltr'>fidem</span> <span class='ocrx_word' id='word_1_175' title='bbox 1538 1906 1758 1954; x_wconf 90' lang='lat' dir='ltr'>exhiberi</span> <span class='ocrx_word' id='word_1_176' title='bbox 1782 1906 1864 1967; x_wconf 90' lang='lat'><strong>(1).</strong></span> <span class='ocrx_word' id='word_1_177' title='bbox 1982 1895 1985 1898; x_wconf 37' lang='lat'><strong><em>¹</em></strong></span> 
     </span>
    </p>

    <p class='ocr_par' dir='ltr' id='par_1_3' title="bbox 209 1985 2002 2885">
     <span class='ocr_line' id='line_1_21' title="bbox 274 1985 1997 2055; baseline 0.002 -21"><span class='ocrx_word' id='word_1_178' title='bbox 274 1986 432 2036; x_wconf 86' lang='lat' dir='ltr'>Lectis</span> <span class='ocrx_word' id='word_1_179' title='bbox 452 1985 622 2045; x_wconf 87' lang='lat' dir='ltr'>literis,</span> <span class='ocrx_word' id='word_1_180' title='bbox 647 1987 905 2052; x_wconf 91' lang='lat' dir='ltr'>episcopus</span> <span class='ocrx_word' id='word_1_181' title='bbox 938 1990 1298 2038; x_wconf 89' lang='lat' dir='ltr'>Lombariensis</span> <span class='ocrx_word' id='word_1_182' title='bbox 1332 1990 1446 2038; x_wconf 90' lang='lat' dir='ltr'>fecit</span> <span class='ocrx_word' id='word_1_183' title='bbox 1478 2006 1675 2055; x_wconf 88' lang='lat' dir='ltr'>parvam</span> <span class='ocrx_word' id='word_1_184' title='bbox 1706 1989 1997 2048; x_wconf 91' lang='lat' dir='ltr'>orationem,</span> 
     </span>
     <span class='ocr_line' id='line_1_22' title="bbox 209 2068 2002 2137; baseline 0.001 -20"><span class='ocrx_word' id='word_1_185' title='bbox 209 2068 259 2117; x_wconf 89' lang='lat' dir='ltr'>in</span> <span class='ocrx_word' id='word_1_186' title='bbox 281 2085 376 2132; x_wconf 90' lang='lat' dir='ltr'>qua</span> <span class='ocrx_word' id='word_1_187' title='bbox 393 2068 606 2119; x_wconf 87' lang='lat' dir='ltr'>breviter</span> <span class='ocrx_word' id='word_1_188' title='bbox 638 2071 848 2119; x_wconf 84' lang='lat' dir='ltr'>narravit</span> <span class='ocrx_word' id='word_1_189' title='bbox 869 2071 1050 2120; x_wconf 89' lang='lat' dir='ltr'>cultum</span> <span class='ocrx_word' id='word_1_190' title='bbox 1068 2074 1149 2137; x_wconf 92' lang='lat' dir='ltr'>qui</span> <span class='ocrx_word' id='word_1_191' title='bbox 1177 2089 1372 2137; x_wconf 88' lang='lat' dir='ltr'>semper</span> <span class='ocrx_word' id='word_1_192' title='bbox 1396 2072 1484 2121; x_wconf 86' lang='lat' dir='ltr'>fuit</span> <span class='ocrx_word' id='word_1_193' title='bbox 1518 2073 1568 2120; x_wconf 90' lang='lat' dir='ltr'>in</span> <span class='ocrx_word' id='word_1_194' title='bbox 1599 2088 1816 2121; x_wconf 89' lang='lat' dir='ltr'>summos</span> <span class='ocrx_word' id='word_1_195' title='bbox 1842 2072 2002 2136; x_wconf 90' lang='lat' dir='ltr'>ponti-</span> 
     </span>
     <span class='ocr_line' id='line_1_23' title="bbox 210 2150 1998 2218; baseline 0.001 -17"><span class='ocrx_word' id='word_1_196' title='bbox 210 2150 330 2202; x_wconf 87' lang='lat' dir='ltr'>fices</span> <span class='ocrx_word' id='word_1_197' title='bbox 348 2153 475 2218; x_wconf 91' lang='lat' dir='ltr'>apud</span> <span class='ocrx_word' id='word_1_198' title='bbox 499 2169 640 2218; x_wconf 87' lang='lat' dir='ltr'>reges</span> <span class='ocrx_word' id='word_1_199' title='bbox 664 2154 866 2203; x_wconf 87' lang='lat' dir='ltr'>Francie</span> <span class='ocrx_word' id='word_1_200' title='bbox 888 2171 1028 2218; x_wconf 91' lang='lat' dir='ltr'>quos,</span> <span class='ocrx_word' id='word_1_201' title='bbox 1054 2156 1178 2205; x_wconf 87' lang='lat' dir='ltr'>inter</span> <span class='ocrx_word' id='word_1_202' title='bbox 1193 2155 1439 2204; x_wconf 89' lang='lat' dir='ltr'>seculares</span> <span class='ocrx_word' id='word_1_203' title='bbox 1460 2155 1720 2218; x_wconf 89' lang='lat' dir='ltr'>principes,</span> <span class='ocrx_word' id='word_1_204' title='bbox 1739 2155 1998 2218; x_wconf 87' lang='lat' dir='ltr'>primatum</span> 
     </span>
     <span class='ocr_line' id='line_1_24' title="bbox 212 2230 1999 2302; baseline 0 -18"><span class='ocrx_word' id='word_1_205' title='bbox 212 2239 381 2286; x_wconf 86' lang='lat' dir='ltr'>tenere</span> <span class='ocrx_word' id='word_1_206' title='bbox 402 2237 617 2297; x_wconf 85' lang='lat' dir='ltr'>dicebat;</span> <span class='ocrx_word' id='word_1_207' title='bbox 643 2242 745 2287; x_wconf 91' lang='lat' dir='ltr'>tum</span> <span class='ocrx_word' id='word_1_208' title='bbox 764 2238 993 2302; x_wconf 81' lang='lat' dir='ltr'>gaudium</span> <span class='ocrx_word' id='word_1_209' title='bbox 1022 2237 1310 2302; x_wconf 84' lang='lat' dir='ltr'>significavit</span> <span class='ocrx_word' id='word_1_210' title='bbox 1335 2230 1399 2286; x_wconf 63' lang='lat' dir='ltr'>de&#39;</span> <span class='ocrx_word' id='word_1_211' title='bbox 1416 2237 1544 2286; x_wconf 87' lang='lat' dir='ltr'>felici</span> <span class='ocrx_word' id='word_1_212' title='bbox 1567 2241 1691 2285; x_wconf 87' lang='lat' dir='ltr'>statu</span> <span class='ocrx_word' id='word_1_213' title='bbox 1722 2237 1999 2285; x_wconf 82' lang='lat' dir='ltr'>Sanctitatis</span> 
     </span>
     <span class='ocr_line' id='line_1_25' title="bbox 212 2319 1994 2385; baseline 0 -17"><span class='ocrx_word' id='word_1_214' title='bbox 212 2335 316 2380; x_wconf 91' lang='lat' dir='ltr'>sue,</span> <span class='ocrx_word' id='word_1_215' title='bbox 339 2319 550 2369; x_wconf 84' lang='lat' dir='ltr'>laudavit</span> <span class='ocrx_word' id='word_1_216' title='bbox 569 2321 866 2385; x_wconf 84' lang='lat' dir='ltr'>diligentiam</span> <span class='ocrx_word' id='word_1_217' title='bbox 889 2326 936 2370; x_wconf 92' lang='lat' dir='ltr'>et</span> <span class='ocrx_word' id='word_1_218' title='bbox 962 2321 1209 2370; x_wconf 88' lang='lat' dir='ltr'>solertiam</span> <span class='ocrx_word' id='word_1_219' title='bbox 1235 2321 1448 2385; x_wconf 89' lang='lat' dir='ltr'>episcopi</span> <span class='ocrx_word' id='word_1_220' title='bbox 1478 2320 1850 2369; x_wconf 90' lang='lat' dir='ltr'>Concordiensis</span> <span class='ocrx_word' id='word_1_221' title='bbox 1866 2325 1914 2369; x_wconf 88' lang='lat' dir='ltr'>et</span> <span class='ocrx_word' id='word_1_222' title='bbox 1937 2323 1994 2368; x_wconf 93' lang='lat' dir='ltr'>D.</span> 
     </span>
     <span class='ocr_line' id='line_1_26' title="bbox 209 2402 2000 2469; baseline -0.001 -17"><span class='ocrx_word' id='word_1_223' title='bbox 209 2403 407 2453; x_wconf 90' lang='lat' dir='ltr'>Antonii</span> <span class='ocrx_word' id='word_1_224' title='bbox 428 2402 596 2453; x_wconf 90' lang='lat' dir='ltr'>Flores</span> <span class='ocrx_word' id='word_1_225' title='bbox 612 2404 1053 2454; x_wconf 86' lang='lat' dir='ltr'>referendariorum</span> <span class='ocrx_word' id='word_1_226' title='bbox 1087 2404 1351 2469; x_wconf 89' lang='lat' dir='ltr'>apostolice</span> <span class='ocrx_word' id='word_1_227' title='bbox 1376 2404 1522 2463; x_wconf 87' lang='lat' dir='ltr'>sedis,</span> <span class='ocrx_word' id='word_1_228' title='bbox 1549 2403 1597 2451; x_wconf 91' lang='lat' dir='ltr'>in</span> <span class='ocrx_word' id='word_1_229' title='bbox 1618 2404 1823 2452; x_wconf 85' lang='lat' dir='ltr'>Francia</span> <span class='ocrx_word' id='word_1_230' title='bbox 1845 2420 2000 2468; x_wconf 90' lang='lat' dir='ltr'>nuper</span> 
     </span>
     <span class='ocr_line' id='line_1_27' title="bbox 211 2488 2001 2554; baseline 0.001 -19"><span class='ocrx_word' id='word_1_231' title='bbox 211 2491 479 2547; x_wconf 85' lang='lat' dir='ltr'>oratorum,</span> <span class='ocrx_word' id='word_1_232' title='bbox 505 2493 742 2537; x_wconf 89' lang='lat' dir='ltr'>eteorum</span> <span class='ocrx_word' id='word_1_233' title='bbox 767 2505 966 2554; x_wconf 88' lang='lat' dir='ltr'>operam</span> <span class='ocrx_word' id='word_1_234' title='bbox 984 2488 1358 2538; x_wconf 89' lang='lat' dir='ltr'>commendavit.</span> <span class='ocrx_word' id='word_1_235' title='bbox 1378 2491 1646 2552; x_wconf 88' lang='lat' dir='ltr'>Propterea</span> <span class='ocrx_word' id='word_1_236' title='bbox 1661 2504 1827 2552; x_wconf 90' lang='lat' dir='ltr'>regem</span> <span class='ocrx_word' id='word_1_237' title='bbox 1850 2489 2001 2537; x_wconf 84' lang='lat' dir='ltr'>multa</span> 
     </span>
     <span class='ocr_line' id='line_1_28' title="bbox 211 2569 2000 2637; baseline -0.001 -18"><span class='ocrx_word' id='word_1_238' title='bbox 211 2569 360 2620; x_wconf 85' lang='lat' dir='ltr'>ardua</span> <span class='ocrx_word' id='word_1_239' title='bbox 383 2575 617 2635; x_wconf 87' lang='lat' dir='ltr'>etmagne</span> <span class='ocrx_word' id='word_1_240' title='bbox 638 2571 947 2636; x_wconf 89' lang='lat' dir='ltr'>importantie</span> <span class='ocrx_word' id='word_1_241' title='bbox 974 2573 1172 2637; x_wconf 85' lang='lat' dir='ltr'>negotia</span> <span class='ocrx_word' id='word_1_242' title='bbox 1192 2573 1308 2636; x_wconf 90' lang='lat' dir='ltr'>ipsis</span> <span class='ocrx_word' id='word_1_243' title='bbox 1333 2572 1595 2621; x_wconf 88' lang='lat' dir='ltr'>commissa</span> <span class='ocrx_word' id='word_1_244' title='bbox 1616 2587 1724 2621; x_wconf 90' lang='lat' dir='ltr'>esse</span> <span class='ocrx_word' id='word_1_245' title='bbox 1748 2572 2000 2620; x_wconf 86' lang='lat' dir='ltr'>Sanctitati</span> 
     </span>
     <span class='ocr_line' id='line_1_29' title="bbox 213 2642 1999 2720; baseline -0.001 -17"><span class='ocrx_word' id='word_1_246' title='bbox 213 2669 300 2704; x_wconf 87' lang='lat' dir='ltr'>sue</span> <span class='ocrx_word' id='word_1_247' title='bbox 314 2654 602 2720; x_wconf 85' lang='lat' dir='ltr'>exponenda</span> <span class='ocrx_word' id='word_1_248' title='bbox 613 2672 704 2718; x_wconf 91' lang='lat' dir='ltr'>que</span> <span class='ocrx_word' id='word_1_249' title='bbox 721 2656 866 2705; x_wconf 93' lang='lat' dir='ltr'>modo</span> <span class='ocrx_word' id='word_1_250' title='bbox 889 2657 1036 2705; x_wconf 89' lang='lat' dir='ltr'>etiam</span> <span class='ocrx_word' id='word_1_251' title='bbox 1058 2657 1319 2705; x_wconf 89' lang='lat' dir='ltr'>summarie</span> <span class='ocrx_word' id='word_1_252' title='bbox 1343 2642 1583 2720; x_wconf 88' lang='lat' dir='ltr'>explicare</span> <span class='ocrx_word' id='word_1_253' title='bbox 1605 2655 1742 2705; x_wconf 89' lang='lat' dir='ltr'>valde</span> <span class='ocrx_word' id='word_1_254' title='bbox 1762 2656 1999 2720; x_wconf 86' lang='lat' dir='ltr'>prolixum</span> 
     </span>
     <span class='ocr_line' id='line_1_30' title="bbox 213 2736 1998 2803; baseline 0.001 -19"><span class='ocrx_word' id='word_1_255' title='bbox 213 2740 378 2785; x_wconf 84' lang='lat' dir='ltr'>esset:</span> <span class='ocrx_word' id='word_1_256' title='bbox 409 2736 609 2801; x_wconf 86' lang='lat' dir='ltr'>rogabat</span> <span class='ocrx_word' id='word_1_257' title='bbox 646 2737 848 2801; x_wconf 89' lang='lat' dir='ltr'>proinde</span> <span class='ocrx_word' id='word_1_258' title='bbox 883 2742 1074 2803; x_wconf 88' lang='lat' dir='ltr'>tempus</span> <span class='ocrx_word' id='word_1_259' title='bbox 1111 2738 1241 2787; x_wconf 90' lang='lat' dir='ltr'>aliud</span> <span class='ocrx_word' id='word_1_260' title='bbox 1277 2739 1347 2787; x_wconf 90' lang='lat' dir='ltr'>eis</span> <span class='ocrx_word' id='word_1_261' title='bbox 1389 2739 1550 2798; x_wconf 88' lang='lat' dir='ltr'>statui,</span> <span class='ocrx_word' id='word_1_262' title='bbox 1590 2751 1685 2802; x_wconf 89' lang='lat' dir='ltr'>quo</span> <span class='ocrx_word' id='word_1_263' title='bbox 1721 2739 1796 2788; x_wconf 89' lang='lat' dir='ltr'>vel</span> <span class='ocrx_word' id='word_1_264' title='bbox 1835 2754 1998 2787; x_wconf 88' lang='lat' dir='ltr'>coram</span> 
     </span>
     <span class='ocr_line' id='line_1_31' title="bbox 215 2818 1999 2885; baseline 0.001 -18"><span class='ocrx_word' id='word_1_265' title='bbox 215 2818 480 2868; x_wconf 85' lang='lat' dir='ltr'>Sanctitate</span> <span class='ocrx_word' id='word_1_266' title='bbox 503 2835 589 2868; x_wconf 91' lang='lat' dir='ltr'>sua</span> <span class='ocrx_word' id='word_1_267' title='bbox 603 2819 676 2868; x_wconf 91' lang='lat' dir='ltr'>vel</span> <span class='ocrx_word' id='word_1_268' title='bbox 694 2836 982 2883; x_wconf 86' lang='lat' dir='ltr'>quocunque</span> <span class='ocrx_word' id='word_1_269' title='bbox 1005 2821 1099 2869; x_wconf 91' lang='lat' dir='ltr'>alio</span> <span class='ocrx_word' id='word_1_270' title='bbox 1121 2837 1209 2885; x_wconf 91' lang='lat' dir='ltr'>per</span> <span class='ocrx_word' id='word_1_271' title='bbox 1237 2822 1553 2870; x_wconf 86' lang='lat' dir='ltr'>Sanctitatem</span> <span class='ocrx_word' id='word_1_272' title='bbox 1586 2838 1724 2870; x_wconf 90' lang='lat' dir='ltr'>suam</span> <span class='ocrx_word' id='word_1_273' title='bbox 1754 2822 1918 2869; x_wconf 88' lang='lat' dir='ltr'>forsan</span> <span class='ocrx_word' id='word_1_274' title='bbox 1938 2822 1999 2869; x_wconf 90' lang='lat' dir='ltr'>ad</span> 
     </span>
    </p>
   </div>
   <div class='ocr_carea' id='block_1_3' title="bbox 214 2945 2007 3472">
    <p class='ocr_par' dir='ltr' id='par_1_4' title="bbox 214 2945 2007 3472">
     <span class='ocr_line' id='line_1_32' title="bbox 264 2945 1996 2993; baseline -0.001 -11"><span class='ocrx_word' id='word_1_275' title='bbox 264 2947 298 2982; x_wconf 80' lang='lat'>¹.</span> <span class='ocrx_word' id='word_1_276' title='bbox 327 2961 346 2980; x_wconf 88' lang='lat'>«</span> <span class='ocrx_word' id='word_1_277' title='bbox 367 2946 610 2984; x_wconf 86' lang='lat' dir='ltr'>Instructions</span> <span class='ocrx_word' id='word_1_278' title='bbox 630 2948 651 2983; x_wconf 75' lang='grc' dir='ltr'>ὁ,</span> <span class='ocrx_word' id='word_1_279' title='bbox 671 2945 859 2983; x_wconf 85' lang='lat' dir='ltr'>Monsieur</span> <span class='ocrx_word' id='word_1_280' title='bbox 888 2945 1081 2993; x_wconf 84' lang='lat' dir='ltr'>l&#39;Evesque</span> <span class='ocrx_word' id='word_1_281' title='bbox 1110 2946 1155 2982; x_wconf 88' lang='lat' dir='ltr'>de</span> <span class='ocrx_word' id='word_1_282' title='bbox 1175 2946 1346 2991; x_wconf 79' lang='lat' dir='ltr'>Lombez,</span> <span class='ocrx_word' id='word_1_283' title='bbox 1366 2946 1472 2983; x_wconf 80' lang='lat' dir='ltr'>Abbe</span> <span class='ocrx_word' id='word_1_284' title='bbox 1494 2946 1538 2983; x_wconf 89' lang='lat' dir='ltr'>de</span> <span class='ocrx_word' id='word_1_285' title='bbox 1560 2945 1665 2983; x_wconf 84' lang='lat' dir='ltr'>Saint</span> <span class='ocrx_word' id='word_1_286' title='bbox 1688 2946 1826 2992; x_wconf 85' lang='lat' dir='ltr'>Denys,</span> <span class='ocrx_word' id='word_1_287' title='bbox 1849 2947 1870 2981; x_wconf 78' lang='lat' dir='ltr'>a</span> <span class='ocrx_word' id='word_1_288' title='bbox 1890 2945 1996 2981; x_wconf 92' lang='lat' dir='ltr'>Mon-</span> 
     </span>
     <span class='ocr_line' id='line_1_33' title="bbox 215 3003 1998 3053; baseline -0.001 -11"><span class='ocrx_word' id='word_1_289' title='bbox 215 3004 314 3043; x_wconf 86' lang='lat' dir='ltr'>sieur</span> <span class='ocrx_word' id='word_1_290' title='bbox 332 3005 365 3042; x_wconf 85' lang='lat' dir='ltr'>le</span> <span class='ocrx_word' id='word_1_291' title='bbox 385 3006 653 3044; x_wconf 85' lang='lat' dir='ltr'>Grand-Prieur</span> <span class='ocrx_word' id='word_1_292' title='bbox 682 3005 929 3053; x_wconf 83' lang='lat' dir='ltr'>d&#39;Auvergne,</span> <span class='ocrx_word' id='word_1_293' title='bbox 951 3008 973 3042; x_wconf 78' lang='lat' dir='ltr'>a</span> <span class='ocrx_word' id='word_1_294' title='bbox 993 3005 1180 3042; x_wconf 88' lang='lat' dir='ltr'>Monsieur</span> <span class='ocrx_word' id='word_1_295' title='bbox 1200 3005 1330 3042; x_wconf 82' lang='lat' dir='ltr'>l’Abbe</span> <span class='ocrx_word' id='word_1_296' title='bbox 1353 3005 1459 3043; x_wconf 83' lang='lat' dir='ltr'>Saint</span> <span class='ocrx_word' id='word_1_297' title='bbox 1481 3005 1665 3043; x_wconf 88' lang='lat' dir='ltr'>Antboine</span> <span class='ocrx_word' id='word_1_298' title='bbox 1682 3005 1727 3041; x_wconf 88' lang='lat' dir='ltr'>de</span> <span class='ocrx_word' id='word_1_299' title='bbox 1741 3003 1927 3049; x_wconf 88' lang='lat' dir='ltr'>Viennois‚</span> <span class='ocrx_word' id='word_1_300' title='bbox 1952 3016 1998 3040; x_wconf 89' lang='lat' dir='ltr'>au</span> 
     </span>
     <span class='ocr_line' id='line_1_34' title="bbox 215 3063 1998 3113; baseline -0.002 -11"><span class='ocrx_word' id='word_1_301' title='bbox 215 3064 397 3113; x_wconf 85' lang='lat' dir='ltr'>Seigneur</span> <span class='ocrx_word' id='word_1_302' title='bbox 424 3065 469 3102; x_wconf 87' lang='lat' dir='ltr'>de</span> <span class='ocrx_word' id='word_1_303' title='bbox 493 3065 653 3112; x_wconf 85' lang='lat' dir='ltr'>Faucon,</span> <span class='ocrx_word' id='word_1_304' title='bbox 683 3067 705 3102; x_wconf 78' lang='lat' dir='ltr'>a</span> <span class='ocrx_word' id='word_1_305' title='bbox 733 3065 886 3103; x_wconf 86' lang='lat' dir='ltr'>Maistre</span> <span class='ocrx_word' id='word_1_306' title='bbox 919 3065 1011 3101; x_wconf 80' lang='lat' dir='ltr'>Jean</span> <span class='ocrx_word' id='word_1_307' title='bbox 1042 3064 1175 3110; x_wconf 85' lang='lat' dir='ltr'>Rabot‚</span> <span class='ocrx_word' id='word_1_308' title='bbox 1209 3064 1360 3102; x_wconf 86' lang='lat' dir='ltr'>Charles</span> <span class='ocrx_word' id='word_1_309' title='bbox 1387 3066 1432 3102; x_wconf 87' lang='lat' dir='ltr'>de</span> <span class='ocrx_word' id='word_1_310' title='bbox 1466 3065 1658 3110; x_wconf 87' lang='lat' dir='ltr'>Hautbois‚</span> <span class='ocrx_word' id='word_1_311' title='bbox 1687 3064 1840 3101; x_wconf 86' lang='lat' dir='ltr'>Benoist</span> <span class='ocrx_word' id='word_1_312' title='bbox 1867 3063 1998 3108; x_wconf 86' lang='lat' dir='ltr'>Adam,</span> 
     </span>
     <span class='ocr_line' id='line_1_35' title="bbox 214 3123 2000 3174; baseline -0.002 -12"><span class='ocrx_word' id='word_1_313' title='bbox 214 3123 347 3162; x_wconf 86' lang='lat' dir='ltr'>Michel</span> <span class='ocrx_word' id='word_1_314' title='bbox 368 3125 514 3174; x_wconf 88' lang='lat' dir='ltr'>Biquet,</span> <span class='ocrx_word' id='word_1_315' title='bbox 535 3125 717 3163; x_wconf 87' lang='lat' dir='ltr'>Antboine</span> <span class='ocrx_word' id='word_1_316' title='bbox 734 3125 914 3170; x_wconf 88' lang='lat' dir='ltr'>Desseurs,</span> <span class='ocrx_word' id='word_1_317' title='bbox 929 3124 1019 3161; x_wconf 88' lang='lat' dir='ltr'>Jean</span> <span class='ocrx_word' id='word_1_318' title='bbox 1041 3124 1086 3161; x_wconf 88' lang='lat' dir='ltr'>de</span> <span class='ocrx_word' id='word_1_319' title='bbox 1107 3124 1283 3170; x_wconf 86' lang='lat' dir='ltr'>Candida,</span> <span class='ocrx_word' id='word_1_320' title='bbox 1298 3125 1386 3161; x_wconf 89' lang='lat' dir='ltr'>Jean</span> <span class='ocrx_word' id='word_1_321' title='bbox 1400 3126 1609 3170; x_wconf 75' lang='lat' dir='ltr'>Briconnet,</span> <span class='ocrx_word' id='word_1_322' title='bbox 1626 3125 1714 3161; x_wconf 88' lang='lat' dir='ltr'>Jean</span> <span class='ocrx_word' id='word_1_323' title='bbox 1732 3123 1904 3167; x_wconf 82' lang='lat' dir='ltr'>LienanS,</span> <span class='ocrx_word' id='word_1_324' title='bbox 1918 3127 2000 3159; x_wconf 89' lang='lat' dir='ltr'>tous</span> 
     </span>
     <span class='ocr_line' id='line_1_36' title="bbox 215 3182 2004 3233; baseline -0.001 -14"><span class='ocrx_word' id='word_1_325' title='bbox 215 3182 433 3221; x_wconf 82' lang='lat' dir='ltr'>Conseillers</span> <span class='ocrx_word' id='word_1_326' title='bbox 453 3189 490 3222; x_wconf 86' lang='lat' dir='ltr'>et</span> <span class='ocrx_word' id='word_1_327' title='bbox 507 3187 529 3222; x_wconf 74' lang='lat' dir='ltr'>a</span> <span class='ocrx_word' id='word_1_328' title='bbox 555 3184 759 3223; x_wconf 85' lang='lat' dir='ltr'>Guillaume</span> <span class='ocrx_word' id='word_1_329' title='bbox 790 3184 965 3233; x_wconf 83' lang='lat' dir='ltr'>Bougier,</span> <span class='ocrx_word' id='word_1_330' title='bbox 991 3183 1193 3220; x_wconf 77' lang='lat' dir='ltr'>Secretaire</span> <span class='ocrx_word' id='word_1_331' title='bbox 1222 3184 1271 3220; x_wconf 90' lang='lat' dir='ltr'>du</span> <span class='ocrx_word' id='word_1_332' title='bbox 1297 3184 1394 3232; x_wconf 84' lang='lat' dir='ltr'>Roy,</span> <span class='ocrx_word' id='word_1_333' title='bbox 1421 3185 1600 3221; x_wconf 85' lang='lat' dir='ltr'>touchant</span> <span class='ocrx_word' id='word_1_334' title='bbox 1619 3195 1660 3220; x_wconf 88' lang='lat' dir='ltr'>ce</span> <span class='ocrx_word' id='word_1_335' title='bbox 1690 3183 1797 3231; x_wconf 87' lang='lat' dir='ltr'>qu&#39;ils</span> <span class='ocrx_word' id='word_1_336' title='bbox 1826 3187 1957 3219; x_wconf 86' lang='lat' dir='ltr'>auront</span> <span class='ocrx_word' id='word_1_337' title='bbox 1982 3184 2004 3218; x_wconf 78' lang='lat' dir='ltr'>a</span> 
     </span>
     <span class='ocr_line' id='line_1_37' title="bbox 214 3240 2004 3294; baseline -0.002 -15"><span class='ocrx_word' id='word_1_338' title='bbox 214 3241 399 3292; x_wconf 83' lang='lat' dir='ltr'>besogner</span> <span class='ocrx_word' id='word_1_339' title='bbox 415 3244 459 3281; x_wconf 88' lang='lat' dir='ltr'>de</span> <span class='ocrx_word' id='word_1_340' title='bbox 480 3256 543 3293; x_wconf 81' lang='lat' dir='ltr'>par</span> <span class='ocrx_word' id='word_1_341' title='bbox 561 3245 666 3282; x_wconf 88' lang='lat' dir='ltr'>icelui</span> <span class='ocrx_word' id='word_1_342' title='bbox 686 3244 868 3294; x_wconf 86' lang='lat' dir='ltr'>Seigneur</span> <span class='ocrx_word' id='word_1_343' title='bbox 889 3256 1018 3281; x_wconf 83' lang='lat' dir='ltr'>envers</span> <span class='ocrx_word' id='word_1_344' title='bbox 1040 3248 1165 3280; x_wconf 86' lang='lat' dir='ltr'>nostre</span> <span class='ocrx_word' id='word_1_345' title='bbox 1188 3243 1293 3281; x_wconf 83' lang='lat' dir='ltr'>Saint</span> <span class='ocrx_word' id='word_1_346' title='bbox 1313 3243 1402 3281; x_wconf 81' lang='lat' dir='ltr'>Pere</span> <span class='ocrx_word' id='word_1_347' title='bbox 1420 3244 1452 3280; x_wconf 89' lang='lat' dir='ltr'>le</span> <span class='ocrx_word' id='word_1_348' title='bbox 1472 3245 1586 3292; x_wconf 77' lang='lat' dir='ltr'>Papa.</span> <span class='ocrx_word' id='word_1_349' title='bbox 1604 3257 1622 3279; x_wconf 86' lang='lat'>»</span> <span class='ocrx_word' id='word_1_350' title='bbox 1644 3243 1737 3291; x_wconf 87' lang='lat' dir='ltr'>Voy.</span> <span class='ocrx_word' id='word_1_351' title='bbox 1755 3245 1776 3279; x_wconf 76' lang='lat' dir='ltr'>a</span> <span class='ocrx_word' id='word_1_352' title='bbox 1796 3240 2004 3289; x_wconf 86' lang='lat' dir='ltr'>l&#39;Append.,</span> 
     </span>
     <span class='ocr_line' id='line_1_38' title="bbox 216 3299 2001 3353; baseline -0.001 -16"><span class='ocrx_word' id='word_1_353' title='bbox 216 3308 259 3337; x_wconf 86' lang='lat' dir='ltr'>n⁰</span> <span class='ocrx_word' id='word_1_354' title='bbox 285 3303 344 3348; x_wconf 86' lang='lat'>37,</span> <span class='ocrx_word' id='word_1_355' title='bbox 367 3315 408 3340; x_wconf 86' lang='lat' dir='ltr'>ce</span> <span class='ocrx_word' id='word_1_356' title='bbox 428 3303 621 3342; x_wconf 87' lang='lat' dir='ltr'>document</span> <span class='ocrx_word' id='word_1_357' title='bbox 643 3303 828 3353; x_wconf 84' lang='lat' dir='ltr'>reproduit</span> <span class='ocrx_word' id='word_1_358' title='bbox 855 3304 899 3340; x_wconf 89' lang='lat' dir='ltr'>ici</span> <span class='ocrx_word' id='word_1_359' title='bbox 932 3307 954 3340; x_wconf 82' lang='lat' dir='ltr'>a</span> <span class='ocrx_word' id='word_1_360' title='bbox 982 3315 1092 3340; x_wconf 86' lang='lat' dir='ltr'>cause</span> <span class='ocrx_word' id='word_1_361' title='bbox 1120 3303 1165 3340; x_wconf 90' lang='lat' dir='ltr'>de</span> <span class='ocrx_word' id='word_1_362' title='bbox 1193 3314 1259 3340; x_wconf 87' lang='lat' dir='ltr'>son</span> <span class='ocrx_word' id='word_1_363' title='bbox 1289 3303 1530 3351; x_wconf 82' lang='lat' dir='ltr'>importance,</span> <span class='ocrx_word' id='word_1_364' title='bbox 1551 3303 1632 3339; x_wconf 87' lang='lat' dir='ltr'>bien</span> <span class='ocrx_word' id='word_1_365' title='bbox 1655 3303 1739 3350; x_wconf 78' lang='lat' dir='ltr'>qu‘il</span> <span class='ocrx_word' id='word_1_366' title='bbox 1767 3301 1831 3339; x_wconf 85' lang='lat' dir='ltr'>ait·</span> <span class='ocrx_word' id='word_1_367' title='bbox 1843 3299 1925 3348; x_wconf 77' lang='lat' dir='ltr'>deja</span> <span class='ocrx_word' id='word_1_368' title='bbox 1945 3302 2001 3336; x_wconf 82' lang='lat' dir='ltr'>ete</span> 
     </span>
     <span class='ocr_line' id='line_1_39' title="bbox 215 3360 2007 3413; baseline -0.002 -15"><span class='ocrx_word' id='word_1_369' title='bbox 215 3361 339 3410; x_wconf 72' lang='lat' dir='ltr'>public</span> <span class='ocrx_word' id='word_1_370' title='bbox 353 3374 418 3411; x_wconf 87' lang='lat' dir='ltr'>par</span> <span class='ocrx_word' id='word_1_371' title='bbox 438 3363 633 3413; x_wconf 78' lang='lat' dir='ltr'>Godet&#39;roy,</span> <span class='ocrx_word' id='word_1_372' title='bbox 651 3364 752 3401; x_wconf 79' lang='lat' dir='ltr'>Hist.</span> <span class='ocrx_word' id='word_1_373' title='bbox 769 3365 817 3400; x_wconf 87' lang='lat' dir='ltr'>de</span> <span class='ocrx_word' id='word_1_374' title='bbox 834 3365 995 3400; x_wconf 74' lang='lat' dir='ltr'>Charles</span> <span class='ocrx_word' id='word_1_375' title='bbox 1016 3363 1126 3408; x_wconf 91' lang='lat' dir='ltr'><em>VIII,</em></span> <span class='ocrx_word' id='word_1_376' title='bbox 1143 3374 1177 3410; x_wconf 91' lang='lat' dir='ltr'>p.</span> <span class='ocrx_word' id='word_1_377' title='bbox 1194 3363 1277 3409; x_wconf 89' lang='lat'>617,</span> <span class='ocrx_word' id='word_1_378' title='bbox 1295 3367 1330 3399; x_wconf 89' lang='lat' dir='ltr'>et</span> <span class='ocrx_word' id='word_1_379' title='bbox 1345 3374 1410 3411; x_wconf 87' lang='lat' dir='ltr'>par</span> <span class='ocrx_word' id='word_1_380' title='bbox 1424 3363 1469 3399; x_wconf 87' lang='lat' dir='ltr'>de</span> <span class='ocrx_word' id='word_1_381' title='bbox 1489 3363 1659 3399; x_wconf 85' lang='lat' dir='ltr'>Pastoret</span> <span class='ocrx_word' id='word_1_382' title='bbox 1679 3361 1771 3398; x_wconf 85' lang='lat' dir='ltr'>dans</span> <span class='ocrx_word' id='word_1_383' title='bbox 1785 3360 1839 3397; x_wconf 86' lang='lat' dir='ltr'>les</span> <span class='ocrx_word' id='word_1_384' title='bbox 1859 3361 2007 3396; x_wconf 73' lang='lat' dir='ltr'>Ordou-</span> 
     </span>
     <span class='ocr_line' id='line_1_40' title="bbox 216 3422 1136 3472; baseline 0.007 -15"><span class='ocrx_word' id='word_1_385' title='bbox 216 3433 360 3458; x_wconf 78' lang='lat' dir='ltr'>nances</span> <span class='ocrx_word' id='word_1_386' title='bbox 378 3424 445 3459; x_wconf 80' lang='lat' dir='ltr'>des</span> <span class='ocrx_word' id='word_1_387' title='bbox 464 3422 558 3460; x_wconf 75' lang='lat' dir='ltr'>Rois</span> <span class='ocrx_word' id='word_1_388' title='bbox 577 3425 625 3460; x_wconf 82' lang='lat' dir='ltr'>de</span> <span class='ocrx_word' id='word_1_389' title='bbox 644 3425 810 3468; x_wconf 73' lang='lat' dir='ltr'>France,</span> <span class='ocrx_word' id='word_1_390' title='bbox 830 3429 857 3462; x_wconf 90' lang='lat' dir='ltr'>t.</span> <span class='ocrx_word' id='word_1_391' title='bbox 880 3425 962 3466; x_wconf 87' lang='lat' dir='ltr'>XX,</span> <span class='ocrx_word' id='word_1_392' title='bbox 986 3435 1026 3472; x_wconf 92' lang='lat' dir='ltr'>p.</span> <span class='ocrx_word' id='word_1_393' title='bbox 1052 3422 1136 3459; x_wconf 77' lang='grc'>290.</span> 
     </span>
    </p>
   </div>
   <div class='ocr_carea' id='block_1_4' title="bbox 406 3501 1817 3536">
    <p class='ocr_par' dir='ltr' id='par_1_5' title="bbox 406 3501 1817 3536">
     <span class='ocr_line' id='line_1_41' title="bbox 406 3501 1817 3536; baseline 0 -1"><span class='ocrx_word' id='word_1_394' title='bbox 406 3511 439 3535; x_wconf 83' lang='grc' dir='ltr'>τ.</span> <span class='ocrx_word' id='word_1_395' title='bbox 469 3512 492 3536; x_wconf 89' lang='grc' dir='ltr'>ι.</span> <span class='ocrx_word' id='word_1_396' title='bbox 1769 3501 1817 3535; x_wconf 82' lang='lat'>28</span> 
     </span>
    </p>
   </div>
  </div>
 </body>
</html>
