2262 3958
178 259 288 309 [Avril
309 257 401 307 ¹492]
618 256 787 294 RERUM
823 255 1129 294 UHBANARL'M
1162 254 1516 293 COMMENTARH.
1897 258 1971 294 460

175 362 516 427 episcoporum
566 357 882 407 cardinalium
930 358 1089 422 ipsum
1131 355 1386 419 adjuvante
1434 371 1568 404 more
1611 358 1769 408 solito.
1825 363 1969 410 Facta

173 443 516 495 communione
549 458 636 507 per
656 442 1003 500 celebrantem,
1038 438 1345 489 credentiarii
1374 441 1501 504 Pape
1526 448 1791 505 posuerunt
1824 461 1969 508 supra

172 527 340 588 altare,
364 525 413 575 in
432 542 583 575 cornu
607 525 858 589 evangelii,
882 526 978 574 duo
1000 524 1171 574 bacilia
1194 525 1320 587 Pape
1337 539 1446 573 cum
1460 526 1700 590 mappulis
1719 532 1766 575 et
1791 533 1965 587 tazzea,

170 626 308 662 more
326 610 467 659 solito
493 614 541 659 et
561 610 642 659 illa
661 609 840 658 ibidem
863 609 1163 658 retinuerunt
1182 623 1333 671 usque
1358 609 1418 656 ad
1448 609 1709 658 secundam
1730 610 1966 661 lotionem

171 698 319 760 Pape.
346 694 558 744 Sacrista
574 709 687 743 vero
709 691 871 757 posuit
895 695 1100 741 tazzeam
1123 710 1261 741 suam
1284 709 1394 742 cum
1419 692 1632 756 ampulla
1652 694 1746 742 vini
1769 699 1817 743 et
1836 697 1966 760 puri-

172 779 391 828 ficatorio
419 794 566 843 super
595 777 763 836 altare,
790 779 900 840 post
937 775 1115 824 dictam
1153 776 1550 824 communionem
1584 777 1891 838 celebrantiS,
1918 780 1966 828 in

173 878 324 912 cornu
345 862 548 928 epistole
577 860 657 910 ubi
684 875 795 908 cum
829 858 921 906 illis
957 859 1241 922 expectavit,
1279 865 1325 908 et
1348 859 1537 922 incepta
1560 861 1721 923 populi
1747 877 1967 911 commu-

171 947 336 1007 nione,
364 949 615 995 ostensum
635 943 724 991 fuit
745 941 993 990 sudarium
1018 941 1211 991 Domini
1234 946 1280 991 et
1302 943 1481 1006 populo
1504 943 1683 993 ibidem
1716 951 1967 996 ostensum

170 1036 218 1083 et
246 1031 429 1080 dictum
456 1029 585 1094 quod
614 1028 705 1077 iret
735 1027 796 1076 ad
825 1027 990 1076 locum
1027 1026 1219 1090 publice
1260 1026 1631 1076 benedictionis
1674 1028 1805 1077 Lotis
1838 1033 1964 1094 Papo

170 1115 413 1174 manibuS,
438 1117 664 1163 cantores
685 1111 1432 1160 dixeruntPostcommzmionem
1455 1114 1502 1160 et
1522 1110 1660 1161 finita
1681 1117 1754 1162 est
1775 1113 1923 1163 missa
1952 1132 1962 1164 :

171 1201 302 1264 Papa
320 1196 453 1247 dedit
472 1195 864 1245 benedictionem
886 1194 1068 1259 absque
1089 1195 1419 1258 indulgentiis.
1446 1197 1566 1244 Tum
1588 1201 1788 1262 accepto
1810 1214 1964 1263 regno

113 1314 115 1316 -
173 1281 261 1331 sub
296 1279 606 1340 baldachinO,
640 1280 768 1329 venit
804 1280 864 1327 ad
902 1280 1065 1328 locum
1099 1278 1289 1343 publice
1334 1279 1687 1330 benedictionis
1720 1298 1808 1346 per
1838 1282 1964 1332 viam

173 1365 353 1415 sudarii
373 1364 577 1430 predicti
595 1364 724 1428 quod
755 1364 844 1413 sibi
865 1364 953 1413 fuit
982 1368 1248 1423 ostensum,
1281 1363 1605 1412 cardinalibus
1630 1367 1675 1413 et
1697 1365 1895 1429 prelatis
1917 1365 1965 1414 in

174 1450 340 1516 cappis
362 1449 460 1498 suis
485 1447 856 1498 associantibus
888 1451 941 1496 In
967 1448 1076 1497 loco
1104 1447 1340 1512 predictO,
1368 1450 1497 1512 Papa
1519 1448 1710 1513 publice
1728 1449 1964 1514 populum

173 1533 422 1584 benedixit
443 1537 490 1583 et
510 1531 751 1598 plenarias
778 1532 1102 1596 indulgentias
1134 1532 1378 1581 concessit
1406 1548 1525 1595 quas
1559 1533 1895 1596 pronunciavit
1922 1551 1960 1581 s.

174 1617 370 1683 Georgii
396 1617 445 1666 in
465 1617 615 1667 latino
637 1620 684 1665 et
705 1616 763 1664 de
796 1616 1030 1665 Columna
1056 1616 1246 1665 diaconi
1272 1616 1541 1665 cardinales
1561 1616 1610 1664 in
1629 1617 1840 1681 vulgari;
1866 1633 1966 1666 non

173 1703 263 1752 suit
283 1717 446 1751 sermo
471 1718 482 1750 ε
509 1703 610 1750 DD.
634 1699 942 1749 subdiaconis
966 1700 1244 1765 apostolicis
1262 1700 1511 1749 videbatur
1535 1701 1596 1750 ad
1614 1716 1698 1750 eos
1719 1701 1965 1766 pertinere

170 1788 498 1852 portationem
519 1788 682 1838 calicis
706 1804 818 1837 cum
848 1791 1152 1836 sacramento
1180 1802 1267 1850 pro
1289 1785 1634 1834 communione
1656 1786 1822 1849 populi
1843 1802 1852 1844 ;
1879 1785 1966 1834 sed

174 1873 232 1921 D.
251 1870 473 1920 Pientino
495 1876 542 1920 et
562 1887 641 1920 me
662 1870 962 1920 contrarium
990 1869 1330 1928 sentientibuS‚
1359 1870 1633 1918 habuerunt
1658 1868 1960 1933 patientiam.

237 1957 378 2006 Feria
415 1957 630 2006 secunda
663 1957 868 2016 pasche,
902 1959 960 2005 23
994 1954 1176 2020 aprilis,
1210 1957 1376 2002 Rmus.
1413 1957 1469 2002 D.
1506 1954 1763 2002 cardinalis
1799 1958 1964 2001 sancte

168 2041 422 2091 Anastasia
456 2040 717 2090 celebravit
737 2042 933 2090 missam
955 2040 1195 2104 publicam
1228 2039 1275 2088 in
1307 2040 1480 2089 eadem
1503 2040 1705 2105 capella,
1730 2042 1853 2104 Papa
1879 2038 1966 2088 ab-

171 2129 328 2184 sente,
352 2128 400 2173 et
427 2124 681 2174 observata
702 2129 813 2173 sunt
835 2125 999 2173 omnia
1020 2139 1158 2172 more
1184 2123 1341 2172 solito.

237 2208 377 2257 Feria
409 2208 551 2258 tertia
577 2209 782 2267 Pasche,
818 2211 879 2255 24
907 2207 1088 2271 apriliS,
1124 2210 1291 2256 Rmus.
1331 2211 1388 2257 D.
1422 2209 1679 2257 cardinalis
1716 2211 1966 2258 Beneven-

170 2296 312 2342 tanus
332 2292 594 2341 celebravit
615 2292 815 2342 missam
840 2291 1083 2356 publicam
1109 2292 1155 2339 in
1176 2292 1349 2341 eadem
1366 2293 1568 2357 capella,
1595 2295 1723 2358 Papa
1742 2294 1961 2350 absente,

171 2379 220 2425 et
239 2375 492 2424 observata
509 2379 621 2424 sunt
643 2376 805 2424 omnia
825 2391 962 2424 more
985 2374 1143 2424 solito.
1169 2374 1325 2423 Finita
1343 2375 1509 2434 missa,
1536 2376 1806 2424 cardinales
1833 2375 1966 2424 fece—

173 2464 286 2509 runt
306 2459 541 2509 circulum
561 2459 659 2509 sive
686 2460 1119 2524 congregationem
1144 2444 1343 2523 propter
1362 2460 1619 2509 adventum
1642 2460 1713 2508 lll.
1734 2460 1965 2525 principis

171 2547 349 2609 Capue,
371 2544 682 2610 primogeniti
712 2545 847 2594 ducis
867 2543 1104 2602 Calabrie,
1130 2559 1217 2606 pro
1234 2544 1380 2593 modo
1403 2549 1451 2593 et
1478 2544 1649 2593 ordine
1672 2544 1965 2609 receptionis

171 2644 256 2678 sue
278 2644 334 2677 ac
359 2628 468 2678 loco
490 2628 581 2676 sibi
603 2628 780 2687 dando,
811 2633 859 2677 et
879 2632 1135 2693 postquam
1158 2628 1437 2691 aliquandiu
1466 2629 1593 2678 inter
1613 2645 1697 2678 eos
1722 2629 1965 2692 discepta-

171 2717 275 2762 tum
296 2717 387 2770 est,
411 2716 626 2771 vocatuS,
647 2713 756 2760 veni
778 2712 837 2761 ad
855 2711 1088 2761 circulum
1111 2712 1160 2759 in
1181 2713 1343 2761 medio
1364 2729 1534 2761 eorum
1558 2713 1861 2777 genufleXUS,
1886 2711 1965 2759 ubi

175 2811 204 2845 a
224 2798 363 2844 Rmo.
387 2797 442 2844 D.
468 2795 863 2845 vicecancellario
882 2795 1074 2859 collegii
1098 2795 1423 2860 interrogatus
1445 2797 1562 2860 quid
1581 2796 1699 2843 mihi
1720 2795 1965 2843 videretur

177 2879 237 2928 de
264 2878 434 2928 ordine
474 2878 739 2942 recipiendi
766 2879 1037 2942 principem
1066 2882 1228 2942 Capue
1260 2879 1393 2928 ducis
1425 2879 1642 2927 Calabrie
1673 2877 1966 2943 primogeni-

178 2965 281 3031 tum
302 2961 363 3010 ad
391 2961 571 3010 Urbem
604 2965 880 3019 venturum,
903 2965 951 3010 et
976 2961 1085 3010 loco
1108 2962 1156 3008 in
1177 2962 1362 3026 capella
1386 2961 1475 3010 sibi
1505 2962 1680 3020 dando,
1714 2959 1962 3024 respondi,

175 3045 361 3111 judicio
376 3061 489 3094 meo
505 3046 664 3110 ipsum
683 3061 770 3111 per
787 3045 910 3093 duos
929 3045 1451 3105 cardinales‚videlicet
1469 3062 1617 3093 unum
1634 3045 1969 3109 presbyterum

180 3133 227 3179 et
260 3145 408 3177 unum
429 3130 708 3190 diaconum,
739 3131 937 3179 nomine
959 3128 1202 3193 pontificis
1225 3134 1272 3178 et
1295 3129 1506 3193 collegii,
1532 3145 1586 3177 ac
1604 3128 1812 3176 familias
1835 3132 1969 3176 cete-

178 3228 343 3261 rorum
371 3213 588 3261 omnium
606 3214 921 3263 cardinalium
956 3229 1010 3261 ac
1042 3217 1261 3262 oratores
1293 3218 1340 3261 et
1365 3213 1578 3277 prelatos
1610 3228 1810 3259 romane
1834 3212 1967 3259 curie

179 3284 511 3361 recipiendum
533 3313 659 3357 esse,
684 3314 740 3347 ac
763 3298 925 3346 locum
948 3300 1055 3360 post
1079 3299 1271 3344 Rmum.
1298 3298 1354 3343 D.
1381 3296 1676 3343 cardinalem
1698 3297 1967 3344 Senensem

180 3380 391 3444 primum
407 3379 665 3430 diaconum
685 3381 774 3434 sibi
797 3381 1032 3438 dandum,
1068 3385 1115 3429 et
1150 3395 1236 3444 pro
1260 3380 1447 3429 ratione
1463 3380 1630 3444 judicii
1654 3379 1749 3427 mei
1771 3379 1968 3441 allegavi
