2262 3958
110 359 216 404 [Anat
235 359 327 402 1484]
551 355 722 394 RERUM
756 353 1062 394 URBANARUM
1099 349 1450 391 COMMENTARII.
1850 348 1897 384 69

173 460 498 514 Bernardinus
520 460 579 508 de
602 462 803 519 Lunate,

175 544 463 607 Franciscus
484 545 543 594 de
567 546 726 602 Curte,

172 627 396 678 Nicolaus
417 630 440 676 J
445 627 674 687 acomini,

173 714 419 765 Johannes
442 714 594 763 Ruble
616 711 906 778 pro—Jacobo
930 709 988 758 (16
1013 725 1051 756 s.
1077 706 1307 764 GenesiO,

175 799 420 848 Johannes
441 797 652 847 Lomber
669 811 757 860 pro
779 791 1082 842 Theodorico
1105 791 1164 839 de
1189 788 1499 852 Cocleghein.

178 885 316 943 Item,
341 882 471 931 idem
502 882 586 932 SS.
622 882 679 928 D.
712 880 768 927 N.
802 876 1004 941 signavit
1032 879 1079 924 et
1104 891 1192 942 pro
1218 890 1296 923 me
1325 874 1468 923 aliam
1500 874 1901 939 supplicationem

55 1000 58 1001 ν
112 983 260 1032 super
297 963 603 1031 prepositura
651 962 926 1011 Induerstat
965 963 1100 1009 extra
1146 975 1314 1009 muros
1364 959 1774 1023 BambergenseS,
1815 976 1904 1025 per

109 1049 467 1117 promotionem
491 1050 548 1098 D.
575 1046 847 1112 Moguntini
867 1048 1163 1095 vacaturam.

172 1136 307 1186 Motu
347 1131 562 1200 proprio.
606 1131 793 1180 Dilecto
839 1129 939 1179 filio
980 1127 1186 1178 Johanni
1227 1126 1510 1176 Burchardo
1545 1126 1782 1175 canonico
1821 1142 1903 1175 ec-

107 1219 254 1270 clesie
287 1217 442 1278 sancti
474 1216 658 1266 Thome
686 1214 1077 1279 ArgentinensiS,
1115 1213 1331 1278 cappelle
1364 1215 1530 1260 nostre
1559 1210 1738 1260 clerico
1766 1226 1905 1260 cere-

106 1303 380 1356 moniarum
419 1301 571 1366 quiin
603 1299 819 1349 conclavi
849 1298 1192 1363 assumptionis
1226 1302 1392 1346 nostre
1427 1297 1485 1346 ad
1514 1296 1703 1363 apicem
1731 1296 1908 1346 summi

107 1387 413 1455 apostolatus
444 1385 593 1435 ‘nohis
625 1384 792 1444 astitit,
834 1383 1095 1449 specialem
1134 1383 1336 1448 gratiam
1381 1382 1541 1431 facere
1581 1381 1818 1441 volentes,
1851 1381 1910 1429 de

109 1471 415 1539 prepositura
450 1469 658 1520 ecclesie
689 1471 836 1518 Beate
869 1468 1020 1517 Marie
1055 1484 1094 1515 s.
1132 1467 1340 1529 Genulfi,
1378 1470 1430 1515 ut
1460 1466 1694 1515 asseritur
1721 1482 1910 1514 nuncu-

110 1560 242 1623 pate,
266 1559 420 1615 extra,
450 1569 712 1619 seu-prope
740 1569 908 1601 muros
939 1553 1343 1616 BambergenseS,
1369 1567 1461 1615 que
1490 1550 1607 1598 inibi
1629 1550 1908 1615 principalis

112 1639 321 1704 dignitas
354 1636 533 1696 existit,
575 1636 722 1685 etiam
765 1635 804 1684 si
847 1638 1041 1684 curatus
1088 1634 1270 1683 electus
1313 1650 1368 1682 ac
1409 1632 1805 1699 jurisdictionalis
1848 1633 1908 1681 sit

114 1724 252 1789 cujus
277 1723 462 1786 fructus
496 1720 718 1769 videlicet
743 1736 837 1768 xxx
863 1734 1026 1767 marce
1064 1719 1251 1783 argenti
1286 1719 1555 1767 secundum
1592 1733 1906 1766 communem

113 1807 471 1858 estimationem
501 1804 678 1854 valoris
709 1803 857 1853 annui
885 1819 983 1852 non
1011 1803 1275 1862 excedunt,
1306 1818 1469 1866 quam,
1501 1817 1590 1866 per
1616 1801 1907 1850 electionem

111 1891 274 1942 dilecti
304 1889 397 1940 filii
428 1892 489 1939 Β.
529 1890 589 1938 (16
620 1888 914 1952 Henneberg
945 1887 1074 1936 illam
1106 1886 1394 1947 obtinentis,
1427 1887 1487 1935 ad
1525 1886 1782 1935 ecclesiam
1810 1888 1910 1934 Mo-

111 1974 392 2040 guntinam,
440 1989 598 2039 nuper
632 1971 841 2039 pastoris
885 1971 1056 2020 solatio
1094 1970 1400 2031 destitutam,
1440 1970 1643 2029 factam,
1685 1985 1743 2018 ex
1779 1985 1908 2017 nunc

106 2075 282 2109 vacare
330 2059 640 2109 decernimus
676 2062 723 2107 et
756 2058 1077 2117 declaramus,
1112 2057 1301 2106 etiamsi
1332 2073 1422 2122 per
1451 2056 1628 2105 dictam
1659 2055 1913 2105 electionis

109 2143 531 2195 confirmationem
578 2145 660 2191 aut
698 2158 872 2191 novam
905 2141 1257 2206 perfectionem
1297 2141 1423 2189 dicte
1463 2140 1670 2190 ecclesie
1700 2156 1790 2204 per
1820 2155 1909 2187 nos

110 2227 348 2287 fiendam,
387 2231 470 2276 aut
503 2226 720 2275 muneris
752 2225 1133 2275 consecrationis
1164 2225 1546 2291 impensionem,
1573 2242 1659 2275 seu
1689 2241 1777 2290 per
1804 2224 1910 2289 lap-

112 2327 219 2360 sum
246 2311 479 2377 temporis
500 2311 559 2359 de
583 2310 925 2360 consecrandis
949 2310 1191 2375 episcopis
1213 2314 1293 2359 aut
1321 2310 1438 2359 alias
1459 2310 1626 2374 quovis
1657 2309 1801 2358 modo
1823 2323 1908 2355 seu

112 2411 171 2446 ex
204 2395 402 2445 alterius
430 2395 778 2460 cujuscumque
806 2410 1040 2461 persona,
1072 2410 1156 2443 seu
1183 2410 1272 2459 per
1296 2393 1500 2442 liberam
1528 2393 1908 2459 resignationem

110 2479 226 2530 dicti
254 2481 310 2529 B.
336 2482 418 2528 aut
440 2478 649 2544 cujusvis
672 2478 870 2528 alterius
892 2478 951 2527 de
980 2478 1060 2526 illa
1086 2477 1135 2526 in
1156 2493 1357 2526 romana
1379 2477 1513 2526 curia
1537 2477 1612 2526 vel
1635 2481 1770 2526 extra
1800 2492 1907 2525 eam

109 2563 255 2615 etiam
291 2579 457 2613 coram
479 2563 667 2613 notario
688 2563 883 2629 publico
907 2566 954 2611 et
974 2563 1175 2612 testibus
1198 2566 1368 2628 sponte
1390 2562 1566 2610 factam
1586 2562 1661 2611 vel
1676 2561 1906 2622 fiendam,

107 2650 261 2707 vacet,
295 2647 371 2696 vel
392 2648 682 2707 devolutam,
709 2646 933 2697 affectam
956 2646 1230 2711 specialiter
1254 2646 1328 2695 vel
1357 2646 1474 2694 alias
1496 2662 1554 2695 ex
1576 2645 1740 2710 quavis
1765 2661 1911 2694 causa

107 2731 400 2796 generaliter
442 2735 703 2791 reservata,
733 2731 968 2796 litigiosa,
1009 2732 1150 2796 cujus
1177 2731 1272 2780 litis
1313 2734 1465 2779 status
1500 2730 1695 2791 existat,
1722 2730 1910 2779 etiamsi

107 2830 198 2879 per
220 2815 618 2865 constitutionem
638 2815 955 2875 Execrabilis,
979 2815 1053 2864 vel
1077 2816 1435 2864 assecutionem
1462 2815 1689 2864 beneficii
1711 2814 1908 2863 alterius

108 2897 275 2962 quavis
317 2898 608 2948 authoritate
658 2898 882 2947 collatam
920 2902 1073 2958 vacet,
1117 2898 1276 2948 eidem
1319 2898 1525 2947 Johanni
1573 2897 1903 2963 providemus,

112 2985 359 3030 cassantes
395 2998 564 3031 omnes
595 2985 643 3030 et
673 2981 885 3046 singulas
921 2971 1220 3047 provisiones
1257 2999 1343 3032 seu
1383 2983 1661 3031 mandatum
1701 2981 1759 3028 de
1790 2997 1903 3044 pro-

111 3063 317 3115 videndo
348 3066 388 3115 si
421 3066 662 3131 quod‘pro
696 3065 799 3114 aliis
834 3066 921 3114 sub
956 3066 1126 3115 eadem
1160 3066 1235 3116 vel
1271 3066 1436 3131 quavis
1469 3066 1562 3115 alia
1599 3066 1762 3114 datum
1795 3064 1900 3113 fieri

112 3149 416 3213 contingeret
453 3167 462 3199 :
499 3166 599 3199 non
638 3150 939 3199 obstantibus
976 3150 1399 3199 constitutionibus
1431 3155 1478 3199 et
1517 3148 1898 3198 ordinationibus

111 3233 388 3297 apostolicis
420 3235 636 3284 Ecclesie
658 3236 953 3300 juramento,
979 3235 1234 3296 roboratiS,
1261 3235 1448 3284 statutis
1483 3234 1753 3298 ceterisque
1777 3249 1895 3283 con-

112 3316 271 3364 trariis
296 3317 678 3384 quibuscumque
702 3335 812 3368 cum
834 3319 1060 3368 clausulis
1083 3319 1384 3384 opportunis.

176 3401 279 3449 Fiat
300 3405 434 3449 motu
455 3403 666 3467 proprio.
692 3406 765 3451 Jo.
792 3406 1043 3451 BApris'rA.

179 3488 236 3534 Et
270 3501 380 3534 cum
407 3485 603 3534 decreto
617 3491 664 3535 et
697 3486 1020 3536 declaratione
1044 3486 1290 3550 predictiS,
1322 3490 1368 3535 et
1389 3502 1498 3535 cum
1523 3486 1734 3536 clausula
1754 3502 1899 3554 gene-
