2262 3958
318 333 364 369 74
926 326 1158 365 JOHANNIS
1190 324 1485 374 BURCHARDI,
1876 330 1978 374 [Aout
1998 333 2090 376 1484]

334 441 658 502 MarzapaneS.
705 463 769 472 -
814 431 1116 481 Cannazioni.
1152 459 1217 471 -ν
1260 431 1518 480 Biscotelli.
1561 461 1625 469 —
1670 435 1801 483 Unus
1849 435 1985 499 panis
2032 436 2091 486 de

332 536 549 571 zuccarO.
577 549 640 558 —
675 522 777 567 Una
809 532 952 581 parva
984 517 1127 565 scala.
1156 545 1220 552 —
1255 518 1411 564 Unum
1439 517 1726 567 martellum.
1755 547 1820 555 —
1856 519 1997 568 Clavi.
2031 548 2084 558 -—

331 605 542 669 Spicum.
576 633 639 641 -
668 601 914 651 Acusium.
944 629 1009 637 —
1040 601 1352 664 Scriptorium
1375 615 1485 648 cum
1506 602 1791 664 temperino‚
1820 603 2089 665 forsicibus‚

326 688 524 752 pennis,
570 686 764 736 calamis
808 690 855 735 et
899 684 1174 733 calamario.
1217 713 1286 721 —v
1321 686 1452 733 Unus
1498 685 1782 749 quinternus
1824 687 1989 737 charte
2033 687 2095 737 ad

326 771 652 820 scribendum.
672 799 736 807 —
755 771 875 818 Cera
903 769 1067 819 rubea.
1086 798 1149 804 —
1178 771 1337 817 Unum
1366 768 1580 818 buccale.
1607 798 1670 805 —
1703 771 1808 819 Una
1836 761 2095 835 pelvis(—

327 859 419 905 Sex
438 860 613 904 tassee.
635 884 699 891 —
719 857 811 903 Sex
830 853 1046 902 scutelle.
1071 882 1135 890 —
1164 855 1256 901 Sex
1277 852 1531 901 scutellini.
1552 882 1616 889 —
1634 856 1792 903 Unum
1821 854 2092 906 saleerium.

323 970 387 978 -—
418 938 605 988 Cultelli
648 939 709 988 ad
750 938 1085 994 scindendum.
1119 966 1183 973 —
1220 936 1455 986 Cultellini
1488 953 1574 1001 pro
1613 953 1783 987 mensa
1811 938 2008 990 domini.
2033 969 2098 978 -

328 1023 585 1073 Coclearia.
608 1052 670 1060 --
697 1022 926 1071 Furcelle.
945 1050 1009 1059 —
1031 1022 1157 1070 Disci
1176 1021 1236 1070 ad
1259 1020 1573 1070 scindendum
1597 1037 1684 1085 pro
1711 1038 1881 1071 mensa
1903 1023 2101 1090 domini·

326 1135 390 1146 --
408 1108 514 1155 Duo
547 1106 694 1171 panni
721 1102 782 1154 ad
811 1106 1142 1154 mundandum
1175 1104 1411 1154 cultellos.
1443 1133 1506 1141 —
1535 1107 1810 1154 Decretum.
1834 1135 1898 1143 —
1924 1106 2103 1156 Decre-

327 1191 464 1239 tales.
486 1219 549 1228 --
567 1192 759 1239 Sextus,
775 1219 839 1227 —
862 1190 1157 1240 Clementine
1183 1193 1229 1238 et
1259 1188 1337 1237 alii
1362 1189 1469 1237 libri
1499 1189 1559 1237 ad
1586 1189 1880 1239 voluntatem
1903 1190 2102 1240 domini.

325 1303 390 1313 -—
439 1277 542 1324 Duo
596 1274 843 1323 breviaria.
891 1304 956 1312 —
1000 1276 1105 1323 Duo
1161 1272 1328 1322 ssaschi
1376 1272 1620 1322 malvasie.
1660 1302 1724 1310 -
1772 1276 1880 1323 Duo
1934 1274 2103 1323 ssaschi

329 1359 470 1408 aceti.
507 1388 567 1396 —-—
600 1361 757 1408 Unum
782 1376 860 1407 vas
891 1359 1001 1408 olei.
1030 1388 1094 1395 ——
1121 1360 1227 1407 Una
1250 1357 1465 1406 lucerna.
1488 1386 1553 1394 —
1578 1359 1682 1406 Duo
1701 1357 2007 1407 candelabra.
2039 1387 2103 1396 —-

331 1436 511 1492 Decem
530 1443 659 1492 libre
696 1443 1005 1492 candelarum
1031 1458 1117 1507 pro
1148 1458 1317 1491 mensa
1344 1441 1544 1490 domini.
1567 1470 1631 1478 -
1650 1443 1752 1490 Due
1776 1441 1896 1491 libre
1927 1441 2106 1497 cande-

328 1527 483 1576 larum
532 1544 798 1592 parvarum.
851 1556 915 1564 —-
970 1529 1074 1576 Duo
1113 1526 1370 1575 intorticia.
1415 1554 1478 1562 -
1521 1528 1626 1574 Duo
1677 1525 1925 1589 quinterni
1976 1531 2106 1576 carte

339 1612 519 1663 stratie.
560 1641 624 1649 —-
663 1614 767 1660 Duo
817 1611 986 1660 ssaschi
1033 1610 1187 1659 vacui.
1235 1639 1299 1646 -—
1352 1612 1454 1658 Due
1500 1608 1675 1658 caraffe
1727 1608 2002 1659 cristalline.
2043 1639 2107 1647 —

333 1695 573 1744 Bicheria.
599 1725 663 1733 -—
691 1698 793 1745 Due
819 1695 1060 1760 aquaricie
1085 1694 1227 1761 plene
1257 1709 1344 1759 pro
1372 1693 1656 1743 munitione.
1698 1723 1762 1732 --
1789 1695 1894 1744 Una
1920 1696 2108 1746 concha

333 1795 419 1845 pro
439 1779 650 1828 lavandis
678 1780 842 1829 rebus.

399 1865 556 1911 Tenor
580 1879 687 1911 vero
710 1862 956 1923 schedule‚
974 1862 1068 1911 sive
1089 1861 1403 1910 inventarium
1427 1876 1588 1910 rerum
1615 1877 1702 1926 per
1733 1861 1979 1911 sacristam
1997 1877 2109 1927 por-

335 1946 588 1995 tandarum
609 1961 695 2010 pro
726 1945 884 1993 futuro
912 1944 1163 2009 pontifice,
1207 1944 1265 1992 de
1296 1960 1391 2008 qua
1421 1960 1565 2008 supra
1597 1944 1678 1992 fol.
1711 1961 1792 1993 xm
1819 1945 1873 1993 fit
1905 1947 2105 2006 mentio,

339 2029 445 2077 talis
469 2035 558 2082 est.
583 2029 706 2078 ultra
735 2044 954 2078 mensam
990 2044 1100 2077 cum
1123 2028 1220 2076 suis
1250 2027 1515 2093 tripedibus
1542 2034 1589 2077 et
1614 2044 1775 2094 panno
1803 2044 2019 2090 rosaceo,
2049 2030 2109 2080 de

335 2112 503 2177 quibus
531 2113 583 2161 fit
605 2113 803 2162 mentio.

403 2197 709 2261 Campanella
724 2201 950 2260 argentea
966 2196 1270 2244 inaurata.—-
1281 2195 1572 2244 Calamarius
1585 2211 1694 2244 cum
1710 2195 1924 2255 calamis,
1939 2195 2110 2261 pennis

339 2281 630 2344 temperatiS,
663 2280 932 2340 forsicibus,
956 2280 1299 2344 temperatorio
1327 2286 1374 2328 et
1401 2295 1512 2328 cera
1538 2279 1703 2328 rubea.
1733 2309 1797 2318 -
1818 2282 1951 2328 Unus
1978 2278 2112 2343 quin-

337 2370 503 2413 ternus
524 2364 687 2412 charte
718 2363 779 2411 ad
805 2363 1128 2411 scribendum.
1155 2392 1220 2399 —
1251 2366 1408 2411 Unum
1440 2360 1759 2426 horologium.
1789 2392 1855 2399 —
1875 2362 1984 2412 Tria
2004 2377 2110 2411 sca-

338 2446 480 2496 bella.
516 2476 579 2483 --
607 2449 711 2495 Una
734 2447 872 2495 sedes
899 2446 1080 2510 papalis
1108 2446 1333 2510 pulchra,
1369 2445 1523 2494 veluto
1557 2445 1827 2494 cremesino
1858 2450 2106 2510 cooperta,

340 2532 455 2580 alias
475 2535 602 2596 apta,
627 2531 756 2594 quod
776 2530 988 2594 pontifex
1006 2545 1114 2578 cum
1137 2529 1317 2593 stangis
1338 2529 1385 2577 in
1405 2545 1461 2577 ea
1478 2528 1655 2592 portari
1677 2528 1844 2593 possit.
1869 2556 1934 2564 ——
1955 2531 2111 2578 Unum

339 2631 424 2680 par
460 2614 719 2678 caligarum
753 2614 897 2678 panni
936 2613 1149 2673 rosacei,
1202 2613 1296 2662 sive
1340 2611 1494 2675 sargie
1532 2611 1696 2660 rubee.
1740 2640 1804 2647 ——
1835 2613 1992 2660 Unum
2027 2627 2114 2676 par

341 2697 662 2747 sandaliorum
691 2697 907 2762 ejusdem
933 2697 1079 2760 panni
1112 2713 1221 2745 cum
1251 2712 1392 2746 cruce
1420 2712 1567 2745 aurea
1596 2701 1896 2761 supertexta.
1924 2725 1988 2733 —
2009 2698 2113 2746 Una

341 2781 537 2830 camisia
566 2780 674 2829 alba
702 2796 840 2829 nova.
880 2810 943 2816 -—
978 2783 1082 2829 Una
1114 2779 1333 2844 diploidis
1365 2779 1570 2829 satonini
1602 2779 1711 2829 albi.
1750 2809 1827 2845 *1
1848 2782 1952 2829 Una
1970 2779 2113 2829 vestis

344 2865 451 2913 alba
482 2863 627 2928 panni
664 2863 747 2911 fini
781 2879 864 2911 seu
898 2864 1071 2928 sargie.
1109 2892 1173 2899 —-
1202 2866 1357 2912 Unum
1388 2862 1633 2928 cingulum
1673 2878 1782 2912 cum
1813 2863 2112 2912 fornimentis

345 2948 521 2997 aureis.
556 2975 619 2983 ——
658 2948 815 2995 Unum
846 2948 1141 2996 rocchetum.
1169 2976 1231 2983 —
1251 2947 1485 2995 Amictus.
1508 2975 1572 2982 ——
1592 2946 1728 2995 Alba.
1751 2975 1815 2982 —
1839 2945 2109 3009 Cingulum.

342 3067 404 3073 —
427 3036 560 3085 Stola
582 3035 731 3084 rubea
751 3048 862 3082 cum
883 3032 1029 3097 perlis
1058 3031 1154 3079 sive
1191 3031 1310 3090 sine,
1347 3034 1486 3094 prout
1516 3035 1707 3093 tempus
1741 3028 1900 3092 exigit.
1925 3056 1987 3064 -
2009 3027 2115 3076 Plu-

359 3119 476 3168 viale
497 3118 702 3167 rubeum
721 3132 831 3165 cum
853 3115 997 3179 perlis
1023 3114 1096 3163 vel
1115 3114 1233 3171 sine,
1258 3119 1399 3177 prout
1428 3117 1617 3176 tempus
1640 3111 1849 3174 requirit.
1865 3139 1930 3147 -—
1951 3114 2116 3160 Pecto-

352 3203 450 3250 rale
471 3201 659 3266 papale.
686 3229 746 3236 —
772 3199 880 3247 Tria
910 3198 1083 3246 biretta
1116 3212 1330 3256 rosacea,
1370 3194 1562 3244 suffulta
1588 3194 1765 3253 taffeta,
1800 3195 1839 3243 si
1868 3195 1927 3243 sit
1953 3193 2115 3243 estatis

349 3289 584 3349 tempore,
608 3285 679 3334 vel
701 3285 739 3332 si
759 3282 998 3343 hiemaliS‚
1023 3280 1265 3331 ermelinis
1287 3279 1537 3328 subducta.
1556 3306 1619 3313 —
1635 3279 1791 3325 Unum
1810 3278 2035 3327 birettum
2057 3276 2115 3325 de

346 3368 499 3416 serico
527 3368 705 3416 album.
733 3397 798 3404 —
829 3367 967 3416 Mitra
1002 3364 1206 3430 tempori
1238 3362 1545 3412 conveniens.
1581 3389 1643 3395 -—-
1676 3362 1799 3408 Crux
1818 3360 2018 3425 papaliS.
2041 3384 2116 3394 -—

350 3450 530 3499 Anulus
565 3450 817 3514 piscatoris
850 3449 1090 3515 pontificis
1120 3446 1349 3498 defuncti.
1388 3473 1451 3480 —-
1487 3444 1686 3494 Cronica
1714 3444 2020 3511 pontificum.
2052 3472 2115 3481 --
