2262 3958
388 337 457 372 366
993 330 1011 366 J
1018 329 1226 366 OHANNIS
1258 329 1553 377 BURCHARDI,
1829 331 2048 375 [Septembre
2071 332 2165 374 148⁹]

386 440 457 485 est
480 453 529 485 se
553 435 742 484 circiter
763 432 1105 496 quinquaginta
1121 433 1285 481 literas
1305 432 1401 481 sive
1423 433 1578 480 bullas
1600 433 1905 497 apostolicas,
1933 433 2159 483 materias

388 519 595 568 diversas
618 517 937 575 eontinenteS,
956 515 1290 565 falsificatione
1304 516 1584 565 falsificasse
1605 516 1700 564 hoc
1721 517 1883 576 modo,
1909 515 2154 566 videlicet:

386 605 442 650 D.
466 600 743 649 Franciscus
765 598 1072 663 perquirebat
1097 599 1290 663 negotia
1319 600 1635 664 expedienda,
1659 605 1707 649 et
1734 617 1843 649 cum
1865 601 2078 666 partibus
2096 589 2155 650 de

386 683 539 748 pretio
575 682 905 741 conveniebat,
942 682 1072 745 quod
1104 682 1256 730 daturi
1289 689 1452 732 essent
1482 689 1589 748 post
1619 683 1865 732 literarum
1899 683 2157 748 expeditio-

386 782 520 826 nem3
546 766 862 815 conventione
890 765 1017 813 facta
1039 771 1086 813 et
1106 765 1215 813 dato
1241 779 1329 830 per
1348 771 1536 830 partem
1559 767 1648 815 sibi
1668 767 1823 816 banco
1847 767 1906 815 de
1929 766 2155 817 solvendo

386 854 674 898 conventum
703 848 933 913 expeditis
966 848 1118 897 literis
1150 853 1198 897 et
1218 850 1372 898 banco
1405 851 1708 915 presentatis,
1734 851 1907 900 deinde
1930 849 2156 914 expedie-

383 934 464 983 bat
483 949 627 982 unam
661 933 1022 997 expectativam,
1052 933 1126 981 vel
1144 933 1286 981 aliam
1305 949 1407 983 rem
1430 935 1619 983 facilem
1640 935 1714 983 via
1735 934 1868 998 regia
1884 948 1972 998 per
1992 932 2155 1005 omnia

388 1016 568 1076 officia3
603 1033 697 1080 qua
742 1016 979 1080 expedita,
1020 1019 1078 1064 D.
1122 1016 1400 1065 Dominicus
1440 1018 1681 1081 predictus
1718 1034 1828 1066 cum
1863 1021 1998 1065 certa
2032 1019 2157 1080 aqua

385 1100 572 1148 lavabat
597 1115 791 1149 omnem
819 1099 1100 1163 scripturam
1133 1100 1261 1148 bulle
1300 1100 1373 1148 vel
1406 1100 1536 1149 illam
1569 1105 1755 1165 partem
1788 1115 1929 1164 quam
1962 1099 2157 1148 nolebat

390 1186 437 1230 et
458 1183 772 1246 reapparabat
792 1186 973 1231 cartam
994 1198 1104 1230 cum
1124 1182 1277 1230 farina
1299 1187 1346 1231 et
1367 1183 1539 1232 iterum
1562 1183 1745 1248 rigabat
1766 1199 1890 1244 eam,
1910 1187 1959 1232 et
1979 1182 2156 1231 scribe-

388 1265 468 1313 bat
489 1265 537 1312 in
558 1281 614 1314 ea
634 1270 802 1329 postea
821 1266 951 1314 illam
969 1265 1239 1324 materiam,
1276 1266 1334 1313 de
1362 1281 1455 1328 qua
1484 1268 1542 1313 D.
1575 1266 1857 1314 Franciscus
1887 1281 1998 1314 cum
2018 1269 2154 1329 parte

388 1348 718 1407 conveniebat,
742 1349 950 1397 dimissis
979 1349 1026 1396 in
1053 1348 1184 1396 bulla
1215 1348 1490 1397 nominibus
1517 1348 1886 1397 rescribendarii
1913 1350 2156 1412 computa-

387 1436 545 1481 torum
570 1437 617 1482 et
643 1433 845 1482 aliorum
865 1432 1169 1491 officialium3
1202 1432 1287 1480 sed
1317 1435 1474 1480 taxam
1503 1431 1663 1496 sepius
1691 1431 1923 1492 mutabat,
1948 1435 1996 1480 et
2009 1439 2157 1496 pone-

386 1515 465 1563 bat
480 1515 638 1576 aliam,
665 1516 930 1565 secundum
951 1514 1149 1563 materie
1180 1515 1482 1578 qualitatem3
1513 1514 1722 1562 habebat
1746 1514 1889 1563 etiam
1915 1514 2154 1562 diversum

384 1597 677 1657 incaustum,
702 1598 818 1646 illud
836 1615 947 1647 cum
962 1614 1057 1663 quo
1079 1597 1284 1661 primam
1305 1597 1556 1646 materiam
1574 1597 1646 1646 via
1664 1597 1796 1661 regia
1807 1597 2155 1667 expediendam

387 1680 643 1740 scribebat,
682 1685 784 1730 erat
820 1681 998 1730 factum
1034 1682 1215 1745 gummi
1258 1682 1330 1730 vel
1363 1697 1471 1729 cum
1516 1680 1608 1729 alia
1651 1681 1870 1741 materia,
1911 1680 1997 1730 sed
2023 1684 2154 1729 certe

386 1761 766 1827 incorporatum3
793 1764 877 1813 sed
899 1764 1044 1823 aliud,
1070 1781 1180 1813 cum
1201 1765 1494 1828 quobullam
1520 1765 1738 1813 abrasam
1771 1764 2029 1824 scribebat,
2054 1766 2158 1812 erat
2207 1787 2209 1790 ·

385 1845 565 1893 bonum
590 1864 597 1893 :
625 1846 787 1909 sieque
825 1847 976 1895 bullas
1022 1847 1296 1895 falsificatas
1328 1848 1543 1911 partibus
1574 1848 1766 1896 dabant.
1803 1847 2157 1912 Expediverunt

384 1932 562 1988 autem,
588 1945 615 1976 a
636 1929 820 1978 duobus
842 1930 978 1977 annis
1007 1930 1150 1989 circa,
1183 1931 1392 1979 diversas
1414 1930 1656 1991 materias,
1687 1930 1936 1979 videlicet·
1962 1930 2156 1994 dispen-
2202 1940 2213 1953 ’

385 2011 595 2060 sationes
615 2012 673 2060 ad
695 2029 845 2061 unum
865 2013 937 2060 vel
963 2013 1056 2061 duo
1087 2014 1324 2062 beneficia
1353 2030 1438 2078 pro
1470 2014 1694 2062 fratribus
1727 2015 1949 2064 ordinum
1974 2013 2157 2063 mendi-

383 2094 616 2153 cantium;
652 2094 855 2144 uniones
885 2097 1144 2144 multorum
1171 2097 1520 2145 beneficiorum
1552 2082 1797 2146 mensibus
1839 2095 2153 2166 abbatialibus

383 2193 492 2227 cum
523 2178 706 2227 indulto
728 2178 786 2226 de
807 2179 1018 2243 regendo
1041 2195 1098 2228 ea
1118 2196 1205 2243 per
1224 2180 1349 2228 vices
1371 2180 1430 2228 ad
1452 2184 1621 2229 nutum
1639 2181 1939 2240 amovibiles;
1966 2179 2156 2244 dispen-

383 2260 622 2310 sationem
659 2277 747 2324 pro
787 2261 996 2325 quodam
1038 2263 1319 2327 presbytero
1360 2263 1760 2327 Rothomagensis
1804 2261 2152 2327 diecesis,'qui
2212 2326 2215 2329 .

385 2359 582 2393 uxorem
613 2345 830 2404 duxerat,
868 2345 995 2408 quod
1024 2349 1189 2409 posset
1218 2362 1324 2394 eam
1361 2346 1567 2395 retinere
1602 2347 1756 2405 licite;
1796 2352 1845 2395 et
1879 2348 2030 2396 multa
2060 2346 2153 2396 alia

383 2442 468 2491 pro
501 2427 674 2490 quibus
708 2427 962 2490 aliquando
1005 2428 1148 2475 etiam
1183 2444 1226 2487 c,
1267 2444 1338 2487 cc,
1378 2444 1477 2487 CCL,
1509 2433 1557 2476 et
1583 2428 1677 2477 duo
1710 2430 1840 2477 milia
1869 2430 2151 2495 ducatorum

384 2514 682 2573 receperant,
707 2514 850 2572 prout
868 2510 915 2556 in
930 2525 1161 2573 processu
1180 2515 1348 2558 contra
1363 2527 1446 2559 eos
1467 2510 1683 2559 instituto
1707 2512 1993 2561 continetur.
2017 2513 2150 2562 Idem

383 2592 527 2640 etiam
549 2592 799 2640 confessus
827 2597 898 2639 est
924 2593 1165 2655 predictus
1194 2596 1250 2641 D.
1285 2594 1583 2653 Franciscus,
1615 2594 1693 2658 qui
1720 2595 1880 2655 ambo,
1906 2595 1981 2644 die
2003 2595 2153 2644 domi-

382 2675 492 2724 nica
517 2675 707 2723 decima
733 2680 903 2723 octava
931 2676 1159 2736 octobriS,
1188 2675 1315 2725 circa
1339 2678 1510 2726 horam
1537 2679 1814 2745 vigesimam
1840 2679 2062 2743 primam,
2094 2695 2153 2729 ex

383 2764 541 2808 castro
571 2758 788 2823 predicto
821 2759 949 2808 ducti
985 2765 1095 2808 sunt
1135 2761 1194 2809 ad
1229 2761 1397 2808 turrim
1426 2762 1636 2823 Soldani,
1673 2767 1721 2811 et
1751 2779 1901 2827 usque
1933 2764 1982 2812 in
2019 2763 2152 2825 illum

381 2828 542 2891 locum
565 2843 872 2891 crediderunt
894 2858 945 2891 se
964 2843 1024 2891 ad
1046 2843 1266 2891 ultimum
1292 2845 1579 2908 supplicium
1606 2861 1712 2894 esse
1740 2845 2002 2894 ordinatos,
2031 2849 2152 2896 Nam

385 2924 573 2975 auditor
621 2940 828 2987 camere,
878 2926 1132 2990 episcopus
1183 2928 1533 2988 CesenatensiS,
1587 2932 1634 2977 et
1681 2932 1738 2977 D.
1786 2929 2152 2994 Bartholomeus

386 3007 631 3074 Deolpitus
669 3009 1026 3074 protonotarius
1069 3011 1360 3072 apostolicus
1408 3011 1545 3059 Urbis
1592 3014 1905 3075 gubernator,
1963 3009 2043 3076 qui
2093 3027 2152 3062 ex

386 3090 545 3141 officio
567 3097 735 3142 contra
757 3105 839 3141 eos
860 3098 1219 3157 processerunt,
1253 3093 1507 3142 Francisco
1535 3095 1751 3158 predicto
1780 3095 2000 3143 dixerunt
2023 3095 2152 3158 quod

387 3172 424 3223 si
460 3174 579 3224 alios
612 3177 871 3241 complices
912 3180 1177 3236 accusaret,
1215 3179 1297 3225 SS.
1342 3179 1398 3224 D.
1434 3182 1600 3227 noster
1639 3177 1726 3227 sibi
1763 3179 1908 3227 vellet
1938 3177 2150 3227 officium

387 3258 725 3307 abbreviatoris
747 3259 925 3308 donare
940 3264 986 3308 et
1004 3259 1161 3322 ipsum
1178 3260 1381 3308 liberum
1397 3260 1633 3310 dimittere
1654 3278 1663 3321 ;
1683 3262 1807 3324 quod
1820 3255 1897 3309 ille
1914 3258 2150 3323 facturum

386 3335 602 3401 credidit,
627 3347 675 3391 et
696 3343 995 3406 supradictos
1018 3347 1065 3391 et
1085 3343 1247 3406 plures
1277 3343 1394 3391 alios
1424 3345 1660 3392 accusavit
1683 3361 1692 3392 :
1716 3343 1763 3393 et
1790 3360 1876 3408 pro
1902 3347 1958 3392 D.>
1984 3343 2151 3391 Domi·-

389 3420 513 3480 nico,
541 3428 679 3486 pater
707 3426 810 3489 ejus
844 3425 922 3488 qui
951 3427 1034 3473 SS.-
1067 3427 1122 3473 D.
1151 3429 1366 3474 nostrum
1403 3425 1452 3473 in
1478 3426 1633 3490 prima.
1665 3429 1766 3491 ejus
1799 3426 2072 3474 infirmitate
2100 3420 2149 3474 in
