2262 3958
294 334 363 370 308
899 326 1131 364 JOHANNIS
1163 325 1457 371 eunomiam,
1868 327 1947 368 [nai
1972 327 2061 367 1488]

294 434 523 482 Columna
544 434 777 480 venerunt
805 428 1072 476 successive
1106 428 1166 476 ad
1191 427 1527 475 honorandum
1548 426 1793 475 basilicam
1822 426 2061 491 apostolo-

292 532 396 563 rum
418 513 688 571 duodecim,
714 511 842 575 apud
853 526 997 574 quam
1013 513 1177 558 Rmus.
1207 513 1263 558 D.
1284 508 1538 558 cardinalis
1561 525 1600 556 s.
1626 509 1751 557 Petri
1777 509 1837 557 ad
1856 507 2059 559 Vincula

292 598 467 646 residet
503 595 581 659 'qui
618 610 785 643 omnes
822 593 1030 656 benigne
1065 592 1275 656 suscepit
1308 597 1358 639 ut
1386 590 1533 638 moris
1574 595 1647 638 est
1679 595 1726 638 et
1766 590 1814 638 in
1854 590 2061 639 ecclesia

292 695 458 727 omnes
489 694 632 741 supra
661 692 711 723 se
745 675 902 739 posuit
937 681 982 723 et
1021 675 1123 738 ipse
1155 675 1374 723 ultimum
1415 674 1576 722 locum
1610 673 1827 721 obtinuit.
1862 673 2056 722 Missam

291 759 544 810 celebravit
566 762 621 806 R.
646 761 696 806 P.
730 760 786 805 D.
821 760 1009 805 Marcus
1041 757 1432 821 archiepiscopus
1469 756 1745 818 Colocensis
1768 755 1829 820 (1)
1852 757 1902 804 in
1921 773 2060 820 para-

291 843 464 892 mentis
497 841 675 900 rubeis,
715 845 760 888 et
803 855 900 888 non
929 840 1015 887 fuit
1049 856 1226 889 sermo.
1265 840 1506 888 Assistens
1542 839 1671 887 dedit
1705 854 1876 902 pacem
1903 839 2058 902 primo

290 926 535 989 episcopo,
569 925 723 988 primo
759 923 1057 988 presbytero,
1102 924 1257 987 primo
1286 924 1489 971 diacono
1518 922 1858 982 cardinalibus,
1891 921 2064 971 deinde

295 1007 523 1056 cardinali
551 1024 589 1054 s.
623 1007 748 1055 Petri
777 1007 838 1054 ad
867 1007 1070 1056 Vincula
1092 1007 1197 1065 soli,
1229 1010 1397 1070 postea
1420 1005 1524 1053 aliis
1558 1021 1692 1054 more
1716 1005 1869 1053 solito.
1896 1007 1948 1052 ln
1968 1005 2065 1054 fine

293 1091 438 1139 misse
458 1106 554 1138 non
575 1090 661 1137 fuit
682 1090 922 1154 publicata
950 1090 1109 1152 aliqua
1134 1089 1448 1152 indulgentia,
1480 1089 1593 1152 quia
1625 1088 1692 1137 sic
1723 1088 1899 1152 placuit
1923 1091 2061 1138 Rmo.

294 1177 350 1221 D.
377 1173 578 1220 cadinali
601 1189 640 1220 s.
666 1172 791 1221 Petri
815 1172 875 1220 ad
894 1172 1098 1221 Vincula
1121 1172 1326 1235 prefato.
1355 1171 1537 1220 Deinde
1564 1171 1853 1235 principales
1881 1187 1939 1220 ex
1959 1187 2066 1220 car-

295 1255 529 1302 dinalibus
574 1258 909 1302 remanserunt
954 1254 1002 1301 in
1045 1254 1244 1317 prandio
1290 1270 1401 1302 cum
1449 1254 1688 1303 cardinale
1733 1254 1946 1318 presato3
1989 1253 2066 1302 alii

298 1341 601 1386 recesserunt
622 1341 668 1384 et
689 1337 749 1384 ad
770 1337 939 1385 domos
963 1353 1072 1384 suas
1096 1337 1356 1385 redierunt.

362 1420 500 1468 Feria
521 1419 700 1482 quinta,
725 1423 751 1466 8
771 1419 951 1467 mensis
974 1419 1103 1478 maii,
1137 1422 1192 1467 D.
1225 1419 1471 1467 Dorothea
1500 1419 1645 1467 Dacie
1675 1420 1841 1483 regina
1861 1436 1920 1468 ex
1940 1420 2067 1468 Urbe

298 1502 516 1561 recessit,
544 1502 605 1549 ad
627 1502 830 1565 patriam
862 1518 996 1549 suam
1022 1502 1401 1550 reditura.‘Nam
1430 1504 1514 1550 SS.
1545 1505 1602 1550 D.
1634 1505 1671 1551 N
1681 1539 1712 1562 .,
1743 1503 1803 1551 ad
1829 1501 2068 1566 supplica-

299 1584 479 1632 tionem
502 1584 632 1631 Illus.
650 1584 882 1632 Johannis
909 1584 1053 1632 Dacie
1075 1584 1222 1648 regis,
1254 1584 1467 1647 predicte
1490 1585 1654 1648 regine
1674 1585 1775 1645 filii,
1799 1601 1887 1649 per
1904 1585 2068 1633 literas

300 1666 387 1713 sibi
409 1666 601 1725 factam,
627 1665 915 1728 dispensavit
936 1681 1046 1714 cum
1072 1666 1242 1714 eadem
1271 1666 1439 1730 regina
1466 1683 1524 1715 ne
1553 1667 1853 1717 Hierusalem
1878 1667 2067 1716 visitare

299 1750 524 1807 deberet;
562 1749 647 1797 sed
677 1750 804 1812 quod
839 1749 898 1797 ad
929 1765 1133 1813 regnum
1170 1765 1308 1797 suum
1339 1750 1517 1798 rediret
1551 1749 1763 1798 indulsit.
1795 1753 1914 1810 Hec,
1956 1765 2067 1799 cum

299 1848 545 1881 recessura
577 1836 720 1892 esset,
767 1833 950 1895 rogavit
984 1836 1038 1880 R.
1076 1835 1128 1880 P.
1175 1835 1231 1880 D.
1269 1833 1537 1880 Johannem
1578 1833 1856 1896 episcopum
1885 1835 2068 1881 Torna-

302 1930 517 1973 eensem,
554 1915 714 1978 palatii
749 1915 998 1978 apostolici
1031 1915 1202 1963 domus
1240 1915 1539 1979 magistrum,
1578 1919 1628 1962 ut
1660 1915 1903 1963 ordinaret
1938 1915 2084 1983 quod,

301 1998 466 2046 RRmi.
514 2000 614 2045 DD.
654 1997 920 2045 cardinales
953 2003 1033 2045 aut
1076 2013 1244 2046 eorum
1283 1997 1542 2046 familiares
1582 2002 1629 2046 et
1679 1998 1847 2061 prelati
1882 2013 1932 2046 se
1965 2013 2062 2046 non

299 2080 716 2129 incommodarent
755 2081 802 2127 in
855 2080 1140 2129 associando
1189 2097 1315 2140 eam,
1368 2085 1510 2145 prout
1557 2081 1704 2129 moris
1757 2085 1903 2140 esset,
1955 2080 2066 2143 quia

297 2163 505 2212 venisset
526 2179 671 2210 causa
696 2163 960 2211 devotionis
987 2169 1032 2211 et
1062 2163 1211 2212 nollet
1239 2164 1412 2227 cuique
1440 2179 1546 2213 esse
1573 2164 1799 2224 molesta3
1831 2167 1879 2212 et
1900 2162 1986 2223 sic,
2010 2163 2070 2212 de

298 2246 522 2295 mandato
543 2248 626 2295 SS.
655 2249 710 2293 D.
745 2249 822 2306 N.,
857 2250 1112 2310 postquam
1145 2247 1311 2310 regine
1343 2246 1410 2294 ita
1437 2246 1629 2310 placuit,
1671 2250 1744 2294 est
1776 2246 2064 2295 ordinatum.

301 2329 396 2377 Sed
425 2345 665 2389 cursores,
703 2345 806 2378 rem
839 2329 964 2377 male
997 2329 1338 2393 intelligentes,
1369 2329 1475 2377 heri
1508 2345 1705 2393 vespere
1734 2329 1925 2377 RRmis.
1962 2331 2064 2377 DD.

300 2412 617 2460 cardinalibus
637 2412 858 2460 omnibus
888 2411 1167 2459 intimarunt
1188 2412 1317 2475 quod
1348 2412 1669 2474 personaliter
1690 2411 1834 2459 hodie
1861 2411 1983 2459 hora
2001 2426 2068 2458 xn

299 2495 459 2543 venire
481 2494 713 2543 deberent
735 2495 795 2542 ad
822 2494 1156 2543 associandum
1186 2495 1400 2557 reginam
1429 2500 1564 2543 extra
1593 2496 1793 2554 Urbem3
1819 2498 1867 2543 et
1892 2494 1953 2542 ad
1975 2495 2069 2542 hoc

301 2578 598 2637 mandatum,
637 2577 801 2625 RRmi.
839 2580 941 2625 DD.
979 2577 1247 2626 cardinales
1279 2594 1318 2624 s.
1352 2577 1476 2626 Petri
1506 2578 1567 2626 ad
1592 2578 1812 2637 Vincula,
1847 2577 2071 2641 Andega-

299 2659 455 2708 vensis
485 2664 532 2708 et
563 2660 795 2708 Columna
825 2660 885 2707 ad
912 2660 1139 2724 palatium
1171 2660 1508 2724 apostolicum,
1541 2661 1767 2709 Senensis
1794 2676 1925 2720 vero,
1956 2663 2072 2708 Par-

301 2743 500 2802 mensis,
523 2743 580 2790 de
602 2745 750 2801 Fuxo,
777 2747 823 2791 et
844 2743 902 2791 de
932 2743 1114 2791 Ursinis
1143 2744 1203 2791 ad
1223 2744 1468 2792 basilicam
1494 2744 1720 2808 principis
1748 2743 2071 2808 apostolorum

302 2826 361 2874 de
385 2826 509 2874 Urbe
540 2831 774 2874 venerunt
793 2826 914 2874 hora
934 2826 1149 2890 predicta
1170 2827 1267 2886 ubi,
1286 2843 1396 2876 cum
1414 2820 2074 2893 intellexissent,suprascrip—

303 2913 397 2956 tam
420 2911 504 2957 SS.
531 2911 587 2956 D.
613 2911 668 2956 N.
695 2908 1064 2968 ordinationem,
1087 2909 1255 2958 domos
1272 2927 1382 2959 suas
1398 2911 1659 2971 redierunt,
1680 2915 1728 2960 et
1745 2926 1966 2960 cursores
1983 2926 2070 2975 pro

302 3006 468 3039 eorum
486 3007 648 3040 errore
669 2991 819 3055 puniti
842 2992 863 3039 f
864 2997 1052 3040 uerunt.
1079 2993 1262 3056 Regina
1282 2998 1443 3042 autem
1459 2994 1517 3041 ab
1536 2993 1762 3058 episcopo
1780 2991 2071 3042 Tornacensi

303 3078 485 3122 tantum
508 3090 618 3122 cum
639 3074 803 3138 paucis
832 3090 890 3122 ex
918 3074 1222 3123 cubiculariis
1250 3076 1556 3138 etscutiferis
1581 3079 1708 3139 Pape
1735 3081 1869 3125 extra
1895 3077 2071 3125 Urbem

302 3156 648 3219 aliquantulum
670 3158 903 3205 associata
924 3159 1141 3206 recessit.

363 3240 499 3287 Feria
519 3244 704 3303 quarta,
737 3244 794 3288 14
814 3241 994 3289 mensis
1022 3241 1151 3301 maii,
1182 3240 1340 3304 vigilia
1367 3242 1662 3290 ascensionis
1690 3242 1880 3290 Domini
1900 3240 2065 3302 nostri,

349 3421 379 3457 1.
408 3420 637 3458 Archeveche
657 3422 700 3458 de
720 3420 886 3468 Kotoma,
909 3434 953 3460 en
971 3423 1142 3471 Hongrie.
