2262 3958
346 322 416 359 352
949 316 1182 353 JOHANle
1217 317 1510 364 BURCHARDI,
1919 320 1999 361 [Mai
2020 321 2113 362 1489]

354 422 606 471 cardinalis
640 438 678 468 s.
715 419 862 467 Marci
894 418 1214 483 interrogatus
1247 436 1274 467 a
1303 423 1440 468 Rmo.
1475 423 1532 468 D.
1564 421 1802 470 cardinale
1836 439 1874 469 s.
1908 421 2031 470 Petri
2055 422 2115 487 ad

346 506 548 556 Vincula
575 521 635 552 an
675 501 939 551 reverentia
985 501 1088 549 fieri
1134 501 1338 550 debebat
1381 518 1468 565 per
1507 492 1771 551 cardinales
1804 503 2018 568 pontifici
2060 503 2108 551 in

344 590 500 653 vigilia
522 587 706 648 Pasche
728 587 775 633 in
797 584 1031 649 principio
1053 584 1199 632 officii
1226 585 1297 633 vel
1324 590 1432 648 post
1460 586 1830 647 consessionem,
1861 585 2108 650 respond-it

342 671 468 734 quod
488 671 536 717 in
554 667 787 733 principio
806 667 951 716 officii
975 671 1021 714 et
1043 682 1137 715 non
1158 672 1267 730 post
1288 669 1640 718 confessionem
1663 669 1768 718 fieri
1789 670 2004 719 deberet.

405 753 542 801 Feria
571 755 753 815 quarta,
786 753 845 797 22
876 743 1054 814 aprilis,
1092 750 1217 798 circa
1247 751 1414 799 horam
1447 768 1526 811 xx,
1555 756 1796 816 portatum
1830 758 1901 801 est
1930 767 2105 816 corpus

340 837 464 885 bone
498 834 729 884 memorie
765 836 821 881 D.
857 832 1092 880 Eustachii
1127 833 1475 898 archiepiscopi
1503 835 1795 883 Arelatensis
1833 837 1917 883 SS.
1951 837 2009 883 D.
2047 837 2105 884 N.

341 936 461 983 pape
483 917 767 974 assistentis,
810 916 889 978 qui
922 915 1027 963 heri
1056 932 1270 979 vespere,
1302 903 1396 964 vita
1423 917 1612 965 functus
1641 922 1729 977 est,
1760 906 1830 966 ad
1853 917 2106 966 ecclesiam

339 1004 476 1051 beate
508 1001 654 1049 Marie
696 999 892 1063 majoris
925 999 985 1046 ad
1027 999 1373 1062 sepeliendum,
1406 1016 1434 1048 a
1462 1001 1650 1049 familiis
1681 1005 1967 1050 RRmorum.
2000 1003 2102 1049 DD.

340 1084 669 1142 cardinalium,
694 1088 741 1132 et
759 1082 861 1130 aliis
883 1082 1212 1130 assistentibus
1234 1083 1608 1148 archiepiscopis
1631 1088 1677 1132 et
1698 1085 1934 1149 episcopis
1954 1085 2106 1132 hono-

339 1168 470 1215 rifice
492 1166 804 1222 associatum;
830 1166 1021 1213 fuerunt
1050 1165 1202 1214 vocati
1233 1171 1514 1215 executores
1544 1168 1817 1215 testamenti
1844 1168 1915 1215 sui
1934 1171 2099 1216 Rmus.

340 1254 396 1298 D.
422 1249 673 1298 cardinalis
692 1249 750 1296 de
772 1248 970 1296 Sabellis
990 1252 1037 1297 et
1059 1251 1114 1296 D.
1140 1249 1421 1298 Gullielmus
1441 1250 1499 1299 de
1522 1250 1750 1299 Perreriis
1772 1251 1959 1299 auditor
1977 1254 2098 1300 rote.

339 1333 625 1396 Requiescat
642 1331 686 1379 in
707 1346 842 1395 pace.

404 1415 541 1464 Feria
561 1420 710 1474 sexta,
735 1418 795 1462 24
820 1415 998 1478 aprilis,
1020 1416 1106 1464 fuit
1136 1415 1473 1464 consistorium
1508 1421 1765 1474 secretum,
1789 1416 1836 1463 in
1859 1419 2029 1481 quo-R.
2053 1417 2102 1465 in

337 1498 526 1547 Christo
549 1501 599 1546 P.
632 1501 688 1546 D.
720 1498 941 1546 Nicolaus
967 1499 1081 1547 Cibo
1111 1499 1474 1563 archiepicopus
1502 1499 1804 1558 Cusentinus,
1839 1501 1923 1548 SS.
1953 1503 2010 1547 D.
2041 1501 2097 1549 N.

334 1597 455 1645 pape
479 1597 629 1645 nepos
661 1585 707 1629 et
740 1581 986 1640 assistenS‚
1024 1582 1281 1630 translatus
1317 1586 1389 1630 est
1420 1583 1477 1631 de
1515 1581 1719 1631 ecclesia
1751 1582 2007 1631 Cusentina
2042 1583 2102 1631 ad

332 1665 691 1723 Arelatensem;
715 1665 800 1712 sed
826 1665 948 1724 heri,
981 1670 1030 1713 ut
1058 1666 1274 1713 nonnulli
1309 1665 1550 1724 dicebant,
1578 1665 1798 1729 expedite
1832 1669 1941 1718 sunt
1962 1665 2100 1714 litere

335 1748 593 1812 apostolice
612 1764 698 1811 p-ro
719 1748 995 1811 hujusmodi
1013 1749 1315 1812 promotione
1330 1749 1474 1796 hodie
1493 1749 1636 1797 facta.
1662 1750 1762 1810 Ego
1784 1736 1942 1796 autem
1957 1748 2111 1797 hodiev

335 1846 501 1894 parum
533 1835 640 1894 post
659 1831 912 1894 prandium
934 1831 1026 1878 vidi
1053 1832 1214 1880 literas
1242 1831 1558 1894 promotionis
1578 1832 1854 1895 hujusmodi
1875 1831 2096 1891 bullataS‚

336 1914 611 1977 registratas
631 1918 678 1961 et
709 1913 917 1961 totaliter
939 1914 1182 1977 expeditas
1210 1930 1295 1977 per
1317 1916 1371 1961 D.
1399 1914 1658 1962 Adrianum
1686 1930 1876 1963 camere
1901 1918 2096 1978 aposto-

332 1996 423 2044 lice
445 1986 703 2054 notarium,
729 1998 812 2043 SS.
845 1998 901 2043 D.
927 2002 1091 2044 nostro
1119 1997 1314 2056 deferri,
1346 2001 1396 2044 ut
1418 2013 1498 2045 eas
1519 1997 1770 2046 mandaret
1800 1997 2015 2061 predicto
2037 1998 2093 2045 D.

333 2079 526 2127 Nicolao
560 2078 844 2142 presentari.
879 2079 1057 2126 Eadem
1094 2080 1169 2128 die
1208 2084 1314 2143 post
1345 2080 1597 2143 prandium
1634 2082 1856 2129 dominus
1893 2081 2096 2129 Mathias

332 2163 583 2226 episcopus
606 2161 920 2221 SecoviensiS,
947 2167 1108 2210 orator
1137 2163 1412 2226 imperialis,
1437 2163 1603 2211 habuit
1624 2164 1913 2212 audientiam
1942 2164 2096 2228 priva-

332 2249 428 2292 tam
450 2261 477 2292 a
498 2248 580 2293 SS.
599 2248 653 2293 D.
676 2248 753 2304 N„
774 2248 820 2292 et
840 2245 1141 2308 imperatoris
1171 2246 1395 2294 mandata
1414 2247 1661 2294 Sanctitati
1684 2264 1767 2295 sue
1791 2247 2024 2311 exposuit.

396 2329 603 2376 Sabbato
626 2328 673 2375 in
694 2327 829 2386 albis,
857 2331 915 2376 25
932 2329 1113 2392 aprilis,
1138 2329 1259 2377 festo
1289 2345 1327 2376 s.
1366 2329 1512 2376 Marci
1538 2329 1849 2392 evangeliste,
1875 2332 1930 2377 R.
1956 2332 2009 2378 P.
2032 2330 2088 2376 D.

330 2411 551 2459 Nicolaus
570 2410 958 2473 archiepiscopus
977 2412 1269 2459 Arelatensis
1296 2411 1547 2459 celebravit
1573 2411 1768 2459 missam
1785 2411 2030 2475 publicam
2043 2411 2092 2458 in

331 2493 515 2556 capella
528 2494 712 2556 maj0re
732 2494 1019 2556 supradicta,
1044 2496 1173 2556 Papa
1202 2498 1425 2557 presente
1460 2497 1506 2540 et
1531 2493 1752 2540 omnibus
1775 2493 2090 2541 cardinalibus

332 2581 533 2639 excepto
561 2575 715 2623 solum
743 2575 983 2623 cardinale
1013 2592 1048 2623 s.
1076 2576 1221 2623 Marci
1249 2594 1263 2628 ε,
1283 2576 1395 2623 dixit
1424 2579 1520 2623 tres
1549 2576 1788 2624 orationes
1816 2582 1863 2624 et
1885 2591 1983 2623 non
2006 2575 2092 2623 suit

332 2674 507 2718 sermo,
546 2674 601 2706 ac
641 2658 731 2706 alia
764 2658 924 2706 omnia
954 2659 1202 2706 observata
1235 2663 1342 2706 sunt
1380 2675 1513 2707 more
1547 2664 1795 2707 consueto.
1829 2661 1993 2706 Rmus.
2031 2661 2087 2706 D.

331 2742 582 2791 cardinalis
606 2758 643 2789 s.
670 2740 813 2789 Marci
837 2741 924 2788 fuit
944 2741 989 2787 in
1015 2741 1217 2789 ecclesia
1242 2758 1328 2789 sua
1354 2759 1392 2789 s.
1418 2742 1566 2789 Marci
1587 2741 1664 2788 ubi
1686 2741 1872 2805 peregit
1892 2741 2087 2800 festum,

332 2830 379 2872 ut
400 2824 546 2872 moris
568 2829 658 2883 est,
683 2823 769 2871 sed
788 2823 1033 2887 processio
1055 2839 1140 2887 per
1162 2825 1415 2872 ecclesiam
1432 2828 1616 2872 tantum
1634 2824 1796 2871 habita
1811 2827 2092 2887 estpropter

330 2907 562 2955 maximas
579 2906 760 2970 pluvias
792 2921 883 2969 que
909 2906 1052 2954 hodie
1086 2907 1296 2954 fuerunt.
1337 2907 1592 2955 Dicebatur
1623 2911 1783 2954 tamen
1818 2906 2089 2954 ordinatum
2139 2914 2146 2920 ’

330 2991 458 3053 quod
480 2990 687 3038 crastina
714 2990 788 3038 die
817 2989 1065 3053 processio
1089 2990 1316 3038 solemnis
1337 2994 1566 3038 consueta
1587 2990 1742 3048 tieret,
1767 2989 1893 3051 quod
1912 2989 2093 3036 factum⁴

330 3090 424 3121 non
445 3078 517 3121 est
537 3078 734 3137 propter
752 3073 905 3137 pluvie
927 3073 1305 3121 continuitatem.

398 3157 533 3204 Feria
550 3162 699 3215 sexta,
730 3161 747 3203 1
772 3156 901 3214 maii,
934 3156 1107 3203 festum
1140 3155 1463 3219 apostolorum
1492 3155 1694 3218 Philippi
1725 3160 1772 3202 et
1796 3154 1976 3213 Jacobi,
2001 3156 2084 3202 SS.

332 3240 387 3284 D.
426 3242 480 3287 N.
518 3240 712 3287 indutus
750 3239 944 3298 amictu,
985 3238 1110 3297 alba,
1149 3238 1357 3301 cingulo,
1394 3238 1516 3285 stola
1537 3239 1682 3285 rubea
1709 3253 1766 3285 ex
1784 3237 1926 3301 perlis
1949 3251 2089 3299 supra

331 3322 616 3383 capucinum
652 3323 834 3382 album,
863 3321 1231 3384 precedentibus
1262 3335 1402 3368 cruce
1431 3325 1477 3368 et
1510 3320 1845 3379 cardinalibus,
1871 3323 1916 3367 et
1941 3317 2082 3376 male,

331 3403 555 3464 equitavit
589 3406 647 3452 ad
678 3405 938 3457 basilicam*
957 3403 1209 3452 duodecim
1241 3403 1565 3466 apostolorum
1597 3419 1683 3466 per
1708 3403 1829 3450 viam
1859 3412 2005 3464 prope
2025 3403 2087 3446 ‘et
