2262 3958
370 296 437 330 192
969 297 1200 335 JOHANNIS
1234 298 1527 344 BURCHARoi,
1909 307 2012 350 [Mars
2037 309 2125 350 1486]

365 397 559 456 Exinus,
583 398 769 461 pluviali
790 397 1000 457 indutus,
1026 400 1307 463 genuflexus
1333 391 1393 449 ad
1419 401 1660 452 sinistram
1687 409 1815 471 Pape
1841 424 1850 456 :
1876 408 1993 457 dixit
2013 425 2124 458 cum

366 497 423 530 eo
462 480 672 544 psalmos
705 480 946 544 predictos
977 482 1115 545 juxta
1145 499 1354 531 murum.
1391 487 1519 533 Inter
1552 487 1819 538 credentias
1853 491 2049 542 sacriste
2079 497 2128 542 et

367 567 493 627 Pape
523 563 678 627 posita
708 563 902 612 fuerunt
931 564 1023 613 duo
1054 566 1262 615 scabella
1289 583 1434 631 super
1465 569 1637 632 quibus
1671 572 1897 622 sederunt
1925 575 2126 640 predicti

360 646 453 694 duo
476 647 740 695 cardinales
765 663 915 711 usque
942 649 1000 696 ad
1022 650 1313 714 completum
1331 651 1544 700 officium
1559 668 1568 711 ;
1584 653 1774 703 interim
1796 656 1939 706 etiam
1954 674 2127 707 conse-

358 730 520 778 crandi
548 731 684 794 juxta
718 731 866 781 altare
898 748 1065 781 eorum
1094 739 1386 798 acceperunt
1413 735 1625 784 sandalia
1655 741 1702 785 et
1728 738 1819 787 alia
1846 747 2127 804 paramenta

357 812 571 862 dicentes
606 814 819 878 psalmos
852 832 861 864 :
892 816 1046 872 Quam
1068 817 1249 877 dilecta,
1274 827 1379 878 ete„
1407 823 1453 868 et
1474 820 1565 869 alia
1591 836 1724 871 more
1753 830 2004 874 consueto.

419 897 711 946 Assistentes
744 899 874 962 Pape
907 915 994 963 pro
1026 902 1387 951 consecratione
1425 906 1471 951 et
1507 904 1659 953 dictos
1700 905 1920 957 dominos
1952 923 2124 958 conse-

356 981 560 1029 crandos
583 981 876 1030 associantes
900 982 1094 1031 fuerunt
1120 987 1216 1032 RR.
1250 987 1339 1033 PP.
1371 988 1471 1034 DD.
1500 987 1750 1037 Ardicinus
1785 989 2046 1039 Aleriensis
2076 995 2124 1040 et

354 1064 650 1133 Antonianus
693 1064 939 1113 Auriensis
985 1066 1215 1137 episcopi.
1254 1069 1326 1116 Ad
1362 1069 1552 1118 mitram
1587 1073 1713 1136 Pape
1759 1073 1947 1122 servivit
1979 1077 2034 1122 R.
2067 1077 2120 1123 P.

356 1149 412 1194 D.
457 1144 722 1195 Ludovicus
765 1147 1020 1212 episcopus
1062 1150 1435 1213 caputaquensis
1467 1151 1658 1215 pluviali
1698 1170 1842 1218 super
1872 1154 2124 1204 rochetum

353 1234 544 1294 paratus
588 1229 667 1294 qui
708 1230 899 1279 mitram
936 1233 1061 1295 Pape
1093 1232 1319 1296 imposuit
1355 1238 1402 1283 et
1440 1234 1660 1299 deposuit
1694 1241 1910 1302 tempore
1954 1254 2126 1304 oppor-

354 1318 469 1362 tuno
493 1313 571 1379 (1).
610 1313 800 1362 Mitram
830 1318 992 1363 autem
1035 1314 1189 1379 ipsam
1221 1319 1438 1381 tempore
1467 1334 1553 1366 suo
1579 1319 1731 1368 tenuit
1752 1322 1810 1367 D.
1835 1322 1974 1384 Hugo
2004 1324 2126 1371 Ben-

353 1398 470 1458 ciuS,
496 1396 818 1446 subdiaconus
846 1397 1136 1461 apostolicus
1159 1399 1548 1463 superpellicium
1575 1405 1622 1450 et
1648 1402 1887 1451 tobaleam
1921 1403 2124 1454 sericam

353 1496 488 1530 more
526 1480 664 1530 solito
710 1480 839 1528 circa
874 1481 1052 1529 collum
1083 1481 1268 1530 habens
1307 1500 1315 1529 :
1357 1484 1718 1534 convenientius
1758 1490 1920 1535 tamen
1956 1487 2126 1537 fuisset

353 1565 481 1633 quod
521 1563 700 1628 aliquid
741 1563 1062 1613 cubicularius
1102 1565 1438 1630 superpellicio
1465 1566 1658 1617 indutus
1692 1572 1738 1618 et
1768 1559 2008 1619 tobaleam
2035 1570 2125 1619 hu-

349 1646 562 1711 jusmodi
593 1647 783 1697 hahens
819 1648 947 1697 circa
977 1648 1153 1696 collum
1186 1648 1375 1697 mitram
1410 1656 1647 1700 servasset
1681 1654 1826 1717 Pape.
1862 1653 2126 1702 Induerunt

354 1731 563 1779 sandalia
594 1732 874 1780 cubicularii
906 1732 1079 1781 secreti
1113 1735 1160 1781 et
1184 1731 1342 1796 ipsum
1369 1739 1651 1796 paraverunt
1676 1735 1878 1799 predicti
1900 1739 1956 1784 D.
1984 1739 2122 1801 Hugo
2199 1743 2201 1745 ’

353 1817 400 1862 et
419 1816 473 1863 D.
498 1815 815 1881 Hieronymus
847 1816 1153 1879 Calagranus‚
1179 1814 1456 1864 subdiaconi
1478 1818 1744 1881 apostolici.
1777 1819 1908 1868 Idem
1930 1822 1976 1867 et
2004 1819 2113 1882 ipsi,

353 1897 594 1962 completo
618 1900 796 1960 officio,
823 1900 1057 1959 exierunt,
1083 1902 1138 1949 D.
1163 1900 1361 1948 sacrista
1380 1899 1430 1947 in
1452 1900 1674 1949 omnibus
1698 1901 1970 1966 adjuvante.

419 1985 489 2031 De
517 1984 742 2033 mandato
770 1984 971 2048 predicti
999 1986 1055 2032 D.
1089 1983 1383 2049 Hieronymi,
1415 1979 1573 2032 nullus
1607 1985 1860 2050 acolythus
1887 1985 2118 2046 interfuit,

352 2065 427 2115 cui
468 2065 613 2114 etiam
648 2066 906 2130 plurimum
946 2065 1184 2129 displicuit
1222 2065 1400 2114 dictum
1440 2067 1497 2114 D.
1536 2068 1788 2131 Hugonem
1822 2067 2117 2118 interfuisse.

351 2150 550 2199 Dicebat
569 2149 696 2199 enim
718 2150 830 2199 satis
846 2150 903 2199 de
926 2166 1041 2208 uno,
1064 2149 1282 2197 videlicet
1309 2149 1604 2198 subdiacano
1633 2151 1916 2214 apostolico,
1940 2167 2049 2201 esse
2071 2152 2122 2200 in

349 2230 624 2297 hujusmodi
654 2233 1017 2283 consecratione
1063 2248 1208 2296 quam
1254 2234 1382 2295 Papa
1421 2236 1608 2282 secrete
1657 2233 1716 2282 de
1757 2234 1855 2282 suis
1894 2234 2117 2284 faciebat.

353 2317 583 2366 Omnibus
628 2315 824 2381 paratis,
870 2320 952 2367 SS.
997 2319 1052 2365 D.
1099 2319 1154 2365 N.
1199 2316 1322 2364 sedit
1359 2315 1408 2363 in
1450 2316 1718 2365 faldistorio
1756 2321 1866 2366 ante
1908 2317 2120 2366 medium

351 2401 511 2449 altaris
533 2415 695 2450 coram
714 2417 806 2465 quo
821 2406 1053 2451 venerunt
1073 2402 1273 2466 predicti
1291 2402 1482 2450 Domini
1505 2403 1819 2451 consecrandi
1843 2419 1951 2452 cum
1973 2405 2118 2454 assis-

353 2484 562 2534 tentibus
600 2486 647 2533 et
685 2485 751 2533 illi
791 2486 1173 2553 genuflectentes
1213 2485 1438 2534 sederunt
1489 2499 1634 2550 super
1670 2486 1879 2550 quinque
1913 2487 2121 2536 scabella

353 2584 486 2618 more
510 2572 757 2617 consueto.
780 2571 934 2625 Quum
957 2568 1163 2633 primum
1183 2584 1349 2617 omnes
1372 2568 1625 2628 sedissent,
1651 2573 1882 2618 venerunt
1901 2575 2010 2619 ante
2030 2572 2114 2619 SS.

352 2655 409 2700 D.
452 2654 508 2700 N.
549 2651 687 2701 electi
727 2652 1013 2701 Cusentinus
1053 2657 1099 2700 et
1145 2653 1509 2700 Beneventanus
1549 2651 1752 2716 predicti
1787 2656 1834 2701 et
1874 2651 2118 2716 genuflexi

353 2749 517 2783 coram
539 2750 616 2794 eo,
652 2735 1013 2783 Beneventanus
1043 2750 1130 2798 pro
1159 2748 1209 2783 se
1235 2735 1350 2799 legit
1383 2739 1429 2783 et
1463 2735 1511 2782 in
1541 2735 1731 2783 tertiam
1760 2751 2037 2800 personam,
2062 2751 2118 2785 ac

351 2817 559 2882 prestitit
585 2818 922 2883 ‘juramentum
960 2817 1200 2866 fidelitatis
1241 2821 1366 2883 Pape
1406 2823 1547 2882 prout
1583 2818 1632 2866 in
1663 2819 1832 2878 forma,
1864 2823 1911 2867 et
1947 2818 2117 2868 deinde

353 2901 493 2950 simili
513 2899 656 2950 modo
670 2899 845 2965 juravit
866 2902 1150 2950 Cusentinus
1177 2918 1185 2950 :
1211 2902 1354 2951 credo
1380 2906 1541 2951 tamen
1562 2902 1920 2951 convenientius
1949 2902 2113 2962 fuisse,

353 2988 400 3033 et
428 2984 645 3049 profecto
674 2985 889 3034 debitum
922 2989 967 3034 et
994 2986 1175 3049 justum
1201 2986 1366 3034 fuisset
1393 2985 1519 3049 quod
1552 2985 1781 3033 dixissent
1807 3001 1817 3033 ε
1842 2985 1970 3049 Eyo,
2007 2993 2115 3045 etc„

354 3068 410 3114 ab
426 3067 512 3115 hae
530 3066 661 3126 bora,
685 3073 786 3126 etc„
812 3075 855 3115 el
876 3068 997 3116 vobis
1019 3068 1165 3116 D.N.
1190 3067 1254 3115 D.
1279 3066 1552 3114 Innocentio
1562 3082 1687 3130 pape
1718 3065 1846 3114 VIII
1865 3067 2119 3131 vestrisque

351 3151 706 3211 succrssorz'bus,
732 3159 837 3210 etan,
860 3155 907 3200 et
927 3167 1023 3200 non
1049 3151 1098 3198 in
1116 3138 1308 3198 'tertiam
1335 3165 1591 3213 personam
1618 3155 1757 3214 prout
1777 3151 1825 3199 in
1847 3151 2000 3199 forma
2021 3167 2112 3214 que

404 3301 440 3338 1.
480 3314 498 3334 «
519 3299 564 3338 Et
595 3301 694 3338 istud
725 3300 794 3338 fuit
813 3300 1015 3338 inconsulte
1035 3271 1168 3336 factum
1191 3310 1199 3334 :
1222 3310 1305 3334 nam
1324 3308 1419 3334 unus
1438 3297 1630 3347 presbyter
1653 3298 1845 3336 cardinalis
1865 3298 2015 3335 indutus
2043 3309 2113 3336 non

354 3358 497 3405 planeta
512 3360 576 3396 sed
596 3360 742 3409 pluviali
761 3360 917 3398 debebat
936 3360 1077 3397 mitram
1090 3370 1222 3407 ponere
1242 3361 1278 3395 et
1297 3358 1477 3406 deponere
1496 3362 1531 3395 et
1553 3358 1667 3396 facere
1682 3358 1840 3396 officium
1855 3357 2074 3396 assistentia.
2092 3374 2111 3392 »

355 3417 472 3455 Meme
503 3419 732 3457 observation
763 3432 833 3469 que
852 3420 1157 3469 precedemment‚
1177 3428 1291 3466 pages
1312 3417 1393 3462 186,
1415 3417 1500 3454 189.
