2262 3958
157 302 350 346 [1111111485]
597 299 765 335 RERUM
800 298 1104 336 URBANARUM
1139 298 1490 336 COMMENTARII.
1872 299 1940 333 1115

153 402 284 462 ciati,
315 404 366 449 ut
392 402 540 450 moris
563 405 652 449 est.
692 401 881 449 Primus
912 401 1039 449 inter
1070 405 1291 450 oratores
1320 402 1564 466 predictos
1597 405 1699 448 erat
1727 403 1784 447 l).
1816 400 1943 446 Tho-

153 486 334 535 masius
371 485 430 534 de
471 488 649 548 Campo
685 488 915 550 Fregoso,
942 486 1193 534 secundus
1240 489 1418 534 Hector
1450 486 1508 533 de
1539 485 1715 544 Flisco,
1753 484 1941 540 doctor,

153 568 325 634 prefati
346 569 561 633 episcopi
582 571 745 629 frater,
771 585 940 618 omnes
961 568 1088 616 laici.
1890 561 1893 563 “

221 652 361 701 Feria
394 652 594 716 quarta,
652 657 712 701 20
767 651 947 701 mensis
991 652 1154 715 aprilis
1195 657 1302 715 post
1344 653 1595 716 prandium
1636 668 1723 716 per
1755 656 1941 716 portam

155 737 364 785 viridarii
400 737 698 786 intraverunt
732 741 828 784 tres
860 738 1076 782 oratores
1110 735 1247 782 lllmi.
1285 736 1418 783 ducis
1454 735 1698 783 Britannie
1726 735 1942 799 :primus

159 821 247 869 fuit
286 824 342 869 R.
389 823 443 869 P.
491 823 549 869 D.
596 821 834 868 Robertus
881 817 1138 881 episcopus
1191 818 1542 869 Trecoriensis:
1596 818 1839 865 secundus
1884 821 1940 865 D.

159 904 438 954 Guillclmus
487 905 522 951 F
526 907 635 951 ocet
684 903 855 950 doctor
913 905 959 948 et
1007 901 1172 959 miles;
1232 901 1400 949 tertius
1447 901 1640 963 quidam
1695 902 1947 964 presbyter

161 987 390 1038 secularis
417 987 636 1051 ejusdem
664 986 801 1034 ducis
830 980 877 1033 in
907 1001 1108 1033 romana
1129 986 1260 1033 curia
1282 985 1582 1043 sollicitator,
1614 990 1694 1047 qui
1717 984 1947 1030 asamiliis

162 1073 247 1120 SS.
282 1073 338 1119 D.
375 1072 431 1119 N.
468 1086 591 1134 pape
627 1075 675 1119 et
705 1070 1022 1118 cardinalium
1058 1074 1166 1118 sunt
1200 1058 1399 1134 recepti,
1432 1074 1479 1117 et
1508 1084 1658 1132 usque
1692 1067 1753 1115 ad
1788 1067 1950 1130 hospi-

159 1154 279 1204 tium
297 1153 502 1219 predicti
524 1154 741 1219 episcopi
758 1154 1028 1202 honorifice
1051 1155 1275 1203 associati
1295 1155 1464 1202 ordine
1487 1158 1738 1202 consueto.

226 1237 366 1288 Feria
377 1237 541 1301 quinta
555 1240 608 1285 21
627 1236 741 1285 (11011
754 1237 935 1285 mensis
950 1236 1112 1301 aprilis
1126 1242 1234 1300 post
1247 1236 1520 1301 prandium,
1536 1236 1664 1284 circa
1679 1236 1850 1283 horam
1866 1252 1948 1284 xxi

158 1340 247 1390 per
272 1326 462 1388 portam
476 1320 709 1387 viridarii
740 1321 1037 1369 intraverunt
1071 1321 1249 1368 Urbem
1278 1320 1380 1369 vduo
1417 1324 1633 1368 oratores
1666 1319 1950 1369 lllmi.mar-

161 1407 350 1457 chionis
382 1405 746 1456 Montisferrati.
775 1405 963 1452 Primus
991 1405 1132 1453 miles
1154 1409 1273 1464 erat,
1298 1405 1539 1473 secundus
1563 1407 1619 1452 D.
1646 1407 1700 1453 N.
1722 1406 1869 1453 frater
1891 1408 1947 1453 D.

162 1489 394 1539 Gnidonis
409 1488 579 1537 Bonati
600 1486 848 1552 scriptoris
870 1487 1144 1551 apostolici,
1170 1487 1355 1548 doctor,
1382 1488 1524 1535 ambo
1545 1488 1739 1536 laiciqA
1759 1489 1952 1538 familiis

164 1574 248 1623 SS.
270 1575 325 1622 D.
339 1572 494 1622 nostri
515 1576 564 1622 et
588 1571 902 1620 cardinalium
930 1571 1112 1635 recepti
1141 1575 1251 1619 sunt
1272 1575 1320 1619 et
1340 1587 1492 1635 usque
1515 1573 1574 1620 ad
1596 1588 1765 1621 eorum
1786 1574 1954 1638 hospi-

163 1656 283 1706 tium
299 1657 468 1706 ordine
486 1659 719 1706 consueto
742 1655 984 1704 associati.

227 1741 369 1790 Feria
387 1745 574 1804 quarta,
601 1743 659 1788 27
684 1739 902 1803 ejusdem
925 1740 1106 1787 mensis
1132 1740 1180 1787 in
1218 1741 1362 1789 tertia
1391 1743 1500 1790 aula
1525 1743 1688 1807 palatii
1707 1744 1958 1806 apostolici

163 1824 294 1890 apud
313 1841 354 1873 s.
384 1827 601 1884 Petrum,
627 1823 846 1872 habitum
870 1828 944 1871 051
964 1840 1053 1887 per
1073 1825 1157 1872 SS.
1185 1827 1240 1872 D.
1262 1827 1317 1874 N.
1339 1826 1591 1890 publicum
1619 1829 1959 1877 consistorium

163 1909 213 1958 in
233 1925 330 1974 quo
350 1925 417 1957 xn
440 1911 659 1957 oratores
690 1907 948 1955 cardinalis
977 1908 1112 1956 ducis
1140 1910 1415 1969 Januensis,
1449 1911 1645 1960 nomine
1675 1913 1893 1977 ejusdem
1913 1917 1961 1961 et

167 1993 527 2044 communitatis
574 2008 768 2051 eorum,
813 1992 1130 2056 prestiterunt
1183 1995 1267 2041 SS.
1316 1997 1374 2042 D.
1412 1997 1468 2043 N.
1515 1997 1797 2045 Innocentio
1837 2013 1959 2061 pape

168 2082 336 2128 octavo
363 2077 708 2137 obedientiam,
740 2080 882 2140 prout
912 2076 1067 2124 bonos
1107 2076 1396 2127 christianos
1427 2079 1585 2139 decet,
1616 2081 1812 2129 domino
1841 2085 1962 2130 Hec-

168 2166 274 2211 tore
294 2161 355 2211 de
373 2161 531 2210 Flisco
554 2165 722 2210 orante
747 2159 825 2225 (1).

237 2245 378 2295 Feria
394 2249 578 2309 quarta,
605 2249 655 2292 11
681 2243 863 2292 mensis
887 2245 1019 2303 maii,
1041 2238 1205 2309 ¹vigilia
1220 2246 1520 2294 ascensionis
1540 2249 1593 2295 D.
1617 2250 1672 2295 N.
1695 2250 1737 2294 J.
1767 2247 1960 2306 Christi,

173 2333 341 2379 Rmus.
378 2331 436 2378 D.
472 2329 724 2377 cardinalis
762 2329 1128 2392 portugalensis
1165 2330 1283 2377 alias
1320 2330 1675 2390 Ulixbonensis,
1707 2331 1754 2378 in
1782 2331 1967 2394 capella

173 2413 358 2479 maj0re
390 2412 552 2478 palatii
585 2412 809 2477 predicti,
854 2413 1043 2476 peregit
1099 2413 1317 2462 solemne
1367 2413 1584 2462 officium
1620 2415 1966 2479 vespertinum,

174 2503 306 2564 Papa
345 2499 565 2557 absente,
612 2495 934 2546 cardinalibus
983 2497 1313 2559 presentibus,
1373 2501 1420 2546 et
1462 2498 1539 2546 die
1589 2499 1810 2562 sequenti
1844 2499 1968 2548 festo

173 2583 398 2632 videlicet
424 2580 723 2631 ascensionis
752 2580 991 2644 predicte,
1029 2580 1161 2629 idem
1195 2581 1452 2630 cardinalis
1487 2583 1746 2631 celebravit
1771 2583 1969 2631 missam

179 2667 447 2716 solemnem
479 2666 529 2713 in
559 2664 758 2713 basilica
794 2681 835 2712 5.
868 2664 1014 2724 Petri,
1050 2667 1180 2729 Papa
1213 2666 1358 2714 etiam
1392 2666 1610 2727 absente,
1649 2667 1970 2715 cardinalibus

179 2750 502 2815 presentibus
533 2751 821 2798 Sermonem
842 2748 1048 2796 fecit'D.
1083 2749 1316 2813 magister
1350 2750 1450 2798 sive
1476 2755 1736 2815 preceptor
1769 2753 1823 2799 D.
1853 2755 1972 2799 Lau-

183 2834 324 2883 rentii
345 2833 478 2891 Cibo,
503 2833 618 2882 alias
638 2832 696 2880 de
715 2828 879 2891 Maris,
904 2833 1188 2880 cubicularii
1210 2835 1383 2883 secreti
1408 2838 1491 2884 SS..
1519 2838 1576 2883 D.
1598 2836 1768 2883 nostri.

250 2917 406 2967 Finita
426 2917 575 2965 missa
595 2920 643 2965 et
661 2916 791 2965 vultu
820 2920 985 2964 sancto
1023 2917 1345 2966 cardinalibus
1375 2924 1422 2967 et
1443 2919 1547 2966 aliis
1575 2924 1790 2978 ostenso,
1816 2918 1974 2966 cardi-

233 3081 271 3119 1.
297 3081 391 3130 Voy.
405 3080 588 3118 Christian
601 3080 720 3129 Lunig
735 3093 745 3117 2
760 3081 965 3117 Orationes
979 3081 1185 3116 Procerum
1201 3082 1371 3128 Europoe
1387 3084 1686 3128 eorumdemque
1701 3083 1979 3118 Miniscrorum

187 3154 232 3179 ao
251 3141 500 3188 Legum-um,
517 3146 587 3178 etc.
611 3140 757 3190 Lipsiae,
778 3141 882 3186 1713,
900 3144 926 3178 t.
951 3141 979 3185 Ι,
997 3152 1080 3188 pag.
1097 3141 1157 3176 77.
1184 3139 1231 3177 Ce
1252 3141 1434 3186 discours,
1458 3142 1519 3189 qui
1541 3142 1665 3177 n'ot'sre
1688 3141 1761 3177 rien
1786 3141 1829 3177 de
1850 3153 1981 3178 remar-

188 3201 335 3250 quable,
352 3201 513 3239 contient
534 3213 604 3239 une
623 3203 758 3251 phrase
779 3202 841 3250 qui
860 3201 1054 3249 repondait
1074 3200 1155 3236 bien
1173 3212 1218 3237 au
1240 3199 1436 3238 sentiment
1456 3201 1578 3249 public
1593 3212 1637 3236 en
1655 3200 1754 3236 113110
1769 3214 1775 3237 ;
1793 3216 1810 3234 «
1827 3201 1875 3237 Te
1897 3213 1980 3238 vero

187 3273 286 3299 nunc
310 3261 506 3307 cernimus,
529 3262 718 3300 Innocenti
737 3267 878 3308 oetave,
901 3262 1062 3299 omnium
1084 3274 1177 3309 quos
1194 3266 1302 3298 antea
1324 3266 1386 3298 tua
1406 3262 1523 3310 patria
1543 3262 1667 3306 edidit,
1690 3262 1903 3299 Pontificem
1924 3262 1980 3298 di-

188 3320 423 3370 gnissimum,
439 3332 548 3369 quem
562 3321 685 3359 divina
699 3321 846 3359 bonitas
868 3334 910 3359 eo
926 3327 1088 3369 tempore
1107 3321 1212 3357 nobis
1232 3321 1332 3356 dedit
1346 3332 1418 3367 quo
1433 3320 1640 3357 Christiana
1660 3321 1866 3369 respublica
1884 3321 1981 3358 bono

189 3383 342 3425 rectore,
355 3379 483 3427 auriga
496 3384 532 3417 et
551 3380 777 3418 moderatore
795 3393 905 3430 quam
920 3380 1077 3417 maxime
1095 3379 1286 3427 indigebat
1304 3384 1337 3416 et
1360 3379 1462 3416 Italia
1482 3380 1680 3428 praesertim
1701 3392 1782 3429 quae
1800 3380 1982 3418 diuturnis

189 3439 362 3478 fluctibus
383 3439 524 3488 agitata
543 3450 617 3477 non
644 3440 799 3489 amplius
820 3439 897 3477 sine
919 3439 980 3477 tali
999 3443 1143 3488 pastore
1163 3439 1349 3487 quiescere
1371 3451 1480 3488 posse
1502 3440 1697 3487 videretur,
1719 3445 1790 3480 etc.
1813 3456 1831 3475 »
1852 3441 1897 3477 P.
1919 3442 1978 3477 83.

381 3528 413 3553 τ.
443 3529 468 3553 ι.
1745 3520 1789 3555 10
