2262 3958
347 281 417 316 560
1090 283 1373 320 APPENDICE.

349 384 522 432 tactam,
558 382 631 423 alii
660 383 891 436 desperata
924 383 1124 424 eiusdem
1156 384 1314 434 salute,
1351 385 1528 425 Petrum
1564 387 1753 428 Leonem
1791 388 2005 429 Medicum
2038 387 2114 440 qui

349 447 595 498 aegrotanti
614 449 856 497 assederat,
880 458 978 488 sese
992 447 1037 488 in
1054 451 1236 499 puteum
1250 449 1562 501 praecipitasse
1576 449 1867 493 affirmabant.
1885 452 1990 494 Dedi
2002 463 2116 493 com·

351 511 573 562 plusculos
603 512 696 553 dies
729 512 866 553 dolori
885 523 1000 562 meo,
1022 524 1167 565 neque
1186 524 1384 565 possum,
1408 515 1467 554 nii
1490 515 1714 565 Politiane,
1736 528 2004 570 magnopere
2025 528 2115 558 non

349 576 542 627 torqueri
563 589 572 616 :
595 580 636 617 et
656 580 705 617 ut
725 577 945 629 meipsum
967 577 1147 619 assidue
1179 579 1322 631 magis
1352 590 1549 632 urgeam,
1579 583 1673 620 tum
1698 592 1795 622 mea
1819 584 1911 622 turn
1932 582 2116 623 aliorum

350 651 482 682 causa
498 640 611 682 facit.
634 642 724 683 Scis
743 654 827 694 qua
849 643 974 683 illum
987 643 1599 696 veneratione-prosequebar,
1616 657 1761 697 quoue
1779 646 1905 697 quasi
1917 646 2115 687 restituta

349 706 454 755 vice,
490 718 561 747 me
589 707 684 759 ipse
717 708 1090 760 complectabatur
1120 709 1266 750 animo
1299 721 1386 750 non
1417 710 1612 762 ignoras,
1653 711 1728 762 qui
1765 722 1882 751 unus
1919 712 2115 752 omnium

349 772 462 812 vitae
483 783 606 813 meae
624 773 893 824 praesidium
912 773 956 814 in
969 774 1178 826 pleraque
1191 786 1287 815 mea
1315 774 1489 816 fortuna
1509 786 1533 816 a
1553 787 1624 816 me
1640 780 1895 818 censeretur
1913 780 2118 819 constan-

351 837 583 878 tissimum.
607 838 692 878 Sed
717 838 763 878 in
795 839 1016 880 communi
1045 851 1193 880 rerum
1215 851 1371 881 aceruo
1393 841 1517 892 plura
1550 844 1665 882 sunt.
1698 843 1835 894 Saepe
1860 843 1976 884 enim
2006 844 2121 884 inter

352 901 537 954 Scyllam
567 905 610 942 et
637 903 915 956 Charybdum
956 905 1142 955 positus,
1191 905 1358 946 Italiam
1390 917 1478 946 non
1510 907 1655 946 minus
1685 907 1959 959 temperabat
1985 919 2120 960 quam

354 966 544 1007 Isthmus
562 967 649 1017 ille,
670 969 744 1020 qui
763 969 879 1009 inter
901 970 1069 1010 lonium
1088 973 1129 1010 et
1146 971 1385 1023 Aegaeum,
1403 982 1459 1011 ne
1473 971 1588 1012 inter
1605 983 1652 1012 se
1668 962 1968 1014 concurrentia
1982 973 2119 1014 maria

352 1031 691 1083 confundantur,
714 1037 871 1075 natura
894 1035 1157 1076 constitutus
1179 1047 1277 1076 esse
1304 1036 1490 1077 videtur.
1517 1038 1611 1078 Scio
1633 1038 1677 1078 in
1698 1037 1940 1079 clarissimo
1961 1037 2122 1079 iuuene

354 1099 477 1137 Petro
510 1098 672 1139 Medice
709 1099 764 1139 ab
810 1099 1015 1140 universa
1057 1101 1231 1141 ciuitate
1268 1101 1386 1152 quod
1415 1105 1617 1142 nostrum
1653 1103 1850 1144 dolorem
1885 1102 2120 1154 plurimum

354 1165 578 1213 extenuat,
602 1163 739 1214 patris
756 1164 1060 1204 auctoritatem
1081 1177 1262 1216 prorsus
1288 1165 1589 1207 confirmatam
1610 1179 1731 1217 esse;
1747 1168 1879 1220 idque
1901 1167 2120 1208 decretum

355 1227 576 1278 publicum
596 1228 804 1280 quoniam
824 1229 870 1268 in
890 1229 1021 1269 unius
1047 1229 1237 1271 familiae
1258 1231 1555 1272 incolumitate
1570 1232 1704 1273 totius
1726 1225 1976 1285 republicae
2002 1233 2122 1274 salus

354 1296 567 1342 versatur,
595 1296 808 1344 perpetuo
834 1305 1094 1335 mansurum
1124 1298 1167 1336 et
1196 1307 1425 1347 speramus
1456 1300 1498 1337 et
1530 1297 1730 1349 cupimus
1752 1300 1867 1339 etc...
1890 1297 2122 1340 Mediolani

357 1358 407 1398 118
430 1359 516 1399 Cal.
538 1359 688 1410 aprilis
709 1359 827 1400 1492.
856 1376 871 1394 ι

414 1470 583 1524 (An-qen
594 1473 809 1513 Politiani
826 1484 966 1524 opera.
990 1472 1178 1524 Basilee,
1196 1473 1313 1524 1553,
1331 1473 1627 1524 Epe‘stocaram
1645 1475 1720 1517 lib.
1747 1477 1836 1527 1111,
1853 1487 1966 1529 page
1980 1474 2063 1529 45.)

1211 1715 1265 1760 42

412 1812 495 1851 Sur
520 1811 559 1852 le
580 1809 724 1852 meme
748 1811 878 1863 sujet.

703 1923 900 1974 Anyelus
922 1922 1161 1964 Politianus
1182 1922 1334 1963 Iacobo
1362 1923 1620 1974 Antiquario
1646 1925 1784 1964 suo‘S.

417 2042 431 2061 ι
465 2025 655 2078 Vulgare
676 2028 757 2074 est,
777 2027 826 2065 ut
846 2025 921 2077 qui
942 2024 1082 2065 serius
1111 2024 1241 2076 paulo
1273 2024 1330 2064 ad
1360 2024 1600 2065 amicorum
1631 2024 1779 2064 literas
1810 2023 2120 2076 respondeant,

359 2091 517 2131 nimias
540 2091 849 2142 occupationes
879 2101 980 2130 suas
1006 2093 1227 2131 excusent.
1262 2091 1352 2142 Ego
1385 2101 1488 2131 vero
1521 2101 1606 2142 quo
1635 2089 1781 2130 minus
1813 2091 1984 2130 mature
2004 2087 2122 2130 adio

356 2156 671 2208 rescripserim,
701 2167 791 2196 non
827 2158 915 2196 tam
944 2155 1116 2207 culpam
1146 2154 1320 2196 confero
1351 2155 1398 2196 in
1430 2155 1750 2206 occupationes,
1785 2165 2038 2207 quanquam
2066 2165 2122 2194 ne

356 2222 478 2274 ipsae
512 2221 689 2273 quidem
723 2220 970 2269 defuerunt,
1006 2232 1140 2272 quam
1167 2220 1210 2261 in
1251 2220 1587 2261 acerbissimum
1617 2220 1760 2272 potius
1786 2220 1901 2260 hunc
1927 2219 2121 2260 dolorem

357 2299 489 2339 quem
519 2286 623 2327 mihi
645 2286 738 2327 eius
756 2286 834 2327 viri
857 2286 1004 2327 obitus
1025 2286 1183 2335 attulit,
1207 2286 1330 2326 cuius
1350 2286 1590 2338 patrocinio
1613 2297 1752 2337 nuper
1772 2297 1889 2327 unus
1911 2297 1965 2326 ex
1984 2285 2122 2327 omni-

359 2353 444 2393 bus
463 2352 691 2393 literarum
717 2351 1056 2403 professoribuS,
1085 2355 1126 2392 et
1152 2363 1272 2392 eram
1303 2351 1690 2400 fortunatissimus,
1726 2356 1767 2394 ct
1798 2352 2007 2395 habebar.
2042 2350 2122 2391 illo

358 2417 492 2469 igitur
510 2428 627 2456 nunc
649 2416 853 2465 extincto,
875 2416 951 2467 qui
980 2415 1124 2456 fuerat
1157 2416 1312 2456 unicus
1342 2416 1500 2456 author
1536 2416 1694 2456 eruditi
1716 2417 1881 2458 laboris
1909 2416 2121 2465 videlicet,

358 2482 488 2523 ardor
507 2482 639 2522 etiam
657 2481 875 2521 scribendi
894 2484 1044 2521 noster
1066 2481 1281 2521 extInctus
1303 2484 1383 2529 est,
1417 2481 1624 2532 omnique
1645 2492 1782 2533 prope
1814 2485 2013 2522 veterum
2033 2484 2122 2521 stu-

358 2547 531 2587 diorum
551 2546 752 2586 alacritas
768 2546 979 2598 elanguit.
995 2546 1078 2585 Sed
1094 2546 1131 2585 si
1150 2548 1298 2586 tantus
1311 2557 1434 2586 amor
1453 2557 1580 2586 casus
1595 2557 1862 2599 cognoscere
1876 2550 2066 2595 nostros,
2081 2547 2123 2586 et

357 2612 532 2663 qualem
551 2622 597 2651 se
617 2611 689 2651 ille
710 2611 776 2652 vir
794 2610 838 2650 in
859 2613 1054 2651 extremo
1074 2611 1199 2662 quasi
1218 2611 1331 2652 vitae
1351 2614 1450 2651 actu
1469 2612 1656 2664 gesserit
1677 2613 1844 2662 audire,
1869 2622 2122 2665 quanquam

357 2681 398 2717 ct
433 2677 538 2717 fletu
572 2675 802 2728 impedior,
833 2679 876 2716 et
907 2687 932 2717 a
966 2676 1264 2717 recordatione
1296 2677 1407 2727 ipsa,
1451 2676 1634 2728 quasiue
1670 2678 1928 2718 retractione
1958 2676 2120 2718 doloris

358 2742 562 2782 abhorret
589 2741 763 2782 animus
789 2753 839 2782 ac
863 2741 1014 2790 resilit,
1041 2742 1353 2793 obtemperabo
1385 2744 1533 2782 tamen
1563 2745 1661 2783 tuae
1687 2745 1836 2783 tantae
1861 2754 1910 2783 ac
1930 2745 2019 2783 tam
2040 2742 2121 2782 ho-

356 2811 509 2848 nestae
528 2807 758 2856 voluntati,
783 2807 852 2847 cui
873 2807 1029 2847 deesse
1046 2819 1125 2859 pro
1151 2807 1347 2848 instituta
1371 2808 1485 2848 inter
1508 2818 1589 2848 nos
1609 2808 1814 2858 amicitia,
1837 2818 1982 2860 neque
2001 2807 2116 2856 volo,

355 2883 497 2924 neque
514 2883 712 2924 possum.
734 2873 843 2914 Nam
862 2871 1054 2924 profecto
1071 2873 1257 2924 ipsemet
1276 2873 1382 2913 mihi
1400 2873 1584 2913 nimium
1602 2876 1645 2914 et
1665 2873 1853 2913 inciuilis
1873 2872 2055 2921 videret,
2074 2875 2118 2912 et

355 2939 637 2987 inhumanus,
652 2938 688 2978 si
702 2938 780 2978 tibi
796 2941 837 2978 et
850 2938 926 2978 tali
939 2938 1045 2986 viro,
1056 2940 1099 2978 et
1113 2938 1198 2978 mei
1210 2940 1299 2978 tam
1314 2938 1513 2978 studioso
1527 2949 1621 2978 rem
1632 2938 1774 2978 ausim
1787 2948 1967 2989 prorsus
1981 2937 2115 2977 ullam

356 3003 588 3056 denegare.
609 3005 808 3045 Ceterum
829 3003 1037 3055 quoniam
1055 3002 1108 3044 de
1129 3014 1216 3054 quo
1239 3003 1318 3044 tibi
1343 3015 1368 3044 a
1388 3003 1516 3043 nobis
1547 3003 1676 3043 scribi
1700 3002 1910 3053 postulas,
1939 3001 1983 3042 id
2004 3001 2117 3042 eius-

357 3068 474 3108 modi
493 3071 573 3117 est,
596 3070 644 3108 ut
663 3066 831 3108 facilius
848 3078 980 3108 sensu
997 3067 1204 3120 quodam,
1233 3068 1377 3108 animo
1409 3068 1552 3116 tacito,
1575 3070 1617 3108 et
1636 3067 1898 3119 cogitatione
1918 3078 2113 3118 compre-

357 3133 587 3182 hendatur,
609 3144 743 3184 quam
759 3135 836 3172 aut
855 3133 1016 3182 verbis,
1046 3135 1121 3173 aut
1145 3133 1281 3173 literis
1306 3132 1488 3184 exprimi
1516 3132 1673 3183 possit,
1707 3132 1787 3172 hac
1811 3132 1909 3184 lege
1929 3131 2007 3179 tibi
2026 3132 2112 3172 iam

356 3209 471 3238 nunc
496 3198 758 3249 obsequium
783 3201 984 3238 nostrum
1015 3199 1317 3251 astringimus,
1347 3201 1396 3238 ut
1427 3208 1571 3248 neque
1602 3197 1648 3238 id
1681 3197 1965 3249 polliceamur
1995 3196 2113 3248 quod

355 3263 534 3313 implere
552 3274 639 3303 non
658 3264 894 3314 possimus,
917 3267 991 3303 tua
1013 3266 1124 3304 certa
1139 3274 1271 3304 causa
1287 3273 1377 3303 non
1390 3273 1659 3302 recusemus.
1675 3263 1970 3303 Laborauerat
1983 3262 2116 3314 igitur

355 3327 520 3367 circiter
539 3339 714 3368 menses
736 3329 847 3370 duos
877 3329 1133 3369 Laurentius
1165 3328 1349 3369 Medices
1378 3338 1402 3367 e
1432 3325 1656 3367 doloribus
1688 3327 1757 3376 iis,
1788 3327 1876 3378 qui,
1907 3327 2114 3378 quoniam

354 3392 567 3433 viscerum
585 3393 827 3446 cartilagini
847 3393 1116 3443 inhaereant,
1141 3404 1193 3434 ex
1212 3394 1472 3445 argumento
1488 3392 1806 3444 Hypochondrii
1824 3391 2110 3443 appellantur.
