2262 3958
278 329 348 363 262
887 321 1118 358 JOHANNIS
1151 321 1446 370 BURCHARDI,
1857 327 1937 369 [Mai
1959 327 2051 369 1487]

281 429 455 487 bireta;
482 428 577 476 dux
599 426 743 474 etiam
777 424 957 488 pileum
991 423 1229 488 deposuit,
1264 441 1362 474 non
1394 425 1601 476 biretum
1629 428 1689 477 de
1718 428 1890 477 velluto
1911 429 2050 492 nigro

282 511 409 575 quod
428 510 639 559 habebat
652 509 701 556 in
723 507 902 571 capite3
929 507 1060 570 quod
1080 523 1189 556 eum
1207 524 1318 557 cum
1336 524 1570 573 reponere
1588 510 1827 574 juberem,
1850 527 2051 576 respon-

281 595 349 642 dit
369 595 416 641 id
448 594 605 641 facere
639 607 735 639 non
770 607 914 655 posse
941 610 950 640 ε
977 609 1035 640 ex
1075 608 1167 655 quo
1199 591 1466 640 cardinales
1507 607 1593 640 sua
1630 592 1785 642 bireta
1817 610 2051 659 reponere

281 677 395 736 feci3
416 677 482 724 sic
504 675 649 724 etiam
670 673 956 734 cardinaleS,
981 675 1145 724 biretis
1172 675 1405 739 cooperti,
1440 675 1611 724 ducem
1638 675 1698 724 ad
1719 676 1814 724 oris
1832 678 2050 726 osculum

283 762 586 822 receperunt.
611 760 749 818 Tum,
778 758 1001 806 omnibus
1029 758 1180 806 tribus
1209 758 1310 806 sine
1339 758 1566 822 cappellis
1596 758 1847 818 stantibus,
1883 762 2047 808 Rmus.

285 844 339 889 D.
378 840 632 889 cardinalis
663 856 701 888 s.
736 840 906 904 Angeli
939 840 1190 904 explicavit
1222 856 1272 889 se
1299 856 1327 888 a
1354 840 1558 905 collegio
1589 841 1790 889 missum
1825 857 1931 890 esse
1964 858 2052 906 pro

286 925 563 989 receptione
602 924 840 984 videlicet,
882 924 1041 972 italico
1088 940 1311 973 sermone
1352 925 1574 988 loquens.
1615 929 1722 975 Dux
1760 925 2052 974 brevissimis

283 1006 438 1055 verbis
460 1006 632 1054 eodem
653 1021 877 1054 sermone
899 1005 1013 1069 ipsis
1025 1006 1200 1068 gratias
1217 1007 1312 1070 egit
1326 1024 1335 1067 ;
1351 1024 1445 1072 quo
1461 1008 1607 1068 facto,
1627 1024 1678 1058 se
1694 1008 2047 1072 cooperienteS.

284 1089 495 1137 medium
524 1089 697 1137 ducem
730 1094 1016 1152 receperunt
1044 1092 1091 1136 et
1123 1104 1275 1152 usque
1316 1091 1375 1138 ad
1414 1091 1643 1155 palatium
1673 1091 2047 1140 associaverunt.

285 1170 687 1234 Archiepiscopus
726 1186 835 1218 vero
870 1173 1235 1219 Beneventanus
1269 1176 1314 1220 et
1349 1173 1600 1238 episcopus
1629 1173 1939 1222 Cortonensis
1973 1172 2051 1236 qui

286 1253 511 1301 continuo
533 1268 683 1316 usque
705 1253 765 1301 ad
784 1257 973 1317 portam
999 1254 1159 1318 palatii
1191 1256 1546 1305 associaverant
1578 1257 1751 1305 ducem
1772 1261 1820 1305 et
1837 1256 2051 1305 medium

285 1340 554 1396 tenuerant,
580 1340 978 1398 retrocesserunt,
1016 1341 1063 1386 et
1091 1338 1321 1402 depositis
1343 1340 1580 1388 mantellis
1603 1344 1650 1387 et
1673 1339 1901 1402 cappellis
1919 1339 2053 1387 itine-

284 1419 478 1478 ralibus,
512 1424 805 1483 acceperunt
838 1420 1057 1468 habitum
1088 1421 1435 1472 condecentem
1469 1428 1515 1472 et
1553 1423 1599 1471 in
1641 1422 1738 1471 suis
1775 1422 1894 1471 locis
1929 1422 2054 1471 inter

284 1503 402 1552 alios
422 1503 632 1567 prelatos
651 1503 817 1551 Palatii
839 1504 1130 1567 equitarunt.

347 1586 579 1637 Venimus
608 1591 768 1635 autem
801 1588 861 1635 ad
887 1588 1116 1651 palatium
1150 1589 1417 1652 equitantes
1445 1606 1473 1638 a
1498 1594 1636 1654 porta
1655 1606 1807 1653 usque
1827 1590 1888 1638 ad
1901 1590 2055 1639 eccle-

284 1669 404 1719 siam
437 1671 576 1718 beate
613 1670 760 1719 Marie
793 1671 843 1718 in
874 1671 964 1721 Via
995 1671 1093 1720 lata
1126 1677 1259 1721 recta
1281 1673 1355 1721 via
1386 1689 1474 1736 per
1501 1677 1698 1737 pontem
1726 1689 1764 1719 S.
1792 1672 1960 1737 Angeli
1994 1673 2055 1721 ad

284 1754 514 1817 palatium
534 1754 629 1802 hoc
651 1754 819 1803 ordine
845 1772 854 1802 ε
879 1754 1034 1818 primo
1056 1755 1237 1804 familie
1260 1756 1571 1804 cardinalium
1592 1761 1640 1804 et
1660 1755 1928 1814 curialium,
1952 1760 2052 1804 tum

286 1837 464 1886 familia
501 1837 652 1896 ducis,
700 1841 808 1901 post
852 1837 956 1886 illas
1004 1838 1219 1887 scutiferi
1266 1842 1412 1903 Pape,
1453 1839 1625 1888 deinde
1666 1839 1826 1902 plures
1868 1838 2052 1887 nobiles

285 1924 552 1983 magnates,
595 1935 716 1983 quos
750 1920 843 1968 dux
884 1920 943 1969 de
985 1921 1080 1968 suis
1119 1921 1346 1980 habebat,
1385 1922 1604 1970 videlicet
1646 1922 1866 1970 Albertus
1906 1921 2055 1970 frater

285 2004 419 2052 ducis
449 2002 697 2061 naturaliS,
734 2005 790 2050 D.
829 2003 1046 2067 Corrigii,
1084 2006 1140 2051 D.
1175 2003 1234 2052 de
1269 2005 1425 2068 Carpi,
1458 2007 1513 2052 D.
1545 2005 1838 2069 Theophilus
1867 2019 2049 2065 comeS,

287 2091 457 2136 Comes
475 2089 683 2134 Joannes
706 2086 762 2133 de
786 2086 968 2149 Bujano
1000 2091 1047 2133 et
1072 2087 1232 2150 plures
1266 2087 1363 2146 alii,
1394 2091 1440 2135 et
1467 2103 1575 2135 cum
1611 2087 1679 2134 eis
1710 2091 1924 2136 oratores
1944 2087 2054 2136 laici

286 2185 473 2233 regum,
516 2169 897 2217 Franceschinus
929 2169 1043 2217 Cibo
1078 2184 1229 2234 nepos
1264 2173 1409 2233 Pape,
1446 2185 1504 2218 ex
1538 2170 1684 2219 fratre
1719 2170 1896 2219 sororis
1926 2173 2054 2235 Papo

285 2257 443 2311 natus,
486 2255 697 2311 senator,
734 2267 900 2300 comes
942 2252 1155 2301 Tendille
1196 2257 1244 2300 et
1276 2268 1444 2301 omnes
1483 2258 1756 2317 magnates;
1793 2253 2054 2302 servientes

285 2351 546 2394 armorum,
571 2333 838 2381 cardinales
861 2349 971 2380 cum
992 2334 1131 2393 duce,
1157 2335 1448 2397 gubernator
1465 2335 1603 2383 Urbis
1625 2351 1734 2384 cum
1756 2335 1859 2384 alio.
1869 2335 2054 2398 prelato

284 2418 463 2484 palatii,
505 2416 895 2480 archiepiscopus
931 2419 1294 2465 Beneventanus
1326 2433 1434 2466 cum
1468 2418 1560 2465 alio
1603 2418 1787 2481 prelato
1819 2417 1996 2480 palatii,
2027 2433 2056 2465 a

286 2500 489 2549 sinistris
526 2499 712 2547 habens
749 2515 901 2547 unum
930 2499 1167 2562 prelatum
1213 2505 1454 2548 oratorem
1506 2517 1516 2548 :
1561 2501 1628 2547 sic
1663 2499 1908 2563 deinceps,
1946 2503 2054 2563 post

285 2585 494 2648 prelatos
513 2586 746 2642 oratores,
772 2582 864 2630 iter
887 2582 1228 2630 continuarunt
1248 2582 1417 2645 prelati
1438 2582 1599 2646 palatii
1621 2582 1720 2629 bini
1739 2586 1786 2630 et
1806 2581 1921 2642 bini,
1945 2587 2054 2646 post

286 2667 392 2714 illos
420 2663 787 2729 archiepiscopi,
835 2663 1068 2727 episcopi,
1108 2663 1441 2727 protonotarii,
1469 2663 1665 2711 abbates
1699 2664 1974 2712 cubicularii
2008 2668 2054 2713 et

287 2750 366 2798 alii
388 2749 535 2812 togati
551 2751 766 2797 oratores
783 2746 889 2795 laici
906 2751 954 2795 et
969 2747 1129 2796 clerici
1144 2763 1153 2806 ;
1174 2747 1343 2811 prelati
1358 2746 1629 2810 equitarunt
1641 2752 1750 2796 ante
1767 2746 2050 2807 cardinales,

287 2838 338 2881 ut
359 2848 501 2897 supra
522 2831 742 2880 diximus.

354 2919 454 2965 Hoc
480 2916 646 2965 ordine
667 2915 976 2979 pervenimus
999 2915 1059 2963 ad
1075 2914 1305 2979 palatium
1327 2928 1478 2976 usque
1495 2913 1554 2960 ad
1573 2928 1768 2977 parvam
1789 2912 2055 2976 cappellam

285 3002 419 3063 juxta
440 3013 678 3047 cameram
698 2998 965 3061 paramenti
986 2998 1066 3045 ubi
1088 2997 1458 3062 expectavimus.
1480 2997 1675 3044 Interim
1707 2998 1791 3044 SS.
1814 2999 1871 3044 D.
1893 2998 1952 3044 N.
1975 2996 2055 3059 qui

285 3084 333 3131 in
367 3083 475 3131 aula
508 3082 742 3145 logiarum
771 3098 914 3145 supra
952 3085 1139 3145 portam
1179 3080 1339 3144 palatii
1378 3095 1490 3127 cum
1529 3079 1850 3127 cardinalibus
1883 3079 2055 3128 ducem

286 3167 558 3215 venientem
575 3164 774 3224 viderat,
812 3165 938 3213 venit
963 3180 1049 3228 per
1074 3165 1269 3212 hortum
1298 3162 1356 3210 ad
1390 3177 1632 3209 cameram
1663 3162 1927 3224 paramenti
1946 3177 2055 3210 cum

288 3248 626 3307 cardinalibuS,
647 3247 725 3294 ubi
748 3247 932 3310 accepit
954 3247 1124 3295 stolam
1146 3246 1397 3310 pulchram
1420 3261 1560 3309 supra
1583 3245 1853 3304 rochetum,
1882 3245 2054 3293 sedens

286 3332 334 3379 in
356 3332 469 3380 sede
501 3347 601 3391 sua,
633 3335 680 3378 et
709 3330 974 3378 cardinales
1007 3319 1360 3393 per'circulum
1391 3344 1534 3391 supra
1567 3328 1777 3376 scabella
1813 3343 1899 3375 sua
1933 3343 1986 3375 ac
2014 3326 2053 3373 si

287 3414 624 3463 consistorium
646 3414 963 3462 celebrarent.
997 3417 1207 3463 Vocatus
1238 3417 1309 3460 est
1337 3412 1510 3460 deinde
1536 3412 1646 3471 dux,
1671 3412 1766 3474 qui,
1791 3411 2054 3475 preceden—
