2262 3958
188 284 355 330 [octobre
376 287 467 328 1434]
638 285 807 322 RERUM
840 285 1145 323 URBANARUM
1178 283 1527 322 COMMENTARII.
1909 285 1976 322 113

185 389 606 439 inhonestissimus
627 389 714 438 suit
735 394 782 438 et
803 389 975 453 maj0ri
997 389 1119 454 parti
1141 388 1457 436 cardinalium
1475 384 1735 450 displicuit.
1757 385 1976 432 Debebat

185 473 316 522 enim
336 474 431 522 dux
449 474 573 522 inter
593 474 714 522 duos
742 474 960 522 seniores
988 473 1218 521 diaconos
1248 473 1295 519 in
1323 471 1491 520 ultimo
1517 471 1644 529 loco,
1676 472 1727 517 ut
1754 472 1970 527 venerat,

185 556 474 620 equitantes,
499 558 674 607 iterum
696 558 930 621 equitare,
954 572 1053 603 non
1075 556 1200 604 inter
1220 556 1402 620 primos
1431 554 1705 618 episcopos,
1732 553 1861 616 quod
1885 552 1972 600 soli

186 639 467 705 imperatori
499 641 750 701 convenit;
783 645 944 689 tamen
981 639 1093 702 quia
1124 639 1190 687 ita
1219 639 1395 703 placuit
1426 636 1841 697 vicecancellario,
1875 652 1974 684 non

187 724 321 788 potui
344 724 484 774 aliter
504 726 745 774 ordinare.

257 808 397 857 Feria
436 813 572 858 sexta
610 808 829 873 proxime
862 806 1092 871 preterita
1129 809 1188 854 22
1230 805 1343 854 dicti
1377 805 1557 853 mensis
1596 805 1809 853 octobris
1846 805 1974 853 circa

193 892 398 958 primam
435 893 605 942 horam
637 891 792 940 noctis
826 892 944 940 obiit
977 896 1142 940 Rmus.
1175 892 1223 939 in
1259 891 1445 940 Christo
1479 894 1531 939 P.
1570 896 1619 939 et
1653 894 1710 938 D.
1751 891 1976 939 dominus

193 975 464 1040 Stephanus
506 975 625 1023 tituli
665 991 704 1022 s.
743 975 893 1023 Marie
938 975 986 1024 in
1034 975 1379 1024 Transtiberim
1422 975 1679 1040 presbyter
1721 974 1976 1022 cardinalis

191 1058 565 1108 Mediolanensis
599 1059 856 1124 vulgariter
889 1064 1210 1125 nuncupatuS,
1254 1063 1405 1108 Rome
1440 1059 1487 1106 in
1505 1059 1681 1123 palatio
1717 1058 1977 1106 residentia

190 1157 298 1201 sue3
335 1141 472 1206 cujus
512 1142 717 1191 cadaver
756 1143 886 1193 circa
923 1144 1164 1193 decimam
1206 1144 1380 1192 horam
1421 1142 1639 1207 ejusdem
1679 1141 1837 1190 noctis
1873 1141 1977 1189 sine

190 1239 373 1290 pompa
398 1226 458 1275 ad
488 1226 737 1276 basilicam
758 1228 989 1293 principis
1021 1229 1351 1294 apostolorum
1383 1228 1443 1276 de
1473 1227 1600 1276 Urbe
1633 1230 1851 1291 portatus
1886 1230 1976 1286 est,

194 1311 243 1357 et
264 1308 324 1358 de
346 1324 405 1359 ea
424 1310 473 1358 in
494 1311 730 1361 Vaticano
746 1312 883 1376 juxta
902 1312 1241 1378 baptismalem
1263 1312 1497 1376 capellam
1531 1311 1591 1359 ad
1612 1326 1804 1359 murum
1825 1310 1977 1375 depo-

183 1391 346 1454 situm,
372 1395 508 1459 cujus
529 1395 690 1444 anima
712 1397 985 1460 requiescat
1005 1397 1055 1445 in
1075 1413 1195 1462 pace
1221 1395 1300 1462 (1).

251 1477 393 1527 Feria
413 1482 598 1542 quarta,
625 1482 683 1527 27
708 1480 824 1529 dicti
846 1481 1027 1530 mensis
1051 1481 1282 1542 octobris,
1306 1484 1542 1530 venerunt
1563 1480 1624 1528 ad
1646 1481 1825 1529 Urbem
1847 1483 1903 1528 R.
1931 1480 1979 1528 in

188 1563 377 1613 Christo
394 1569 532 1629 pater
553 1567 610 1613 D.
635 1565 876 1614 Adrianus
906 1566 1163 1631 episcopus
1191 1564 1421 1626 Senensis
1445 1568 1510 1624 et,
1536 1564 1574 1612 si
1597 1569 1728 1614 recte
1754 1564 1973 1625 memini,

189 1648 285 1697 duo
307 1648 387 1698 alii
407 1648 534 1698 cives
553 1649 754 1697 civitatis
777 1651 1005 1699 Senensis
1027 1666 1114 1716 pro
1144 1649 1422 1700 obedientia
1443 1651 1528 1699 SS.
1554 1651 1613 1698 D.
1638 1652 1694 1698 N.
1720 1649 1979 1714 prestanda

190 1731 350 1798 missi;
374 1748 403 1782 a
421 1733 612 1782 famulis
635 1736 720 1783 SS.
742 1736 799 1784 D.
824 1734 979 1783 nostri
1007 1739 1055 1784 et
1083 1750 1395 1784 romanorum
1417 1733 1731 1782 dominorum
1754 1733 1977 1782 cardina-

189 1814 308 1866 lium
335 1819 384 1865 et
411 1817 681 1866 oratoribus
715 1818 899 1883 recepti
928 1819 1137 1878 suerunt,
1173 1823 1219 1867 et
1248 1834 1399 1882 usque
1428 1817 1488 1866 ad
1515 1818 1780 1883 hospitium
1806 1817 1977 1882 Angeli

183 1914 336 1964 prope
359 1915 586 1966 campum
607 1901 768 1963 Flore,
792 1918 929 1952 more
951 1907 999 1952 et
1020 1903 1208 1952 honore
1238 1903 1379 1951 solito
1408 1901 1651 1951 associati.

249 1983 460 2034 Sabbato
483 1987 545 2034 30
566 1985 642 2034 die
665 1986 778 2036 dicti
809 1987 991 2036 mensis
1020 1987 1232 2036 octobris
1255 1990 1407 2036 Rome
1432 1986 1481 2034 in
1506 1986 1683 2051 palatio
1706 1985 1974 2051 apostolico

181 2067 308 2132 apud
327 2084 368 2116 s.
395 2070 593 2119 Petrum
615 2068 664 2118 in
684 2071 878 2134 publico
901 2067 1190 2120 consistorio
1223 2071 1271 2119 in
1296 2071 1436 2119 tertia
1457 2071 1567 2119 aula
1586 2071 1769 2131 habito,
1794 2071 1965 2135 prefati

179 2154 397 2201 oratores
424 2151 622 2202 nomine
661 2153 864 2203 civitatis
895 2171 1005 2215 sue,
1037 2155 1266 2220 episcopo
1296 2154 1501 2204 Senensi
1530 2158 1716 2214 orante,
1740 2154 1965 2219 prestite-

182 2238 295 2284 runt
330 2235 657 2286 obedientiam
707 2238 907 2287 summis
946 2239 1254 2304 pontificibus
1301 2239 1514 2288 debitam
1552 2238 1741 2304 prefato
1781 2240 1866 2288 SS.
1905 2241 1962 2287 D.

179 2322 349 2368 nostro
367 2335 504 2369 more
528 2328 780 2371 consueto.

245 2403 383 2452 Feria
425 2406 656 2467 secunda,
701 2410 729 2455 8
770 2406 951 2455 mensis
990 2407 1285 2467 novembriS,
1328 2411 1496 2473 parato
1538 2424 1597 2456 ex
1636 2422 1773 2456 more
1814 2411 1974 2455 castro

177 2486 360 2536 doloris
393 2489 443 2538 in
475 2490 711 2541 Vaticano
740 2495 876 2540 extra
901 2491 1136 2556 capellam
1158 2496 1434 2541 sanctorum
1454 2494 1647 2542 Andree
1679 2497 1726 2542 et
1753 2493 1974 2557 Gregorii

176 2569 227 2619 in
247 2571 446 2622 basilica
466 2590 505 2622 s.
532 2575 661 2624 Petri
689 2591 799 2624 cum
830 2577 936 2625 telis
968 2581 1015 2625 et
1043 2577 1189 2625 armis
1221 2593 1276 2626 ac
1299 2577 1403 2626 aliis
1426 2577 1710 2642 opportunis
1740 2577 1869 2626 dicta
1902 2580 1972 2625 est

177 2654 326 2704 missa
343 2656 393 2705 in
415 2659 600 2723 capella
625 2660 861 2724 predicta,
894 2661 1050 2727 prima
1077 2661 1226 2709 missa
1254 2662 1516 2726 exequialis
1542 2678 1629 2727 pro
1660 2662 1821 2710 anima
1847 2661 1972 2708 bone

175 2740 412 2790 memorie
440 2743 691 2810 Stephani,
722 2744 844 2792 tituli
870 2761 908 2792 s.
941 2743 1088 2793 Marie
1117 2744 1165 2792 in
1193 2744 1540 2793 Transtiberim
1564 2743 1834 2809 presbyteri
1861 2759 1968 2791 car-

175 2822 348 2872 dinalis
379 2825 754 2876 Mediolanensis
791 2827 1052 2892 vulgariter
1083 2828 1361 2894 nuncupati,
1407 2844 1550 2891 quam
1585 2827 1631 2875 in
1674 2830 1965 2875 RRmorum.

175 2906 275 2954 DD.
327 2907 665 2971 cardinalium,
715 2911 1011 2975 prelatorum
1061 2916 1108 2960 et
1154 2913 1358 2961 aliorum
1413 2912 1664 2961 curialium
1723 2910 1969 2975 presentia

111 3054 114 3057 ι
174 2989 436 3040 celebravit
478 3009 601 3041 unus
642 3010 701 3043 ex
739 2995 930 3043 RRmis.
975 2997 1075 3044 DD.
1130 2996 1424 3062 presbyteris
1471 2995 1809 3045 cardinalibus.
1855 2996 1968 3042 Post

174 3072 392 3135 missam,
426 3075 619 3126 habitus
661 3083 733 3127 est
767 3095 947 3139 sermo,
988 3084 1035 3128 et
1073 3080 1246 3129 deinde
1278 3096 1367 3144 per
1399 3080 1728 3129 celebrantem
1760 3082 1807 3126 et
1847 3077 1966 3125 alios

171 3160 378 3221 quatuor
397 3160 666 3211 cardinales
687 3163 814 3212 facta
833 3164 1071 3213 absolutio
1094 3168 1141 3214 et
1163 3164 1255 3213 alia
1278 3164 1531 3214 observata
1551 3180 1686 3212 more
1709 3165 1963 3210 consueto.

172 3239 300 3289 infra
319 3257 575 3304 novenam,
603 3245 803 3311 singulis
825 3246 1014 3307 diebus,
1040 3247 1300 3296 celebravit
1320 3247 1527 3312 primam
1548 3246 1747 3294 missam
1768 3244 1967 3309 quidam

131 3406 136 3410 ,
168 3424 193 3462 b
216 3366 253 3404 1.
282 3366 338 3404 On
359 3367 518 3407 attribuo.
537 3379 579 3407 sa
599 3373 693 3408 mort
713 3381 760 3410 au
788 3371 889 3421 depit
911 3372 956 3411 de
984 3373 1123 3411 n’avoir
1150 3383 1216 3421 pas
1242 3371 1398 3408 succede
1428 3373 1447 3408 ἐι
1469 3370 1572 3408 Sixte
1594 3369 1656 3407 lV.
1686 3368 1784 3419 Voy.
1817 3366 1964 3407 Garim-

194 3429 286 3475 erto,
305 3438 344 3478 p.
372 3429 454 3467 462.

357 3518 389 3543 Τ.
412 3519 436 3544 1.
1744 3510 1767 3546 8
