2262 3958
366 277 435 311 1160
971 272 1204 309 JOHANNIS
1238 271 1532 317 BURCHARDI,
1903 272 2010 312 [Avrit
2032 273 2124 317 1402]

363 375 543 423 tionem
564 376 622 422 D.
648 373 885 432 Falconis,
912 375 995 422 SS.
1022 376 1079 422 D.
1111 373 1262 421 nostri
1295 388 1416 436 pape
1438 372 1722 423 thesaurarii
1747 375 2005 439 generalis,
2045 374 2124 437 qui

362 457 604 504 intellecta
635 459 789 504 morte
824 455 1066 504 Laurentii
1106 454 1327 519 predicti,
1378 453 1602 501 eumdem
1648 456 1698 503 in
1732 473 1871 506 mane
1906 457 2122 514 visitavit,

360 539 536 603 deponi
557 539 671 587 fecit
687 554 715 586 a
734 538 993 601 parietibus
1012 542 1059 586 et
1077 538 1213 586 lectis
1243 540 1635 601 paramentorum
1666 553 1858 587 omnem
1882 547 2122 595 ornatum,

363 636 530 669 omnes
574 636 760 684 pannos
804 621 863 669 de
899 620 1080 678 rascia3
1117 619 1429 668 familiaribus
1472 618 1567 686 suis
1614 619 1835 667 omnibus
1874 621 1974 669 dari
2011 621 2125 669 fecit

362 705 515 753 bireta
545 704 698 768 nigra.
734 707 839 767 Ipse
878 703 1131 751 cardinalis
1158 702 1353 750 indutus
1388 706 1459 750 est
1497 705 1625 750 veste
1664 701 1862 750 violacia
1891 703 2123 762 obscura3

362 787 592 850 depositis
614 787 672 835 de
695 802 889 835 camera
907 786 1130 834 omnibus
1162 785 1354 833 sedibus
1386 800 1443 833 ex
1472 784 1701 833 bruccato
1723 788 1770 832 et
1790 784 1987 844 velluto,
2011 786 2126 834 reti-

360 870 466 918 nuit
499 874 684 918 tantum
715 869 855 917 sedes
885 869 1017 917 corio
1048 868 1197 916 rubeo
1237 871 1488 931 coopertas
1523 871 1570 915 et
1609 867 1818 915 scabella
1851 871 2080 916 consueta
2113 884 2122 916 ε

360 952 575 1001 valisiam
595 952 700 1000 fieri
730 952 844 1000 fecit
874 952 931 1000 de
965 967 1124 1015 panno
1156 950 1347 998 violatio
1376 950 1601 1008 obscuro,
1627 950 1730 998 sine
1761 949 1906 997 armis
1940 968 1950 997 ι
1985 965 2127 1014 supra

362 1035 536 1083 tabulis
572 1039 757 1083 tantum
797 1035 993 1098 tapetia,
1043 1038 1090 1081 et
1123 1033 1370 1082 credentia
1401 1036 1447 1081 et
1485 1032 1624 1081 lectis
1665 1047 1850 1095 pannos
1878 1032 1936 1080 de
1973 1032 2128 1081 rascia

362 1118 592 1167 retinuit:
628 1122 675 1166 et
703 1112 871 1165 omnes
909 1117 1162 1165 servitores
1195 1131 1305 1164 suos
1344 1132 1402 1163 ex
1431 1130 1591 1179 panno
1630 1115 1768 1177 nigro
1803 1114 1963 1162 vestiri
1992 1114 2122 1164 fecit.

363 1203 498 1247 Hunc
521 1199 831 1258 cardinalem,
855 1203 1051 1262 propter
1072 1213 1264 1261 gravem
1292 1197 1617 1245 infirmitatem
1648 1197 1762 1245 dicti
1784 1197 2042 1258 Laurentii,
2067 1198 2126 1246 de

363 1282 517 1344 quain
539 1281 666 1328 Urbe
689 1286 819 1329 certa
837 1281 1005 1328 notitia
1032 1280 1316 1339 habebatur,
1339 1280 1445 1327 heri
1469 1295 1595 1337 sero,
1622 1279 1751 1326 circa
1769 1279 1939 1327 horam
1958 1295 2126 1328 secun-

362 1365 472 1412 dam
495 1364 670 1422 noctis,
713 1367 877 1411 Rmus.
916 1366 971 1411 D.
1010 1362 1262 1411 cardinalis
1302 1362 1360 1411 de
1398 1362 1580 1410 Ursinis
1620 1362 1853 1424 sanguine
1887 1361 1975 1409 sibi
2009 1376 2125 1410 con-

358 1447 570 1509 junctus,
602 1445 834 1504 visitavit;
863 1448 909 1493 et
930 1444 1074 1492 hodie
1102 1449 1210 1508 post
1229 1444 1498 1507 prandium,
1524 1449 1722 1508 propter
1749 1443 1860 1492 dicti
1885 1443 2126 1491 Laurentii

360 1528 562 1587 obitum,
586 1528 750 1577 RRmi.
771 1531 871 1576 DD.
896 1528 1181 1587 cardinales,
1210 1528 1457 1587 Senensis,
1476 1526 1916 1583 vicecancellarius,
1941 1528 2125 1589 Neapo-

358 1610 551 1670 litanus,
579 1611 897 1670 Camerarius,
924 1611 982 1658 de
1006 1611 1224 1670 Sabellis,
1252 1611 1486 1659 Ascanius
1508 1614 1555 1658 et
1578 1609 1858 1667 Aleriensis,
1883 1607 2055 1656 deinde
2077 1613 2126 1656 et

359 1696 434 1744 alii
472 1695 740 1743 cardinales
780 1710 915 1743 more
957 1695 1095 1742 solito
1134 1694 1394 1742 visitarunt.
1445 1694 1596 1757 Hujus
1644 1692 1887 1742 Laurentii
1922 1691 2124 1751 obitum,

360 1778 618 1836 Florentie,
650 1778 835 1826 diversa
862 1778 1014 1841 signa,
1051 1777 1186 1840 quasi
1220 1777 1334 1839 quid
1357 1776 1518 1839 magni
1552 1775 1813 1823 indicantia
1839 1790 1925 1822 seu
1952 1773 2129 1837 signifi-

359 1861 534 1919 cantia,
558 1864 915 1924 precesserunt.
939 1862 1058 1908 Nam
1093 1860 1168 1908 die
1198 1859 1423 1908 mercurii
1453 1862 1480 1905 4
1502 1858 1666 1922 hujus,
1692 1872 1803 1905 cum
1824 1855 2125 1905 multitudine

358 1943 522 2006 populi
557 1942 767 1990 virorum
801 1958 856 1989 ac
900 1942 1156 1991 mulierum
1196 1946 1488 2005 congregata
1519 1941 1567 1988 in
1605 1940 1811 1989 ecclesia
1852 1939 2123 1999 florentina,

358 2040 492 2073 more
534 2025 674 2073 solito
703 2025 964 2073 haberetur
1003 2040 1178 2084 sermo,
1227 2024 1434 2088 quedam
1475 2024 1647 2071 mulier
1691 2038 1750 2071 ex
1801 2021 2122 2081 audientibus,

357 2123 534 2171 magno
557 2107 768 2156 clamore
790 2123 1009 2170 surgens,
1032 2123 1142 2156 cum
1169 2123 1197 2155 a
1213 2107 1477 2155 minoribus
1499 2107 1615 2170 quid
1633 2106 1835 2155 haberet
1857 2105 2126 2168 interroga-

359 2194 489 2237 retur
517 2205 526 2236 :
562 2209 583 2232 «
608 2188 841 2251 numquid
867 2203 963 2235 non
984 2188 1164 2236 vidistis
1197 2192 1386 2236 taurum
1416 2203 1597 2236 cornua
1629 2203 1835 2236 accensa
1866 2182 2125 2236 habentem

357 2272 518 2334 ignem
563 2270 864 2334 projicentia,
906 2255 1161 2319 ecclesiam
1198 2271 1293 2319 sive
1329 2270 1562 2334 templum
1597 2273 1762 2318 sancte
1792 2270 2011 2318 Liberate
2038 2268 2121 2333 (1),

357 2354 405 2400 in
442 2368 535 2416 quo
567 2357 668 2401 erat
700 2353 910 2416 dejicere
949 2354 1224 2401 volentem?
1248 2354 1366 2400 »Ad
1404 2354 1541 2416 cujus
1581 2352 1797 2401 mulieris
1843 2352 2120 2409 clamorem,

360 2436 562 2499 populus
592 2436 876 2498 perterritus
918 2451 1027 2482 cum
1059 2436 1377 2499 predicatore,
1417 2435 1613 2482 dimisso
1645 2449 1790 2497 opere
1825 2449 1908 2482 seu
1946 2434 2123 2497 imper—

358 2518 504 2576 fecto,
529 2521 850 2565 recesserunt.

420 2600 546 2647 Jovis
585 2599 846 2662 sequentiS,
891 2603 917 2647 5
953 2599 1065 2647 dicti
1104 2601 1283 2649 mensis
1320 2601 1499 2664 aprilis,
1554 2600 1682 2648 circa
1724 2600 1893 2648 horam
1934 2600 2124 2648 tertiam

360 2683 533 2742 noctis,
567 2687 664 2731 tam
690 2682 953 2730 vehemens
985 2686 1030 2730 et
1064 2699 1239 2746 magna
1265 2682 1422 2746 pluvia
1446 2681 1576 2731 venit
1598 2683 1647 2730 in
1668 2682 1855 2731 civitate
1886 2682 2119 2746 predicta,

355 2829 388 2866 le
426 2830 507 2878 plus
534 2830 644 2867 ferme
677 2830 820 2866 soutien
849 2829 894 2866 (16
921 2829 956 2866 la
986 2829 1071 2878 paix
1104 2841 1147 2866 en
1184 2829 1297 2866 Italic.
1333 2830 1440 2878 (Voy.
1481 2829 1738 2875 Guicciardini,
1772 2831 1915 2866 Istoria
1946 2830 2123 2872 d'Ralia,

356 2889 416 2926 Hv.
438 2890 467 2935 1,
487 2894 523 2926 et
547 2893 567 2926 a
597 2889 804 2938 l’Append,
824 2895 881 2925 11⁰⁵
914 2890 955 2925 41
980 2894 1015 2926 et
1042 2890 1101 2933 42,
1129 2889 1162 2925 la
1185 2889 1288 2926 lettre
1321 2889 1367 2925 de
1395 2889 1554 2926 Jacobus
1583 2888 1819 2937 Antiquarius
1848 2891 1869 2925 a
1897 2888 2063 2934 Politien,
2091 2888 2126 2924 la

355 2950 508 2997 reponse
528 2949 572 2985 (16
591 2949 731 2985 celui-ci
754 2960 816 2984 sur
842 2949 876 2984 la
901 2948 1054 2985 maladie
1074 2953 1110 2985 et
1130 2949 1162 2984 la
1182 2953 1275 2985 mort
1295 2949 1339 2984 de
1359 2949 1520 2984 Laurent
1540 2949 1584 2985 de
1610 2949 1775 2993 Medicis,
1797 2952 1834 2985 et
1854 2947 1889 2984 la
1907 2947 2060 2985 relation
2079 2948 2124 2984 de

357 3007 478 3043 Pierre
497 3007 649 3055 Martyr,
671 3004 774 3053 Opus
793 3007 1059 3052 epistolarum,
1082 3011 1168 3051 etc„
1189 3006 1251 3043 lib.
1277 3006 1317 3052 V,
1340 3006 1449 3054 epist.
1472 3018 1543 3042 (ΗΧ.

406 3069 438 3102 1.
466 3066 565 3102 Tous
586 3067 636 3102 les
655 3077 744 3102 mss.
766 3065 810 3102 de
831 3065 1019 3102 Burchard
1037 3065 1199 3102 donnent
1220 3080 1239 3098 «
1254 3070 1377 3101 sancte
1397 3064 1563 3101 Liberata
1576 3065 1709 3114 »,qu'il
1723 3065 1892 3102 convient
1906 3065 1951 3101 de
1965 3065 2124 3112 corrigar

357 3136 443 3172 par:
458 3140 476 3159 «
493 3129 618 3162 sancte
632 3125 743 3161 Marie
763 3123 907 3160 Novelle
924 3138 955 3169 »‚
971 3135 1108 3160 comme
1129 3135 1175 3161 on
1195 3124 1228 3160 le
1246 3124 1318 3161 voit
1338 3135 1400 3172 par
1414 3123 1448 3159 la
1463 3123 1567 3160 lettre
1590 3124 1634 3160 de
1654 3124 1807 3161 Politian
1821 3124 1945 3172 (App.‚
1958 3131 2000 3160 n⁰
2012 3124 2072 3172 40)
2088 3128 2124 3161 et

356 3185 442 3220 celle
456 3185 500 3220 (16
514 3185 645 3220 Petrus
661 3183 861 3231 Delphinus
877 3183 1073 3231 (Append.,
1090 3189 1132 3219 n⁰
1146 3183 1183 3220 41
1194 3184 1218 3230 );
1236 3182 1433 3220 Machiavel
1453 3182 1518 3226 (Le
1531 3183 1675 3218 Istorie
1689 3184 1922 3225 Fiet-emine,
1938 3182 1996 3220 liv.
2007 3182 2120 3229 VIII),

356 3243 508 3290 pretend
534 3255 604 3291 que
630 3254 670 3279 ce
696 3242 750 3279 fut
783 3245 804 3278 a
831 3242 946 3279 Santa
977 3243 1172 3290 charata,
1195 3242 1284 3279 mais
1311 3253 1377 3278 son
1409 3241 1643 3289 temoignage
1673 3246 1729 3279 est
1756 3243 1801 3279 de
1817 3253 1888 3291 peu
1915 3241 1959 3278 de
1985 3240 2090 3289 poids
2113 3251 2121 3276 :

357 3301 529 3338 l'histoire
553 3302 598 3337 de
618 3302 789 3337 Florence
810 3305 920 3349 ayant
940 3303 996 3338 ete
1016 3301 1127 3339 ecrite
1146 3304 1167 3338 a
1186 3301 1221 3337 la
1241 3301 1325 3337 hate
1353 3304 1390 3336 et
1409 3299 1615 3347 longtemps
1641 3303 1746 3348 apres
1773 3301 2009 3338 l’evenement
2036 3300 2123 3335 dont

360 3359 384 3395 il
411 3365 464 3396 est
488 3360 654 3408 question
668 3360 727 3396 ici.
