2262 3958
318 297 387 332 328
900 289 1132 326 JoHANNJS
1165 288 1458 335 BURCHARm,
1816 290 1969 331 [sanvier
1988 291 2080 332 1489]

320 400 482 458 modo,
509 398 686 461 incepit
711 413 719 444 :
752 395 811 443 Te
837 395 993 442 Deum
1014 394 1281 451 lazcdamuS,
1305 393 1434 455 quod
1460 392 1703 456 prosecuti
1731 397 1840 441 sunt
1861 395 2083 440 cantores

322 496 454 530 more
474 481 628 529 solite.

981 590 1426 638 MCCCCLXXXIX.

387 711 525 759 Feria
551 711 733 774 quinta,
760 714 818 759 25
835 710 1015 759 mensis
1038 709 1325 767 decembris,
1351 708 1529 756 festum
1556 706 1811 755 nativitatis
1841 705 2088 754 salvatoris

323 793 474 841 nostri
504 796 544 841 J.
584 794 776 853 Christi,
810 798 977 842 Rmus.
1011 797 1067 842 D.
1104 791 1520 842 vicecancellarius
1557 790 1606 838 in
1645 790 1840 838 basilica
1878 806 1922 836 s.
1963 788 2090 838 Petri

324 876 580 925 celebravit
600 877 799 925 missam
820 877 1079 942 publicam,
1105 880 1233 940 Papa
1260 877 1475 934 absente,
1507 873 1680 921 RRmis
1709 875 1807 921 DD.
1839 871 2092 921 cardinali-

325 960 413 1007 bus
447 961 769 1023 presentibus,
803 964 856 1010 In
880 961 994 1019 fine,
1025 959 1355 1024 pronunciavit
1383 957 1703 1021 indulgentias
1734 956 1974 1021 plenarias
2005 970 2094 1019 per

265 1084 269 1093 .
326 1045 522 1106 Papam,
555 1048 606 1091 ut
630 1044 851 1103 asseruit,
883 1060 1140 1092 concessas
1170 1042 1568 1091 interessentibus
1600 1045 1646 1089 et
1673 1056 1769 1089 non
1797 1039 1886 1088 fuit
1912 1054 2088 1088 sermo.

327 1126 498 1175 Omnia
517 1127 608 1175 alia
626 1128 878 1175 observata
900 1130 1008 1174 sunt
1022 1142 1156 1174 more
1178 1128 1431 1174 consueto.

393 1209 531 1258 Feria
554 1214 703 1266 sexta,
742 1212 801 1257 26
843 1209 1130 1268 decembris,
1169 1210 1346 1257 festum
1375 1225 1413 1256 s.
1449 1207 1678 1271 Stephani
1706 1206 2091 1271 protomartyris,

328 1299 493 1343 Rmus.
538 1295 594 1340 D.
640 1292 893 1340 cardinalis
928 1292 1201 1340 Parmensis
1242 1291 1499 1340 celebravit
1535 1291 1731 1338 missam
1766 1289 2008 1353 publicam
2046 1288 2109 1347 in,

330 1377 515 1441 capella
534 1376 717 1439 majore
738 1375 900 1439 palatii
923 1375 1049 1439 apud
1075 1392 1114 1423 s.
1149 1378 1362 1435 Petrum,
1386 1378 1512 1438 Papa
1533 1375 1751 1432 absente,
1776 1372 2096 1441 cardinalibus

329 1460 649 1524 presentibus.
683 1461 968 1506 Sermonem
995 1458 1108 1507 fecit
1141 1458 1334 1521 quidam
1356 1459 1505 1506 frater
1532 1456 1711 1505 ordinis
1741 1455 2097 1504 carmelitarum

330 1543 409 1606 qui
442 1547 489 1591 et
522 1547 689 1606 quarta
718 1542 960 1590 dominica
989 1542 1218 1590 adventus
1253 1557 1528 1590 sermonem
1562 1541 1780 1589 fecerat„
1804 1539 1908 1588 Alia
1938 1538 2099 1588 omnia

332 1639 466 1672 more
490 1623 627 1671 solito
651 1629 760 1672 sunt
782 1625 1047 1673 observata.
2004 1610 2009 1613 .

399 1706 625 1764 Sabbato,
651 1709 709 1775 27
733 1707 1023 1767 decembris,
1055 1707 1229 1756 festum
1257 1723 1295 1754 s.
1326 1705 1560 1754 Johannis
1588 1704 1900 1768 evangeliste,
1931 1706 2095 1752 RmuS.

342 1792 398 1837 D.
425 1788 678 1837 cardinalis
708 1790 1042 1838 Ulixbonensis
1070 1790 1328 1838 celebravit
1357 1790 1555 1837 missam
1582 1785 1824 1851 publicam
1843 1787 1893 1834 in
1914 1785 2099 1850 capella

337 1871 569 1935 predicta,
605 1874 731 1935 Papa
761 1873 977 1933 absente,
1016 1878 1063 1922 et
1100 1873 1419 1921 cardinalibus
1458 1871 1776 1936 presentibus.
1815 1872 2099 1918 Sermonem

336 1955 448 2003 fecit
470 1955 661 2018 quidam
688 1956 1017 2019 Traguriensis
1040 1957 1292 2021 presbyter
1319 1956 1546 2005 secularis
1575 1954 1849 2019 capellanus
1874 1968 1959 2002 seu
1983 1953 2101 2002 alius

338 2037 630 2085 domesticus
653 2039 864 2103 episcopi
885 2040 1130 2088 Auriensis
1150 2039 1335 2088 datarii.

403 2119 540 2168 Feria
561 2124 746 2183 quarta,
780 2123 832 2168 31
868 2126 915 2169 et
944 2122 1111 2170 ultima
1138 2122 1318 2170 mensis
1346 2121 1635 2180 decembris,
1666 2124 1831 2169 Rmus.
1865 2123 1921 2169 D.
1947 2119 2104 2169 cardi-

337 2202 456 2250 nalis
478 2219 516 2250 s,
535 2203 793 2251 Clementis
815 2209 1009 2267 paratus
1032 2205 1225 2264 amictu,
1245 2205 1368 2264 alba,
1389 2205 1598 2268 cingulo,
1625 2204 1760 2265 stola,
1787 2219 1928 2252 cruce
1944 2208 2106 2268 pecto-

338 2285 442 2344 rali,
473 2286 662 2349 pluviali
697 2288 878 2350 absque
912 2288 1162 2351 pectorali,
1197 2288 1339 2336 mitra
1366 2291 1411 2336 et
1443 2288 1584 2335 anulo
1618 2287 1878 2350 pontificali
1919 2288 2106 2351 peregit

339 2368 552 2416 officium
586 2370 914 2432 vespertinum
949 2387 1084 2419 more
1116 2375 1365 2430 consuetO,
1400 2374 1526 2433 Papa
1556 2371 1773 2429 absente,
1810 2375 1858 2418 et
1887 2369 2106 2418 cardina-

338 2446 801 2514 libuspresentibus.

408 2536 458 2580 In
493 2534 567 2582 die
606 2537 841 2598 sequenti,
876 2536 1132 2585 celebravit
1168 2537 1295 2585 idem
1335 2536 1531 2584 missam
1567 2536 1807 2599 publicam
1846 2536 1895 2583 in
1937 2535 2106 2584 eadem

342 2616 542 2679 capella,
568 2619 697 2681 Papa
723 2619 941 2677 absente,
977 2619 1296 2667 cardinalibus
1328 2619 1649 2682 presentibus.
1685 2621 1969 2668 Sermonem
1995 2618 2108 2667 fecit

342 2703 398 2773 R.
424 2702 480 2747 D.
505 2700 700 2748 Carolus
720 2701 778 2749 de
801 2704 983 2750 Cesena
1005 2702 1309 2751 abbreviator
1334 2703 1390 2755 dc
1412 2703 1566 2766 prima
1586 2702 1766 2750 visione
1789 2700 2107 2750 cubicularius

343 2785 488 2846 Pape.
509 2782 615 2831 Alia
633 2784 793 2832 omnia
814 2789 925 2833 sunt
946 2801 1081 2833 more
1104 2790 1339 2834 consueto
1362 2785 1626 2834 observata.

408 2865 633 2926 Sabbato,
672 2870 697 2915 3
727 2868 951 2930 januarii,
986 2870 1069 2917 SS.
1105 2871 1161 2917 D.
1199 2872 1364 2918 noster
1394 2869 1593 2931 pristine
1632 2868 1879 2917 restitutus
1914 2866 2104 2915 sanitati

343 2949 492 2997 barba
513 2954 680 2998 tonsus
704 2955 792 2999 est.

410 3032 550 3080 Feria
576 3034 804 3091 secunda,
831 3037 857 3082 5
883 3035 1062 3082 mensis
1094 3036 1319 3105 Januarii,
1354 3035 1511 3098 vigilia
1538 3035 1812 3099 epiphanie,
1845 3039 2011 3084 Rmus.
2047 3037 2104 3083 D.

346 3115 598 3164 cardinalis
642 3117 999 3180 Andegavensis
1045 3123 1238 3181 paratus
1280 3119 1475 3178 amictu,
1533 3118 1659 3178 alba,
1704 3119 1915 3183 cingulo,
1966 3133 2108 3167 cruce

346 3199 593 3260 pectorali,
625 3199 763 3259 stola,
794 3201 982 3263 pluviali
1011 3202 1239 3264 pectorali
1268 3217 1327 3250 ex
1352 3201 1515 3265 perlis,
1548 3201 1689 3249 mitra
1713 3205 1760 3250 et
1788 3202 1930 3250 anulo
1950 3201 2109 3265 ponti-

346 3281 490 3340 ficali,
531 3281 580 3329 in
618 3283 799 3346 capella
833 3285 1016 3348 maJ'ore
1052 3285 1251 3348 prefata,
1295 3284 1477 3348 peregit
1517 3284 1728 3332 officium
1767 3285 2105 3348 vespertinum,

348 3365 475 3429 Papa
494 3365 710 3425 absente,
735 3366 1054 3418 cardinalibus
1070 3367 1392 3435 presentibuS,
1414 3382 1546 3415 more
1570 3367 1726 3415 solito.
