2262 3958
176 333 397 376 [Μαι-51486]
637 333 806 371 RERUM
844 333 1150 370 URBANARUM
1187 333 1539 371 COMMENTARII.
1896 335 1965 370 177

174 452 288 485 nem
308 434 577 500 angelicam
596 450 694 484 non
716 437 938 502 deposuit
955 453 1108 502 usque
1128 437 1188 486 ad
1205 438 1353 487 finem
1367 438 1605 488 sermonis
1627 441 1675 487 et
1691 436 1836 496 male,
1855 451 1966 485 cum

174 517 496 586 indulgentias
518 522 885 586 pronunciaret;
916 522 965 570 in
987 538 1083 586 qua
1108 522 1510 587 pronunciatione
1533 516 1708 573 erravit
1728 521 1838 585 quia
1858 535 1968 585 pro-

175 603 416 654 nunciavit
447 604 771 670 indulgentias
799 610 986 671 septem
1014 622 1254 656 annorum
1286 623 1398 655 cum
1425 609 1553 672 Papa
1579 606 1792 671 quinque
1820 620 1967 653 anno-

176 690 285 738 rum
306 693 494 738 tantum
516 690 856 739 concessisset.

243 773 498 823 Dominica
520 773 810 839 palmarum,
839 776 898 822 19
918 773 1031 822 dicti
1056 775 1238 824 mensis
1263 774 1440 834 martii,
1474 777 1558 823 SS.
1592 776 1649 823 D.
1681 775 1737 823 N.
1769 776 1964 839 paratus

175 874 312 908 more
343 857 485 906 solito
521 856 648 905 venit
668 855 730 904 ad
750 856 986 920 capellam
1012 858 1266 922 majorem,
1291 858 1390 917 ubi,
1417 874 1476 906 ex
1506 874 1661 917 more,
1692 874 1779 923 per
1811 857 1967 907 cardi-

177 942 312 992 nales
334 941 383 990 in
400 956 569 991 eorum
581 939 746 1005 cappis
768 941 1038 991 reverentia
1052 942 1194 1004 sacta,
1215 947 1261 992 et
1275 942 1570 1009 paramentis
1591 958 1680 1007 per
1694 957 1777 991 eos
1794 941 1969 990 deinde

177 1025 404 1092 receptis,
424 1029 556 1074 stans
574 1023 622 1072 in
643 1024 758 1073 sede
780 1041 883 1085 sua,
908 1026 1154 1075 benedixit
1173 1027 1360 1092 palmas
1382 1027 1429 1075 in
1452 1026 1627 1090 angulo
1649 1025 1711 1074 ad
1728 1024 1972 1074 sinistram

177 1125 315 1160 suam
335 1108 517 1175 positas
547 1113 595 1159 et
627 1109 736 1159 loco
762 1109 1090 1160 assistentium
1120 1111 1420 1177 prelatorum
1449 1110 1660 1177 paratas,
1698 1109 1969 1174 incipiens:

177 1194 415 1244 Dominus
434 1194 687 1244 vobiscum.
714 1195 914 1244 Oremus
933 1214 949 1244 .·
972 1195 1119 1262 Azcye
1135 1196 1281 1260 fidem
1303 1196 1352 1244 in
1378 1196 1441 1244 Te
1460 1195 1769 1261 sperantium,
1794 1201 1902 1253 etc„
1928 1197 1976 1243 et

173 1277 361 1336 omissa
378 1279 670 1345 prefatione,
696 1280 813 1330 dixit
845 1298 855 1330 :
885 1280 1083 1330 Oramus
1105 1281 1361 1346 :petimus,
1380 1280 1605 1342 Domine,
1633 1296 1746 1329 cum
1761 1279 1974 1344 quinque

178 1363 513 1428 sequen‘tibuS,
539 1364 713 1414 deinde
732 1364 963 1430 imposuit
983 1366 1257 1427 incensum,
1278 1365 1483 1431 aspersit
1496 1370 1542 1414 et
1558 1363 1840 1423 incensavit,
1860 1363 1976 1412 licet

178 1447 477 1498 ordinarium
501 1448 629 1498 dicat
651 1449 783 1514 quod
802 1455 914 1500 ante
932 1450 1203 1500 orationem
1229 1468 1237 1499 :
1257 1449 1390 1498 Deus
1411 1449 1494 1515 qai
1508 1448 1667 1513 filium
1687 1455 1839 1507 tuum,
1862 1454 1970 1506 eta,

177 1530 387 1581 debeant
402 1532 593 1597 aspergi
610 1535 658 1582 et
672 1532 933 1583 incensari.
952 1534 1005 1582 ld
1019 1534 1110 1583 feci
1125 1550 1187 1584 ne
1205 1539 1276 1584 tot
1288 1533 1581 1583 mutationes
1597 1533 1787 1591 fierent,
1803 1546 1975 1580 conve-

177 1614 391 1664 nientius
429 1620 592 1665 tamen
627 1616 717 1666 fuit
757 1617 1029 1667 ordinatum
1073 1622 1121 1668 et
1147 1618 1487 1684 {observatum
1533 1615 1974 1667 vicecancellarius

178 1697 311 1749 dedit
349 1699 537 1765 palmas
574 1701 818 1766 pontifici;
862 1702 1036 1752 deinde
1070 1703 1303 1768 pontifex,
1332 1706 1533 1767 accepto
1569 1699 1807 1766 gremiali,
1844 1698 1976 1748 dedit

179 1781 271 1832 sibi
299 1787 347 1834 et
374 1783 480 1832 aliis
505 1800 642 1834 more
671 1789 922 1835 consueto.
949 1786 1071 1836 Dedi
1103 1793 1214 1837 ante
1258 1786 1650 1836 benedictionem
1683 1784 1973 1850 palmarum.

178 1867 345 1919 locum
366 1868 438 1919 111.
464 1870 523 1919 D.
548 1885 726 1935 magno
749 1870 858 1920 duci
880 1871 1215 1936 Monopolensi
1239 1871 1317 1935 qui
1339 1887 1497 1936 nuper
1520 1870 1731 1935 quodam
1751 1868 1828 1918 die
1850 1867 1978 1917 inter

181 1951 451 2004 dominicas
468 1953 642 2004 Letare
663 1956 711 2002 et
738 1953 794 2002 de
822 1954 1056 2003 Passione
1079 1954 1140 2003 ad
1167 1955 1347 2004 Urbem
1372 1953 1639 2003 devotionis
1662 1968 1808 2002 causa
1835 1966 1977 2000 vene-
2049 2006 2051 2009 ,

177 2041 268 2100 rat,
290 2038 338 2088 in
362 2038 603 2104 superiori
631 2039 782 2104 gradu
815 2039 920 2088 solii
947 2055 976 2088 a
1002 2038 1181 2089 dextris
1206 2042 1352 2104 Pape,
1385 2043 1433 2088 et
1461 2041 1518 2087 D.
1552 2037 1829 2087 Mauritium
1856 2035 1972 2084 Cibo

179 2121 380 2172 fratrem
402 2125 530 2187 Pape
544 2120 605 2171 ad
623 2119 866 2171 sinistram
889 2125 1016 2188 Pape
1030 2123 1076 2171 in
1091 2123 1264 2172 eodem
1280 2122 1621 2187 gradulocavi;
1647 2121 1821 2186 quibus
1840 2122 1973 2183 Papa

178 2204 311 2254 dedit
329 2202 449 2254 duas
471 2220 584 2253 suas
612 2205 797 2271 palmas
819 2221 1020 2271 magnas
1038 2207 1272 2256 tenendas
1297 2210 1344 2256 et
1369 2206 1417 2254 in
1438 2205 1755 2271 processione
1778 2206 1974 2269 portan-

178 2285 283 2337 das.
309 2290 423 2337 Post
450 2289 719 2357 cardinales
742 2291 928 2355 accepit
955 2290 1167 2355 palmam
1193 2291 1456 2356 imperator
1482 2287 1973 2352 constantinopolita-

179 2388 289 2434 nuS,
308 2377 355 2423 et
376 2375 486 2438 post
507 2389 619 2423 eum
640 2374 736 2423 dux
749 2373 994 2439 predictus
1010 2391 1122 2424 cum
1138 2375 1265 2425 dicto
1285 2378 1342 2424 D.
1368 2373 1590 2424 Mauritio
1604 2390 1632 2422 a
1644 2372 1849 2422 sinistris
1866 2371 1965 2420 suis

182 2455 464 2507 accedente.
491 2458 687 2507 Missam
707 2458 966 2509 celebravit
987 2462 1155 2509 Rmus.
1179 2462 1236 2509 D.
1259 2459 1512 2509 cardinalis
1530 2476 1573 2508 s·
1595 2457 1876 2516 ClementiS‚
1897 2460 1972 2508 cui

179 2540 264 2590 SS.
292 2542 350 2589 D.
374 2543 431 2590 N.
464 2541 598 2591 dedit
636 2543 850 2608 palmam
885 2560 1031 2594 unam
1060 2550 1272 2606 tantum;
1308 2544 1541 2594 diaconus
1564 2549 1611 2594 et
1643 2541 1976 2592 subdiaconus

178 2624 382 2690 capelle,
419 2642 478 2676 ex
504 2625 698 2677 levitate
727 2615 912 2678 abbatis
947 2629 1145 2679 sacriste
1176 2630 1345 2690 nostri,
1375 2629 1449 2678 usi
1489 2634 1601 2678 sunt
1633 2626 1893 2677 dalmatica
1923 2630 1972 2674 et

180 2708 407 2759 tunicella
422 2711 693 2775 paramenti
706 2728 829 2777 pape
844 2713 1097 2775 Bonifacii,
1112 2714 1255 2780 nigri,
1275 2713 1476 2763 floribus
1491 2713 1719 2762 viridibus
1735 2709 1969 2767 contexti,

180 2796 228 2842 et
248 2797 474 2844 cantores
497 2794 739 2860 passionis
763 2796 883 2846 albis
904 2802 953 2847 et
974 2797 1109 2846 stolis
1132 2796 1310 2858 rubeiS,
1335 2796 1484 2862 nigris
1506 2800 1554 2847 et
1570 2794 1814 2853 violaceiS‚
1839 2791 1971 2857 quod

179 2891 279 2926 non
302 2878 435 2942 potui
457 2878 506 2927 in
528 2883 749 2945 tempore
778 2895 1025 2946 reparare.
1052 2881 1159 2931 Alia
1181 2882 1345 2931 omnia
1366 2897 1503 2932 more
1531 2880 1674 2930 solito
1703 2883 1810 2928 acta
1839 2881 1968 2925 sunt.

246 2962 387 3011 Feria
409 2967 579 3027 quarta
595 2963 792 3029 majoris
812 2964 1118 3015 hebdomade
1141 2982 1235 3030 que
1258 2966 1347 3015 fuit
1366 2969 1425 3015 22
1448 2965 1629 3014 mensis
1651 2962 1826 3021 martii,
1850 2961 1973 3008 hora

181 3043 472 3097 duodecima
510 3047 585 3097 vel
621 3048 768 3109 circa,
812 3049 1009 3099 suerunt
1048 3053 1239 3098 cantate
1285 3050 1518 3099 matutine
1572 3048 1884 3098 tenebrarum
1924 3043 1972 3091 in

182 3128 369 3194 capella
391 3132 577 3197 majore
590 3132 638 3181 in
653 3132 830 3198 palatio
849 3134 1133 3199 apostolico,
1156 3136 1327 3194 Rome,
1352 3134 1478 3198 apud
1499 3151 1536 3181 s.
1562 3136 1775 3190 Petrum,
1801 3129 1974 3193 quibus

183 3212 404 3263 interfuit
427 3217 512 3265 SS.
538 3219 596 3265 D.
622 3219 676 3266 N.
696 3218 778 3282 qui
797 3219 924 3267 venit
944 3219 1002 3267 de
1026 3234 1221 3268 camera
1248 3234 1333 3266 sua
1358 3218 1406 3266 in
1438 3234 1532 3282 qua
1565 3216 1759 3264 indutus
1779 3212 1868 3262 suit
1891 3228 1977 3277 per

183 3295 415 3347 diaconos
437 3300 705 3350 cardinales
724 3303 921 3363 amictu,
947 3301 1071 3363 alba,
1092 3302 1303 3367 cingu10‚
1330 3301 1453 3350 stola
1468 3300 1682 3350 violacea
1702 3303 1750 3347 et
1770 3297 1979 3362 desuper

183 3396 338 3446 cappa
361 3398 562 3433 rosacea
583 3385 671 3435 sub
687 3403 781 3451 qua
803 3388 996 3436 retinuit
1022 3388 1231 3437 biretum
1258 3385 1480 3444 rubeum,
1513 3383 1623 3448 quia
1651 3398 1749 3431 non
1773 3379 1977 3446 portavit

185 3464 397 3526 mitram,
425 3467 513 3517 sed
532 3485 642 3518 cum
663 3486 833 3536 cappa,
859 3474 909 3520 ut
927 3470 1183 3522 cardinalis
1203 3471 1304 3520 sine
1324 3470 1484 3531 mitra,
1507 3469 1636 3520 venit
1659 3468 1720 3518 ad
1740 3466 1975 3533 capellam

373 3574 406 3599 T·
436 3575 445 3598 Ι
1738 3566 1782 3601 12
