2262 3958
226 302 306 342 {Mai
322 307 412 349 1488]
664 305 832 342 RERUM
864 303 1169 341 URBANARUM
1202 302 1554 340 COMMENTARII.
1933 305 2003 339 307

221 409 334 458 tavit
353 411 463 456 ante
486 407 681 467 ostium,
706 408 956 458 descendit
982 409 1041 456 de
1068 423 1210 471 equo,
1237 411 1284 455 et
1304 405 1494 454 intravit
1517 406 1578 453 ad
1599 405 1797 453 domum
1819 406 2001 468 absque

222 507 281 541 eo
305 491 433 556 quod
456 491 771 539 cardinalium
793 492 1004 555 aliquem
1033 490 1310 555 inspiceret.
1341 490 1618 539 Cardinales
1639 489 1815 539 deinde
1844 505 2004 538 reces-

223 579 390 625 serunt
429 579 477 624 et
519 576 689 623 domos
732 575 996 625 redierunt.
1053 575 1199 625 Venit
1242 578 1406 622 autem
1446 574 1537 622 hec
1586 574 1755 638 regina
1799 577 2003 623 Romam

200 658 624 723 'peregrinationis
661 675 829 718 causa,
882 657 1056 707 deinde
1103 658 1414 722 sepulchrum
1448 657 1707 706 Salvatoris
1759 657 1911 706 nostri
1956 657 2003 705 in

222 741 525 790 Hierusalem
548 741 812 789 visitatura.
1990 803 1992 805 ‚

286 829 405 876 Cum
425 830 588 875 autem
609 825 796 890 pridem
817 823 1157 882 intellexerim,
1189 823 1237 870 in
1261 823 1550 872 consistorio
1579 814 2001 891 conclusum‘esse

221 910 350 974 quod
381 909 550 974 regina
573 910 666 958 hec
696 907 846 972 recipi
873 907 1074 955 deberet
1102 922 1160 955 eo
1178 907 1365 955 honore
1399 923 1495 970 quo
1517 907 1633 955 alias
1659 907 1750 955 fuit
1776 902 2001 971 recepta;

146 1024 147 1027 =
219 993 450 1059 proposui
469 992 563 1041 hec
586 995 670 1042 SS.
696 996 752 1040 D.
785 994 863 1052 N.,
896 1006 1008 1040 cum
1031 990 1156 1054 apud
1181 1007 1222 1038 s,
1252 993 1467 1039 Marcum
1500 994 1644 1050 esset,
1677 1007 1768 1054 que
1793 990 1905 1039 huic
1938 991 2006 1039 rei

219 1074 477 1124 convenire
502 1074 805 1134 videbantur,
843 1074 948 1122 sub·
976 1074 1053 1122 his
1090 1074 1248 1123 verbis
1275 1091 1284 1123 :
1314 1095 1336 1118 «
1374 1074 1662 1122 Beatissime
1694 1078 1857 1138 pater,
1890 1074 2006 1122 alias

220 1159 459 1208 Sanctitas
478 1162 638 1208 vestra
658 1158 900 1207 mandavit
921 1158 1117 1207 domino
1141 1158 1370 1222 episcopo
1387 1158 1608 1207 Pientino
1632 1162 1683 1206 ut
1704 1158 2006 1207 ceremonias

217 1242 267 1291 in
286 1243 470 1291 bonum
491 1242 714 1291 ordinem
736 1243 1008 1303 reduceret,
1038 1242 1088 1290 in
1110 1243 1248 1307 cujus
1267 1242 1554 1290 reductione
1577 1242 1819 1306 reperitur
1840 1258 2006 1306 regem

219 1331 266 1376 et
287 1326 505 1391 reginam
522 1326 626 1391 pari
655 1326 844 1375 honore
875 1325 1024 1390 recipi
1055 1326 1252 1374 debere.
1294 1328 1384 1374 Pro
1419 1326 1628 1374 adventu
1662 1326 1828 1391 regine
1859 1325 2006 1374 Dacie

209 1399 432 1460 ⁴intellexi
480 1410 756 1459 ordinatum
806 1410 935 1473 quod
983 1410 1244 1474 recipiatur
1298 1425 1355 1458 eo
1407 1410 1575 1459 ordine
1623 1426 1718 1473 quo
1759 1410 1876 1458 alias
1921 1409 2008 1457 fuit

218 1499 438 1559 recepta3
468 1494 556 1542 fuit
583 1498 746 1543 autem
778 1497 894 1542 tunc
927 1510 954 1542 a
980 1494 1174 1542 RRmis.
1205 1497 1307 1542 DD.
1342 1493 1666 1542 cardinalibus
1696 1493 2010 1558 collegialiter

220 1582 356 1628 extra
373 1582 563 1643 portam
586 1578 726 1626 Urbis
749 1580 1015 1642 expectata,
1053 1581 1101 1626 et
1132 1577 1307 1626 deinde
1341 1578 1400 1625 ad
1433 1577 1560 1626 bone
1590 1577 1824 1626 memorie
1851 1577 2008 1626 cardi-

219 1655 606 1711 nalis'Mantuani
628 1661 826 1710 domum
858 1661 987 1725 apud
1015 1677 1161 1725 quem
1188 1661 1433 1725 hospitata
1460 1666 1552 1721 est,
1582 1660 1847 1720 associata3
1879 1661 2008 1724 quod

219 1744 383 1805 statui,
413 1745 588 1794 honori
617 1749 664 1793 et
689 1745 909 1808 dignitati
930 1745 1121 1809 collegii
1143 1745 1459 1793 cardinalium
1479 1760 1727 1808 nunquam
1751 1745 2008 1793 convenire

219 1827 424 1890 videtur,
454 1829 542 1878 sed
573 1829 731 1894 potius
759 1829 904 1893 quod,
942 1832 1199 1893 postquam
1230 1845 1258 1876 a
1289 1828 1494 1893 collegio
1528 1833 1725 1892 recepta
1756 1829 1846 1876 fuit
1876 1834 2011 1877 extra

201 1916 424 1976 portam,
448 1911 717 1962 associetur
733 1912 793 1961 ab
815 1912 920 1976 ipso
942 1912 1002 1960 ad
1016 1912 1247 1976 palatium
1262 1911 1580 1976 apostolicum
1602 1911 1664 1960 ad
1684 1915 1826 1976 caput
1848 1929 2003 1972 suum,

219 1997 347 2062 quod
368 2001 442 2046 est
475 1997 713 2046 Sanctitas
749 2000 929 2057 vestra,
965 2001 1013 2044 et
1034 1996 1195 2045 locum
1232 1995 1305 2044 sui
1339 1995 1553 2060 collegii3
1589 1999 1636 2043 et
1658 1995 1769 2059 quia
1789 1996 2007 2060 peregri-

218 2079 428 2129 nationis
454 2095 603 2128 causa
634 2079 775 2139 venit,
805 2080 961 2144 ipsam
985 2080 1118 2144 prius
1147 2079 1208 2127 ad
1235 2079 1490 2128 ecclesiam
1521 2079 1718 2137 ducere,
1752 2077 1925 2126 deinde
1948 2077 2008 2125 ad

220 2163 535 2213 Sanctitatem
570 2167 797 2223 vestram,
834 2167 976 2228 prout
1007 2163 1056 2211 in
1094 2179 1222 2212 novo
1257 2161 1571 2212 ceremoniali
1596 2165 1668 2210 est
1707 2161 1999 2220 ordinatum,

217 2247 405 2297 videtur
424 2247 494 2296 rei
513 2247 695 2312 optime
722 2247 1005 2305 convenire3
1038 2263 1093 2295 ac
1120 2247 1246 2295 volui
1279 2247 1527 2296 Sanctitati
1554 2250 1729 2306 vestre,
1759 2249 2007 2309 tamquam

217 2330 605 2381 ceremoniarum
644 2331 883 2391 minister,
926 2331 1257 2396 proposuisse,
1300 2335 1349 2379 ut
1397 2331 1477 2379 illa
1527 2345 1619 2394 que
1661 2329 1768 2378 fieri
1804 2330 2008 2379 voluerit

217 2414 431 2464 mandet.
459 2434 482 2459 »

271 2491 371 2552 ‘SS.
401 2503 460 2550 D.
485 2503 525 2550 N
533 2539 565 2562 .,
597 2501 763 2550 habito
795 2517 905 2551 cum
944 2500 1184 2565 aliquibus
1219 2516 1277 2550 ex
1308 2498 1502 2547 RRmis.
1544 2502 1643 2548 DD.
1685 2499 2007 2548 cardinalibus

214 2583 435 2644 consilio,
461 2583 579 2631 mihi
608 2584 856 2649 respondit
883 2584 1039 2649 ipsam
1067 2583 1285 2648 reginam
1312 2587 1447 2632 extra
1475 2589 1666 2648 portam
1690 2584 1830 2633 Urbis
1852 2600 1880 2632 a
1901 2600 2007 2632 car—

214 2666 453 2715 dinalibus
479 2667 629 2732 recipi
651 2672 699 2716 et
727 2668 789 2717 ad
809 2668 1007 2717 domum
1031 2671 1216 2717 tantum
1239 2667 1467 2716 associari
1490 2668 1694 2728 debere·;
1734 2667 1865 2732 quod
1891 2667 2010 2715 dixit

216 2750 278 2799 ad
297 2750 665 2814 persuasionem
686 2753 944 2801 cardinalis
969 2769 1008 2801 s.
1044 2752 1193 2801 Marci
1219 2751 1299 2816 qui
1323 2752 1539 2800 'asseruit
1577 2752 1706 2800 lllus.
1735 2755 2009 2801 Leonoram

219 2835 516 2886 serenissimi
543 2835 851 2901 imperatoris
881 2836 1035 2885 nostri
1067 2835 1311 2885 Frederici
1340 2835 1468 2884 tertii
1500 2837 1781 2901 conjugem,
1807 2852 1917 2884 cum
1951 2834 2011 2883 ad

219 2919 399 2968 Urbem
425 2918 654 2980 venisset,
690 2935 748 2969 eo
781 2919 949 2969 ordine
977 2919 1127 2967 fuisse
1162 2922 1434 2983 receptam;
1469 2919 1555 2967 sed
1575 2919 1701 2968 male
1729 2919 1861 2978 dixit,
1899 2918 2008 2981 quia

218 3003 391 3053 eadem
412 3002 693 3068 imperatrix
707 3019 817 3053 cum
840 3003 1132 3068 imperatore
1156 3002 1283 3051 venit
1305 3006 1483 3051 etcum
1508 3019 1567 3051 eo
1594 3006 1791 3067 recepta
1816 3002 1902 3049 fuit
1924 3001 2004 3048 illo

218 3088 425 3148 honore,
448 3092 589 3152 prout
609 3087 658 3136 in
679 3088 990 3142 ceremoniali,
1010 3087 1278 3136 ordinatur.

285 3172 424 3221 Feria
457 3172 641 3236 quinta,
687 3177 705 3220 1
741 3173 872 3233 maii,
909 3173 1085 3221 festum
1120 3169 1453 3236 apostolorum
1488 3171 1695 3234 Philippi
1731 3174 1778 3218 et
1818 3169 2004 3227 Jacobi,

223 3255 389 3305 RRmi.
434 3257 534 3303 DD.
582 3255 849 3305 cardinales
887 3255 1330 3312 vicecancellarius,
1364 3271 1402 3301 s.
1435 3254 1603 3312 Marci,
1628 3251 2007 3317 Andegavensis,

221 3339 612 3399 MediolanensiS,
644 3356 683 3388 s.
714 3340 902 3405 Angeli,
935 3339 1292 3399 Ulixhonensis,
1325 3337 1722 3398 Rechanatcnsis,
1754 3338 1813 3386 de
1845 3337 2005 3386 Comi-

222 3421 366 3480 tibus,
424 3421 715 3482 Parmensis,
763 3420 1009 3483 Senensis,
1055 3424 1113 3473 de
1156 3426 1306 3483 Fuxo,
1351 3422 1662 3482 camerarius,
1709 3420 1910 3470 Sabellis
1959 3425 2006 3469 et
