2262 3958
158 299 363 344 [Decembre
385 297 475 340 1485]
595 294 765 332 RERUM
800 292 1106 331 URBANARUM
1139 292 1496 331 COMMENTARH.
1875 298 1944 334 169

221 401 358 453 Feria
387 404 541 459 sexta,
564 403 592 448 9
615 398 796 447 mensis
817 396 1090 446 decembris
1124 396 1210 443 fuit
1242 395 1490 460 publicum
1521 395 1861 445 consistorium
1889 398 1935 447 in

155 487 310 553 prima
346 483 454 534 aula
484 483 647 548 palatii
686 480 938 546 apostolici
978 479 1107 544 apud
1137 496 1178 526 ε.-
1211 482 1425 539 Petrum,
1463 478 1512 526 in
1544 494 1640 543 quo
1675 481 1731 527 D.
1772 483 1941 529 Petrus

155 585 308 635 nepos
334 566 644 617 illustrissimi
666 563 956 628 Portugallie
986 563 1132 626 regiS‚
1164 562 1397 627 magister
1425 562 1606 611 ordinis
1634 580 1673 612 s.
1696 564 1862 613 Jacobi
1884 565 1944 614 de

156 656 320 720 Spata,
339 656 385 702 et
405 651 601 716 quidam
633 650 756 699 alius
787 648 976 711 collega
1003 663 1116 695 suus
1145 650 1362 695 oratores
1385 647 1604 711 ejusdem
1623 647 1749 711 regis
1773 649 1857 696 SS.
1885 651 1942 697 D.

155 740 212 789 N.
236 736 548 803 prestiterunt
580 732 906 783 obedientiam
948 730 1162 778 debitam
1196 734 1243 779 et
1277 735 1581 790 consuetam,
1620 737 1666 780 et
1698 732 1746 779 in
1774 732 1946 781 eodem

155 821 348 888 publico
380 817 667 870 consistorio
700 815 905 880 petitum
941 819 989 862 et
1018 813 1273 862 obtentum
1313 813 1402 862 fuit
1440 815 1638 878 pallium
1671 832 1757 879 pro
1792 817 1949 866 electo

158 902 390 971 lspalensi
426 919 437 952 :
474 901 523 950 in
556 899 684 948 dicto
729 897 1018 945 consistorio
1053 912 1153 944 non
1186 895 1401 945 interfuit
1435 896 1607 961 aliquis
1640 898 1949 948 dominorum

156 986 599 1053 protonotariorum
633 987 780 1049 pape,
824 998 1031 1047 quorum
1063 986 1262 1047 propter
1288 980 1557 1030 absentiam
1590 981 1701 1030 dedi
1736 980 1950 1031 fimbrias

155 1070 450 1136 auriphrygii
486 1072 611 1134 Pape
645 1071 701 1117 D.
741 1068 942 1128 Sinolfo‚
975 1082 1167 1116 camere
1196 1064 1462 1130 apostolice
1494 1065 1672 1115 clerico
1698 1082 1708 1114 ;
1735 1082 1816 1114 eas
1851 1071 1949 1115 tam

155 1157 217 1205 ad
248 1155 587 1205 consistorium
624 1154 860 1204 veniendo
894 1167 1038 1218 quam
1071 1150 1182 1200 inde
1211 1151 1271 1199 ad
1303 1165 1549 1200 cameram
1579 1148 1827 1198 redeundo
1842 1164 1952 1215 por-

157 1239 287 1291 tavit.

222 1324 474 1374 Dominica
500 1323 646 1372 tertia
680 1323 932 1382 adventuS,
968 1321 1179 1370 Gaudete
1212 1325 1507 1385 nuncupata,
1536 1323 1586 1368 11
1621 1319 1735 1370 dicti
1759 1319 1944 1369 mensis

156 1407 461 1468 decembriS„
491 1410 658 1456 Rmus.
700 1409 755 1455 D.
794 1405 1049 1455 cardinalis
1084 1422 1123 1454 s,
1157 1404 1417 1455 Clementis
1454 1404 1713 1453 celebravit
1744 1405 1945 1453 missam

155 1491 400 1558 publicam
423 1491 472 1540 in
505 1491 691 1556 capella
725 1490 1021 1556 supradicta,
1053 1493 1180 1555 Papa
1208 1492 1453 1554 presente,
1478 1488 1538 1537 de
1561 1489 1700 1553 cujus
1722 1489 1950 1538 mandato

156 1575 268 1629 dedi
286 1575 450 1626 locum
472 1575 749 1640 supradicto
771 1577 828 1623 D.
854 1577 1015 1635 PetrO,
1042 1573 1222 1623 oratori
1241 1577 1288 1623 et
1309 1572 1474 1636 nepoti
1490 1571 1618 1636 regis
1635 1573 1948 1637 Portugallie‚

158 1674 256 1710 non
276 1660 500 1709 obstante
534 1659 666 1723 quod
697 1658 951 1723 religiosus
986 1663 1132 1718 esset,
1169 1658 1218 1707 in
1253 1657 1487 1722 superiori
1518 1657 1671 1722 gradu
1695 1657 1800 1706 solii
1825 1660 1951 1722 Pape

158 1759 306 1809 supra
331 1743 535 1792 fratrem·
561 1746 708 1808 pape,
745 1747 794 1791 et
826 1743 926 1791 filio
959 1758 1014 1791 ac
1046 1743 1214 1807 generi
1244 1742 1449 1791 oratoris
1484 1741 1703 1806 ejusdem
1731 1757 1790 1790 ex
1809 1741 1951 1789 simili

156 1826 386 1877 mandato
412 1826 523 1875 dedi
546 1826 710 1875 locum
732 1827 781 1874 in
810 1827 1027 1875 inferiori
1049 1827 1201 1891 gradu
1224 1826 1330 1875 solii
1353 1826 1592 1890 ejusdem.
1625 1826 1822 1874 Interim
1845 1841 1951 1874 car-

157 1911 331 1968 dinalis
362 1911 616 1961 celebrans
643 1915 756 1960 ante
777 1910 996 1975 primam
1025 1911 1294 1960 orationem
1316 1910 1434 1959 dixit
1459 1929 1468 1958 2
1498 1910 1613 1958 Pax
1633 1910 1776 1968 vobiS‚
1800 1909 1909 1958 loco
1936 1929 1944 1958 :

155 1994 387 2056 Dominus
419 1995 677 2055 vobiscum,
715 2010 776 2043 ex
802 1994 1020 2044 fatuitate
1055 1995 1289 2044 Johannis
1323 1995 1492 2054 Marie,
1529 1993 1645 2041 socii
1663 1993 1758 2042 mei
1786 2012 1794 2042 :
1822 1993 1951 2042 idem

159 2078 308 2134 etiam
345 2077 580 2143 superiori
612 2094 740 2127 anno
773 2094 860 2143 per
890 2093 1106 2126 errorem
1140 2076 1330 2125 accidit.
1367 2075 1473 2124 Alia
1499 2077 1664 2126 omnia
1696 2076 1949 2125 observata

162 2162 359 2213 fuerunt
380 2176 518 2211 more
551 2162 710 2211 solito.
747 2163 1034 2210 Sermonem
1071 2161 1185 2210 fecit
1217 2164 1504 2226 procurator
1535 2160 1716 2209 ordinis
1744 2147 1949 2208 fratrum

158 2244 511 2295 heremitarum
532 2261 575 2294 s,
593 2245 870 2309 Augustini.
920 2268 923 2269 ⁷

226 2328 367 2379 Feria
385 2329 570 2393 quinta,
599 2333 655 2378 15
685 2329 797 2378 dicti
820 2329 1004 2378 mensis
1026 2330 1317 2391 decembriS,
1344 2334 1496 2380 Rome
1517 2331 1566 2379 in
1585 2330 1794 2380 ecclesia
1812 2331 1952 2380 beate

158 2413 308 2468 Marie
328 2412 388 2462 de
411 2413 612 2478 Populo,
650 2414 816 2463 habite
849 2419 960 2463 sunt
991 2413 1193 2478 exequie
1223 2414 1351 2464 bone
1372 2416 1608 2464 memorie
1629 2418 1685 2464 D.
1714 2415 1952 2464 Leonardi

158 2495 512 2562 archiepiscopi
532 2498 879 2559 Beneventani,
906 2500 991 2548 SS.
1023 2502 1080 2548 D.
1106 2500 1162 2547 N.
1188 2515 1313 2564 pape
1337 2500 1601 2549 secretarii.
1623 2500 1821 2548 Missam
1850 2515 1955 2548 ma-

121 2576 127 2587 ’
154 2582 314 2646 jorem
335 2581 594 2632 celebravit
614 2585 670 2630 R.
698 2584 750 2631 P.
779 2585 835 2631 D.
861 2583 1073 2632 Thomas
1095 2582 1354 2648 episcopus
1375 2583 1628 2632 Exinensis
1652 2583 1735 2644 (1).
1763 2585 1958 2632 Sermo-

161 2681 275 2723 nem
307 2665 421 2717 fecit
453 2666 749 2731 Pomponius
791 2667 842 2715 in
874 2670 1002 2716 veste
1032 2683 1119 2715 sua
1151 2667 1447 2730 quotidiana,
1485 2668 1598 2732 quia
1633 2683 1786 2732 cappa
1818 2682 1954 2716 more

163 2748 348 2814 capelle
366 2753 531 2798 nostre
563 2750 631 2798 uti
664 2750 817 2798 noluit
844 2770 852 2798 :
879 2766 974 2815 quo
1003 2751 1156 2811 finito,
1183 2767 1278 2800 una
1299 2767 1410 2801 cum
1433 2751 1709 2801 celebrante
1737 2751 1974 2800 absolve-¹

165 2836 278 2882 runt
309 2834 406 2881 RR.
446 2834 537 2880 PP.
576 2833 822 2898 Philippus
855 2834 1248 2900 archiepiscopus
1280 2836 1630 2897 AntibarensiS,
1670 2835 1946 2885 Leonardus

163 2914 568 2979 AlbenganensiS,
597 2918 809 2964 Joannes
828 2917 1188 2982 Strungulensis
1210 2923 1258 2967 et
1280 2920 1510 2968 Silvester
1530 2919 1799 2984 Clugiensis
1822 2919 1949 2982 epis-

168 2999 296 3064 copi.
316 2999 645 3049 lnterfuerunt
665 3000 946 3064 hujusmodi
969 3000 1133 3050 officio
1161 3002 1328 3050 RRmi.
1356 3006 1454 3052 DD.
1482 3020 1520 3051 s,
1540 3003 1707 3061 Marci,
1732 3001 1953 3064 Andega-

171 3084 332 3134 vensis
360 3083 426 3132 'et
472 3083 813 3134 Ulixbonensis
869 3084 1140 3135 cardinales
1180 3090 1228 3134 et
1275 3086 1455 3136 familie
1496 3089 1580 3136 SS.
1622 3090 1679 3135 D.
1723 3088 1780 3136 N.
1827 3088 1954 3151 Pape

164 3185 221 3218 ac
242 3167 447 3217 aliorum
469 3168 802 3228 cardinalium,
819 3173 867 3217 et
889 3169 1092 3218 curiales
1115 3169 1162 3216 in
1182 3185 1385 3220 numero
1404 3171 1602 3235 copioso
1622 3187 1631 3229 ;
1652 3170 1950 3217 funestorum

166 3252 362 3317 triginta
390 3252 465 3301 vel
505 3251 636 3301 circa
675 3268 882 3318 quorum
922 3253 1109 3318 primus
1138 3258 1239 3301 erat
1271 3256 1481 3302 Joannes
1518 3254 1732 3318 Baptista
1769 3253 1944 3315 Grisus,

215 3379 248 3416 1.
277 3377 469 3414 «Thomas
490 3376 649 3414 Isilerius
669 3377 772 3423 civis,
797 3379 992 3428 episcopus
1019 3379 1184 3416 AEsinus.
1205 3392 1223 3413 ι)
1246 3377 1356 3427 (Voy.
1387 3378 1544 3427 Ughelli,
1566 3382 1592 3416 t.
1616 3378 1641 3424 Ι,
1665 3380 1733 3415 col.
1755 3378 1856 3425 283.)
1885 3379 1954 3416 lesi

166 3450 214 3476 ou
234 3439 346 3483 Giesi,
368 3438 463 3476 dans
485 3437 520 3475 la
542 3437 692 3476 Marche
709 3437 910 3478 d'Ancone.
