2262 3958
356 324 400 359 40
959 319 1191 356 JOHANNIS
1224 317 1517 366 BURCHARDI,
1911 319 2014 362 [Aom
2029 320 2118 363 1484!

357 426 539 490 aliquos
567 424 848 482 cardinales,
878 422 967 470 nisi
995 423 1052 470 de
1088 437 1325 470 consensu
1357 422 1556 471 duarum
1586 423 1791 487 partium
1824 423 2120 484 eorumdem,

357 513 404 556 et
425 512 537 556 tunc
560 512 741 556 tantum
762 507 810 553 in
831 505 1019 553 casibus
1038 505 1275 569 expressis
1296 505 1344 552 in
1360 506 1466 569 jure
1490 505 1569 571 (1).

425 595 568 650 Item,
599 606 707 638 cum
736 589 830 653 juri
858 594 904 637 et
932 588 1127 651 equitati
1155 589 1427 647 conveniat,
1459 589 1585 651 quod
1610 589 1702 638 illis
1721 589 1810 654 fqui
1837 608 1876 639 r.
1908 590 2124 640 Ecclesie

358 677 406 723 in
429 675 523 722 suis
544 672 908 721 necessitatibus
935 675 1157 736 prompta
1181 671 1420 719 voluntate
1449 671 1793 732 subvenerunt,
1823 674 1882 722 de
1911 674 2126 738 ejusdem

360 758 571 806 Ecclesie
599 755 898 804 facultatibus
931 755 1090 803 debita
1122 755 1349 802 satisfatio
1382 755 1701 820 impendatur,
1735 772 1907 816 voveo,
1940 757 2050 821 juro
2081 760 2130 806 et

359 841 610 905 promitto,
647 839 773 901 quod
807 838 922 885 solvi
956 837 1127 886 faciam
1172 837 1365 885 realiter
1397 842 1444 886 et
1488 855 1597 887 cum
1630 838 1803 887 effectu
1840 838 2034 888 cuilibet
2068 854 2128 887 ex

361 922 678 971 cardinalibus
714 924 810 968 tam
843 921 1143 983 presentibus
1178 936 1321 982 quam
1362 920 1505 969 etiam
1537 921 1772 970 defunctis
1806 937 1948 969 omne
1983 922 2050 983 id,
2083 926 2132 971 et

362 1011 538 1065 totum,
580 1005 629 1052 in
662 1020 754 1067 quo
795 1007 982 1052 constat
1019 1007 1066 1051 et
1105 1007 1324 1051 constare
1364 1005 1539 1068 poterit
1575 1005 1624 1052 in
1650 1005 1859 1052 futurum
1898 1020 1982 1054 eos
2021 1021 2128 1057 esse

363 1089 624 1138 creditores
652 1087 732 1134 fel.
757 1102 855 1134 rec.
887 1086 1005 1135 Sixti
1031 1102 1151 1150 pape
1181 1086 1332 1150 quarti
1365 1087 1720 1151 predecessoris
1747 1088 1841 1137 mei
1871 1104 1955 1138 seu
1986 1105 2129 1154 apos-

360 1173 500 1221 tolice
535 1186 724 1219 camere
759 1173 806 1218 et
833 1169 982 1228 sediS‚
1014 1185 1312 1232 quacumque
1346 1170 1529 1219 ratione
1562 1170 1634 1218 vel
1666 1186 1832 1231 causa,
1864 1174 1912 1219 et
1936 1170 2043 1220 illos
2072 1187 2132 1221 ex

363 1258 448 1315 eis,
474 1255 643 1319 quibus
669 1270 756 1318 pro
779 1269 946 1302 eorum
968 1253 1179 1311 creditiS,
1209 1253 1268 1300 ab
1296 1253 1466 1301 eodem
1493 1253 1838 1317 predecessore
1863 1269 1992 1314 meo,
2021 1254 2130 1304 loco

362 1338 574 1404 pignoris
608 1338 781 1385 tradita
806 1337 1040 1385 hactenus
1067 1337 1224 1384 forent
1251 1340 1298 1384 et
1330 1352 1583 1396 concessa,
1621 1340 1800 1396 castra,
1834 1337 2048 1386 civitates
2085 1341 2133 1386 et

362 1424 486 1482 loca,
516 1420 692 1485 jocalia
718 1420 902 1484 aliaque
933 1436 972 1467 r.
1004 1420 1234 1478 Ecclesie,
1265 1423 1344 1468 aut
1370 1436 1456 1484 pro
1484 1419 1848 1484 recuperatione
1877 1419 1946 1468 eis
1973 1419 2131 1470 debite

364 1504 654 1569 quantitatis,
688 1503 831 1566 aliqui
864 1502 1074 1550 redditus
1114 1503 1359 1566 assignati,
1398 1503 1447 1551 in
1483 1503 1758 1567 hujusmodi
1795 1503 2050 1568 pignorum
2085 1505 2134 1551 et

364 1588 827 1651 assignamentorum
847 1587 1151 1650 possessione
1179 1588 1501 1636 manutenebo
1529 1591 1576 1635 et
1602 1586 1912 1646 conservabo,
1938 1602 2135 1635 conces—

365 1688 535 1734 sasque
564 1671 632 1718 eis
659 1671 878 1734 desuper
895 1670 1058 1718 literas
1086 1674 1133 1717 et
1166 1670 1424 1734 scripturas
1450 1671 1726 1734 approbabo
1758 1674 1809 1718 et
1835 1669 2132 1719 confirmabo

364 1755 483 1803 meis
502 1754 670 1812 literis,
695 1770 803 1801 cum
826 1753 1122 1816 suppletione
1145 1769 1553 1816 quorumcumque
1572 1753 1843 1802 defectuum
1865 1754 1926 1801 ob
1945 1753 2135 1802 illorum

365 1838 638 1885 uberiorem
659 1835 1089 1883 conservationem.

429 1922 567 1978 Item,
591 1935 699 1966 cum
727 1918 851 1966 sedis
879 1917 1138 1981 apostolice
1166 1918 1422 1982 plurimum
1449 1917 1636 1966 intersit
1667 1919 1794 1981 quod
1826 1918 1965 1967 litere
1999 1934 2137 1983 apos-

366 2002 524 2061 tolice,
561 2017 651 2064 que
688 2001 747 2048 ad
773 2001 981 2048 diversas
1008 2001 1171 2048 mundi
1198 2004 1358 2063 partes
1383 2001 1679 2060 deferuntur,
1711 2005 1934 2050 accurate
1963 2005 2011 2050 et
2037 2001 2139 2050 dili-

368 2087 537 2146 genter
563 2083 697 2146 juxta
727 2083 885 2130 stilum
925 2099 1121 2131 romane
1162 2083 1291 2131 curie
1333 2083 1664 2146 expediantur,
1709 2088 1757 2132 et
1793 2088 2052 2149 propterea
2088 2085 2137 2134 in

367 2165 653 2213 cancellaria
685 2165 948 2229 apostolica
975 2166 1068 2213 sint
1095 2166 1273 2213 dudum
1300 2166 1504 2230 plurima
1537 2167 1696 2215 officia
1721 2167 1960 2228 instituta3
1993 2172 2058 2228 et,
2087 2173 2138 2217 ut

366 2251 476 2298 facti
498 2249 793 2313 experientia
814 2248 1127 2307 demonstrat,
1154 2249 1289 2297 litere
1318 2265 1408 2312 que
1437 2249 1644 2309 aliunde,
1676 2266 1818 2313 quam
1838 2266 1926 2314 per
1946 2252 2138 2300 cancel-

366 2330 535 2381 lariam
569 2331 883 2394 expediuntur
913 2347 999 2394 pro
1034 2336 1274 2394 tempore,
1311 2349 1514 2396 persepe
1543 2333 1592 2381 in
1626 2334 1732 2382 stilo
1761 2338 1808 2383 et
1841 2335 2139 2385 aliisneoes-

370 2405 504 2463 sariis
527 2415 620 2462 sint
640 2413 895 2471 defective;
925 2414 1112 2461 intersit
1139 2430 1326 2476 quoque
1358 2416 1575 2478 ejusdem
1611 2417 1754 2475 sedis,
1792 2417 1920 2479 quod
1949 2418 2136 2468 illarum

370 2499 437 2546 sic
490 2497 816 2562 expeditarum
862 2497 1064 2559 registra
1108 2495 1314 2544 fideliter
1364 2498 1652 2553 adnotentur
1701 2503 1748 2547 et
1795 2505 2138 2550 conserventur

369 2580 560 2628 insimul
580 2580 628 2627 in
648 2596 742 2627 uno
772 2579 1035 2641 eodemque
1062 2579 1189 2638 loce,
1219 2579 1315 2627 imo
1345 2580 1447 2643 pari
1474 2580 1617 2629 modo
1649 2581 1775 2641 volo,
1807 2582 1917 2646 juro
1951 2587 1999 2632 et
2030 2601 2140 2648 pro—

370 2664 504 2711 mitto
541 2679 639 2711 non
669 2662 892 2726 expedire
923 2666 1002 2709 aut
1032 2662 1243 2724 expediri
1279 2663 1558 2726 permittere
1596 2664 1712 2713 alias
1744 2664 1907 2714 literas
1943 2670 2138 2731 aposto-

368 2747 485 2794 licas
513 2746 719 2805 aliunde,
750 2761 891 2808 quam
912 2762 999 2809 per
1025 2745 1360 2793 cancellariam
1387 2747 1621 2810 prefatam
1653 2751 1700 2796 et
1727 2747 1957 2797 officiales
1983 2749 2134 2810 iuius,

368 2830 518 2878 literis
541 2829 808 2876 officiorum
836 2828 1074 2876 civitatum
1106 2832 1152 2877 et
1177 2829 1394 2877 locorum
1421 2831 1696 2894 temporalis
1723 2831 1919 2880 dominii
1940 2848 2136 2882 romane

371 2912 583 2960 Ecclesie
615 2915 662 2959 et
693 2911 815 2960 illius
845 2912 1245 2976 temporalitatem
1282 2913 1682 2962 concernentibus
1718 2914 1961 2962 dumtaxat
1993 2930 2137 2963 exce-

370 2997 495 3061 ptis;
537 2995 803 3058 faciamque
849 2999 896 3044 et
933 2996 1170 3044 mandabo
1217 2996 1321 3044 illas
1367 3011 1532 3044 omnes
1580 2996 1630 3043 in
1673 2995 1876 3059 registro
1923 2996 2135 3058 generali

370 3081 615 3128 literarum
660 3080 1029 3143 apostolicarum
1069 3080 1311 3127 dumtaxat
1355 3083 1402 3127 et
1442 3095 1540 3126 non
1579 3078 1689 3126 alibi
1734 3078 2004 3141 registrari;
2046 3081 2137 3128 nisi

373 3168 534 3211 essent
564 3163 699 3211 litere
733 3162 1001 3211 officiorum
1037 3166 1083 3210 et
1115 3162 1496 3225 temporalitatis,
1537 3177 1652 3224 quas
1677 3161 1725 3208 in
1772 3177 1966 3211 camera
1996 3179 2138 3228 apos-

374 3246 531 3305 tolica,
561 3251 640 3295 aut
666 3247 856 3310 aliquod
891 3245 1145 3309 negocium
1179 3245 1454 3293 necessario
1482 3248 1668 3292 secreto
1699 3242 1958 3294 tenendum
1984 3247 2138 3295 conti-

425 3426 455 3462 1.
486 3425 628 3462 Rinaldi
648 3429 763 3464 arrete
784 3427 828 3463 ici
846 3427 879 3463 la
899 3426 1045 3464 citation
1065 3426 1109 3462 de
1131 3425 1333 3462 Burchard.
