2262 3958
143 307 310 350 [octobre
330 307 422 350 1484]
584 305 755 344 RERUM
790 306 1094 344 URBANARUM
1127 304 1478 343 COMMENTARII.
1862 306 1926 341 111

140 415 194 460 ut
224 403 497 476 in‘exquiis
525 410 861 470 cardinalium,
897 415 945 460 et
965 410 1137 475 prelati
1172 408 1447 473 complures
1485 410 1534 456 et
1563 406 1660 455 alii.
1694 406 1928 455 Omnibus

141 495 253 545 date
271 499 394 545 -sunt
418 496 574 545 facule
596 499 647 544 ut
672 495 721 544 in
749 494 992 558 obsequiis
1015 493 1331 543 cardinalium
1353 491 1459 540 fieri
1481 491 1622 540 solet.

209 583 323 630 Post
356 579 573 639 missam,
604 579 795 628 habitus
820 582 893 628 est
921 594 1100 636 sermo,
1133 581 1180 626 et
1211 575 1386 625 deinde
1414 591 1502 639 per
1529 574 1858 625 celebrantem
1881 579 1929 625 et

144 662 265 714 alios
286 669 491 728 quatuor
510 663 722 729 prelatos
742 663 866 711 sacta
881 660 1138 720 absolutio,
1158 664 1205 710 et
1223 660 1315 709 alia
1329 675 1464 708 more
1483 663 1715 709 consueto
1734 677 1744 709 ε
1770 660 1932 710 funes·

145 747 266 797 tium
288 748 570 798 vestitorum
592 752 695 797 erat
715 761 944 795 numerus
971 744 1203 808 tringinta
1222 744 1295 793 vel
1318 744 1463 794 circa.
1592 735 1605 743 ⁷

214 832 356 882 Feria
382 836 570 897 quarta,
604 834 666 880 20
693 829 807 878 dicti
840 828 1023 878 mensis
1059 829 1270 878 octobris
1291 828 1422 878 circa
1442 831 1615 880 horam
1650 830 1932 895 vigesimam

148 915 431 974 secundnm,
479 911 692 963 venienti
731 911 792 960 ad
830 912 1008 960 Urbem
1045 911 1115 960 111.
1159 914 1216 961 D.
1260 913 1510 978 Alphonso
1551 915 1768 964 Calabrie
1802 915 1931 975 duci,

148 995 444 1050 serenissimi
465 994 755 1045 Ferdinandi
779 994 941 1044 Sicilie
969 994 1096 1060 regis
1120 995 1447 1061 primogenito
1468 1014 1558 1063 per
1583 1002 1772 1063 portam
1793 998 1933 1047 beate

144 1081 294 1134 Man-ie
308 1080 374 1130 de
395 1079 577 1145 Populo
601 1078 682 1144 (1),
707 1084 943 1128 venerunt
963 1079 1152 1128 obviam
1176 1096 1327 1144 usque
1357 1081 1418 1130 ad
1440 1087 1638 1147 pontem
1660 1082 1856 1142 Mollem
1877 1098 1934 1131 ac

139 1166 265 1217 nitra
292 1169 343 1216 et
379 1165 500 1223 citra
549 1164 717 1213 RRmi.
765 1164 1037 1213 cardinales
1084 1165 1527 1227 vicecancellariuS,
1567 1167 1930 1232 NeapolitanuS,

137 1249 439 1309 Parmensis,
463 1249 707 1316 Aragonia
728 1249 878 1299 frater
898 1250 1035 1298 ducis
1056 1250 1311 1310 venientis,
1332 1251 1562 1300 Senensis
1584 1256 1631 1301 et
1646 1268 1770 1300 unus
1793 1251 1932 1312 alius,

139 1349 288 1399 quem
327 1348 427 1383 non
475 1333 602 1383 bene
647 1333 964 1393 consideravi,
1012 1337 1258 1398 tamquam
1307 1334 1625 1399 particulares
1670 1335 1931 1385 domicelli.

61 1452 67 1456 -
140 1417 332 1468 Deinde
357 1433 448 1483 per
473 1421 665 1483 portam
703 1417 972 1483 predictam
1012 1421 1248 1467 venerunt
1287 1434 1458 1467 omnes
1499 1419 1577 1469 alii
1618 1419 1786 1468 RRmi.
1833 1422 1933 1468 ΠΙ).

141 1500 416 1551 cardinales
438 1500 487 1550 in
512 1501 638 1551 Urbe
670 1501 932 1551 existentes
960 1501 1295 1567 collegialiter.
1325 1503 1399 1552 Ab
1428 1517 1486 1552 eo
1512 1503 1622 1552 loco
1645 1519 1739 1568 quo
1762 1503 1857 1552 dux
1879 1504 1940 1551 ab

141 1582 235 1633 illis
258 1599 345 1634 sex
365 1583 690 1634 cardinalibus
709 1590 936 1649 receptus
958 1584 1062 1644 fuit,
1086 1584 1316 1649 equitavit
1335 1585 1439 1651 ipse
1460 1586 1648 1635 medius
1670 1586 1796 1637 inter
1816 1587 1942 1637 vice-

135 1667 486 1718 cancellarium
511 1674 562 1718 et
580 1669 971 1735 Neapolitanum,
991 1669 1310 1734 sequentibus
1331 1670 1435 1719 aliis
1457 1675 1664 1735 quatuor
1682 1672 1936 1722 cardinali-

137 1751 377 1805 hesbinis
405 1758 455 1803 et
484 1752 611 1803 binis
623 1769 641 1814 .;
679 1753 766 1803 sed
791 1769 902 1804 cum
931 1769 1084 1820 prope
1117 1758 1310 1819 portam
1343 1770 1394 1803 se
1421 1755 1847 1821 appropinquaret,
1879 1771 1938 1806 eo

187 1900 223 1942 1.
251 1901 303 1940 Le
322 1901 374 1940 roi
396 1902 442 1940 de
461 1901 612 1954 Naples,
634 1902 697 1952 qui
714 1903 912 1953 n’ignorait
932 1914 999 1953 pas
1021 1903 1054 1941 la
1073 1903 1183 1941 haine
1208 1915 1280 1954 que
1306 1903 1358 1941 lui
1389 1904 1522 1954 portait
1544 1905 1722 1943 Innocent
1738 1905 1824 1944 VIII
1843 1906 1940 1945 alors

143 1960 231 2012 qu’il
252 1961 379 2002 n'etait
398 1975 469 2014 que
490 1964 667 2011 cardinal,
694 1964 744 2002 lui
763 1977 907 2016 envoya
928 1978 993 2003 son
1024 1977 1156 2016 propre
1182 1965 1255 2011 fils,
1284 1976 1378 2014 pour
1396 1965 1429 2002 10
1449 1977 1593 2015 gagnei·
1613 1978 1678 2015 par
1703 1971 1798 2004 cette
1817 1972 1944 2005 atten—

141 2021 222 2061 tion
238 2027 511 2073 respectueuse.
529 2024 585 2062 00
603 2024 644 2062 lit
662 2024 756 2062 dans
779 2038 788 2064 :
812 2027 867 2063 La
888 2027 1090 2074 Conqiura
1110 2026 1168 2063 de'
1182 2027 1334 2064 Barom'
1353 2026 1415 2063 del
1429 2026 1556 2073 Reqno
1573 2028 1616 2064 di
1634 2027 1781 2074 Napoli
1800 2035 1940 2065 contra

142 2084 176 2120 t‘l
193 2083 245 2122 Ro
262 2085 518 2134 Fordinando
538 2085 690 2132 Primo,
714 2088 885 2124 raccolta
905 2088 975 2124 dal
996 2087 1038 2125 S.
1057 2087 1226 2124 Camillo
1242 2087 1394 2125 Porcio.
1410 2087 1509 2123 -In
1530 2087 1663 2132 Roma,
1687 2088 1790 2134 1565,
1819 2087 1884 2126 liv.
1908 2089 1937 2133 1,

143 2142 207 2181 tol.
226 2143 259 2182 11
279 2154 386 2182 verso
406 2149 443 2183 et
463 2147 524 2184 12.
1280 2143 1284 2147 ⁴

193 2218 214 2239 «
303 2204 408 2254 Dopo
428 2205 463 2242 la
489 2215 580 2254 pace
609 2203 647 2241 di
677 2205 910 2249 Lombardia,
931 2207 1023 2245 mori
1057 2207 1173 2253 Sisto,
1194 2218 1214 2243 e
1234 2205 1325 2243 alui
1352 2217 1523 2243 successe
1554 2206 1767 2245 Innocentio
1798 2212 1938 2252 ottavo,

144 2263 262 2313 primo
279 2263 465 2302 cardinale
483 2264 519 2302 di
541 2263 722 2307 Molt’etta,
741 2277 761 2303 0
782 2266 972 2305 nominato
1002 2267 1145 2306 Giovan
1178 2266 1340 2303 Battista
1371 2266 1476 2312 Cibo,
1507 2266 1543 2303 di
1564 2267 1711 2304 natione
1736 2268 1939 2313 Genovese,

144 2323 279 2362 huomo
299 2323 484 2373 piaeevole
500 2325 709 2373 ehumano,
731 2337 790 2363 ma
814 2326 882 2363 che
915 2327 952 2364 in
988 2327 1105 2365 minor
1134 2327 1282 2365 fortuna
1312 2326 1446 2363 odiava
1464 2326 1489 2363 il
1517 2327 1622 2364 Duea
1640 2327 1677 2364 di
1698 2327 1863 2366 Calavria
1883 2341 1903 2366 e
1917 2328 1937 2365 il

146 2383 217 2431 Re,
239 2384 350 2434 siper
367 2397 472 2423 esser
485 2390 572 2424 nato
591 2387 629 2424 di
650 2388 762 2437 padre
782 2386 983 2436 Angioino,
1005 2387 1075 2424 0110
1096 2391 1193 2424 sotto
1218 2385 1241 2423 il
1261 2397 1300 2422 re
1319 2384 1469 2422 Riniero
1489 2385 1590 2423 molt’
1610 2386 1695 2424 anni
1715 2399 1830 2426 aveva
1849 2393 1941 2427 retta

143 2443 181 2483 10
195 2443 285 2484 citt&
301 2443 340 2482 di
355 2445 499 2495 Napoli,
520 2458 624 2484 come
644 2458 708 2495 per
726 2446 761 2484 la
781 2446 858 2484 loro
879 2446 1057 2487 crudelta.
1078 2457 1098 2484 e
1113 2457 1178 2495 per
1197 2445 1218 2482 li
1240 2445 1321 2495 poci
1336 2444 1498 2494 rispetti,
1514 2446 1582 2483 0110
1597 2447 1653 2483 ne'
1670 2447 1779 2497 tempi
1799 2447 1939 2487 adietro

140 2505 331 2543 havevano
349 2510 496 2555 portato
513 2506 585 2544 alla
610 2506 761 2553 Chiesa3
790 2507 888 2544 dalla
912 2509 1034 2555 quate,
1069 2510 1198 2543 contra
1226 2503 1343 2542 l'armi
1369 2505 1426 2542 de’
1453 2506 1653 2544 Franchesi
1672 2519 1692 2545 e
1711 2507 1861 2546 volunta
1880 2508 1937 2546 de’

142 2564 350 2614 Regnicoli‚
373 2577 484 2605 erano
499 2567 585 2605 stati
602 2579 672 2605 con
692 2566 846 2605 servati.
866 2567 1097 2604 Accresceva
1117 2570 1248 2616 questa
1274 2566 1369 2603 mala
1394 2565 1636 2615 dispositione
1654 2567 1689 2605 la
1711 2569 1942 2607 contumacia

141 2623 181 2661 di
198 2622 445 2669 Fet-dinanuo,
472 2625 509 2663 in
527 2626 669 2676 negarli
692 2625 717 2663 11
732 2625 884 2672 tributo,
919 2627 986 2665 che
1012 2627 1214 2664 chiascuno
1246 2637 1344 2663 anno
1365 2625 1390 2662 il
1408 2625 1464 2663 Re
1484 2625 1521 2662 di
1540 2625 1683 2676 Napoli,
1710 2627 1747 2665 in
1771 2629 1941 2678 recogni-

141 2683 242 2722 tione
260 2683 323 2722 det
350 2684 472 2728 teudo,
502 2696 595 2724 110110
621 2685 742 2724 avezzi
769 2686 807 2723 di
838 2698 976 2737 pagare
1002 2687 1072 2725 alla
1099 2686 1234 2725 Chiesa
1255 2697 1265 2723 ε
1289 2685 1516 2724 affermando
1537 2686 1561 2723 il
1583 2687 1653 2733 Re,
1673 2688 1825 2737 essergli
1846 2693 1941 2727 stato

146 2743 299 2783 rimesso
316 2744 364 2783 da
384 2746 466 2784 suoi
496 2746 765 2796 predecessori,
799 2759 819 2785 0
848 2748 916 2784 0110
945 2746 976 2785 si
1009 2748 1150 2786 doveva
1181 2758 1246 2796 per
1275 2745 1299 2783 11
1325 2745 1458 2795 Regno
1490 2745 1528 2783 di
1557 2746 1686 2796 Napoli
1712 2747 1782 2785 edi
1805 2747 1941 2786 Sicilia.

146 2803 285 2850 Qucste
315 2816 426 2843 erano
459 2805 494 2844 le
525 2806 680 2856 cagione
710 2807 904 2856 publiche;
930 2820 990 2845 ma
1010 2807 1044 2845 le
1075 2807 1232 2857 private,
1268 2811 1436 2856 scoperte
1461 2805 1521 2844 dal
1543 2811 1680 2856 tempo,
1710 2807 1821 2856 padre
1847 2808 1943 2846 della

145 2864 274 2912 verita,
294 2865 566 2905 discendevano
590 2867 640 2904 da
664 2867 725 2916 piu
754 2868 827 2906 alta
859 2867 994 2906 radice.
1024 2868 1078 2906 Fu
1101 2867 1221 2906 costui
1256 2866 1282 2903 il
1312 2865 1428 2916 primo
1461 2865 1498 2903 di
1524 2866 1610 2904 tutti
1632 2867 1642 2904 i
1663 2868 1842 2905 Pontetici
1874 2868 1941 2905 che

147 2921 315 2963 s’habbia
333 2926 508 2964 memoria
526 2927 596 2965 che
614 2928 778 2966 nutrisse
798 2927 836 2964 in
859 2928 1005 2975 Palese,
1028 2939 1046 2965 e
1066 2940 1138 2966 eon
1158 2927 1333 2969 richezze.
1361 2938 1381 2964 e
1407 2926 1495 2964 stati
1518 2927 1720 2965 honorasse
1739 2928 1765 2965 li
1791 2928 1945 2976 figliuoli

148 2997 223 3026 nou
240 2986 406 3036 legitimi,
426 2988 561 3037 perche
579 2987 654 3025 Iino
669 2999 691 3025 a
710 2988 799 3037 que'
818 2987 942 3037 tempi,
966 2992 1063 3026 sotto
1085 2987 1147 3037 piu
1168 2986 1382 3024 honorevoli
1400 2986 1512 3033 nomi,
1533 2987 1585 3036 gli
1604 2988 1768 3025 haveano
1790 2988 1940 3037 coperti,

147 3046 370 3086 e'honestati
391 3060 402 3084 ε
424 3059 471 3086 ne
489 3048 630 3086 haveva
649 3048 722 3097 egli
749 3048 822 3085 due
846 3059 855 3069 ·
877 3047 976 3086 l'uno
997 3038 1300 3085 Faneeschet‘toe
1319 3045 1437 3084 l'altro
1455 3046 1659 3085 Teodorina
1680 3048 1710 3085 si
1731 3047 1941 3091 nominava,

147 3117 168 3144 0
185 3106 322 3155 porche
345 3118 476 3146 amava
500 3108 612 3146 molto
632 3107 932 3155 Franceschetto,
954 3120 975 3146 0
1007 3108 1196 3155 bramava,
1226 3107 1344 3146 cbedi
1360 3108 1496 3146 huomo
1527 3106 1681 3156 privato,
1704 3107 1887 3144 mediante
1909 3107 1944 3144 la

148 3177 221 3205 sua
255 3166 415 3214 fortuna,
446 3168 680 3207 divenenisse
712 3169 883 3219 Principe
906 3182 914 3208 :
937 3182 1011 3208 non
1044 3169 1240 3218 veggendo
1270 3172 1373 3217 parte
1406 3168 1539 3205 alcuna
1576 3167 1659 3203 nell'
1698 3166 1814 3213 Italia,
1852 3166 1944 3204 dove

150 3230 299 3276 potesse
313 3225 374 3275 piu
394 3226 641 3276 agintamente
662 3228 868 3276 collocat-lo,
895 3230 963 3267 che
989 3229 1047 3267 nel
1074 3229 1220 3277 Regno,
1251 3228 1467 3266 havendone
1494 3228 1528 3264 la
1553 3226 1719 3276 predetta
1736 3224 1943 3271 occasiane,

152 3285 185 3324 si
201 3286 350 3336 dispose
369 3298 390 3324 a
411 3291 532 3326 110100
557 3288 789 3327 Ferdinando
815 3302 835 3328 e
861 3290 1010 3339 ponervi
1031 3301 1188 3340 persona
1214 3289 1282 3326 che
1310 3287 1562 3325 riconoscesse
1591 3286 1614 3323 il
1645 3287 1778 3336 Regno
1804 3287 1852 3325 da
1879 3287 1942 3333 lui,

151 3346 245 3384 etin
275 3358 474 3396 compensa.
497 3348 767 3399 ενι-1000100011
796 3350 961 3400 figliuolo
989 3350 1027 3389 di
1057 3350 1187 3388 honori
1214 3362 1233 3387 0
1259 3348 1294 3386 di
1328 3347 1490 3397 signorie
1512 3357 1522 3385 t
1545 3358 1667 3386 mosso
1699 3358 1722 3385 a
1749 3347 1828 3386 0100
1859 3348 1946 3387 dall'

150 3406 310 3456 esempio
330 3407 368 3444 di
387 3407 462 3454 Pio,
481 3408 563 3454 che,
584 3413 680 3447 sotto
706 3408 730 3446 il
755 3410 956 3449 medesimo
995 3411 1023 3448 F
1026 3410 1242 3457 erdinando,
1268 3422 1339 3449 con
1365 3410 1474 3448 simili
1502 3409 1570 3449 arti
1604 3410 1746 3450 havera
1770 3411 1946 3451 essaltata

152 3464 192 3504 in
210 3467 331 3516 questi
351 3467 453 3518 paesi
472 3467 507 3506 10
523 3479 592 3506 suo.
607 3468 778 3519 remig-lia.
801 3485 821 3504 n
1916 3469 1917 3473 ’
