2262 3958
309 336 354 371 84
916 332 1148 369 ιΙΟΗΑΝΝΙΞ
1182 333 1481 379 BURCHARDI,
1855 335 1960 388 [ᾼοιῗιῐ
1978 337 2070 378 1484]

364 437 458 484 duo
480 433 638 484 clerici
661 434 1005 498 superpelliciis
1028 434 1181 483 induti
1209 451 1319 485 cum
1344 436 1528 485 duabus
1555 436 1787 486 lanternis
1807 441 1856 487 et
1874 437 2080 487 lumina-

310 520 458 580 ribus,

366 621 518 668 equus
539 619 648 654 cum
667 605 969 651 sacramento
989 601 1077 651 sub
1097 602 1385 652 baldachino
1405 603 1653 666 incedenS,

372 688 588 747 sacrista,

372 773 466 820 duo
484 770 684 836 prefecti
704 769 913 830 navales,

365 860 586 905 cantores
608 854 790 918 capelle
813 856 959 916 Pape,

373 939 615 990 secretarii
638 941 683 986 et
701 936 916 985 advocati
937 934 1122 984 mixtim
1140 937 1276 1000 juxta
1296 937 1515 986 ordinem
1532 952 1620 1000 per
1645 939 1728 987 SS.
1758 941 1815 986 D.
1854 942 2074 988 nostrum

370 1028 550 1088 Papam
572 1023 753 1082 datum,

372 1107 598 1173 acolythi,
640 1146 642 1165 ,

383 1191 544 1240 clerici
566 1205 775 1250 camere,

369 1277 611 1325 auditores
630 1278 752 1334 rote,

364 1355 641 1407 subdiaconi
663 1356 910 1422 apostolici
932 1354 1171 1404 tunicellis
1190 1353 1308 1402 albis
1329 1354 1500 1414 induti,

364 1441 595 1489 diaconus
617 1445 665 1488 ct
686 1439 1008 1488 subdiaconus
1029 1437 1178 1502 greci,

366 1526 563 1574 abbates
586 1526 820 1583 forenses,

366 1609 597 1673 episcopi,

368 1692 738 1756 archiepiscopi,

366 1775 578 1839 episcopi
602 1779 648 1824 et
665 1772 1015 1838 archiepiscopi
1036 1775 1164 1834 Pape
1186 1770 1488 1831 assistentes,

365 1859 563 1906 abbates
585 1859 742 1919 Urbis,

364 1941 656 2004 patriarche,

366 2023 554 2072 diaconi
582 2025 866 2084 cardinales,

364 2108 631 2173 presbyteri
649 2107 934 2167 cardinales,

365 2190 578 2255 episcopi
599 2191 885 2249 cardinaleS,

362 2266 549 2321 diaeoni
572 2277 698 2337 Pape
718 2274 1016 2332 assistentes,

370 2357 500 2419 Papa
518 2357 604 2404 sub
626 2357 931 2416 baldachino,

363 2441 674 2489 marescallus
695 2441 824 2489 curie
843 2440 915 2487 vel
938 2439 1163 2487 soldanus
1179 2436 1408 2500 pecunias
1432 2437 1742 2500 projicientes
1767 2441 1963 2504 populo,

361 2526 582 2572 Decanus
622 2529 725 2573 rote
752 2541 862 2573 cum
896 2522 1086 2571 tobalea
1120 2521 1180 2569 ad
1200 2520 1376 2569 collum
1410 2536 1497 2582 pro
1537 2521 1679 2570 mitra
1711 2522 1898 2571 medius
1931 2523 2060 2573 inter

300 2607 419 2655 duos
446 2607 762 2656 cubicularios
780 2610 1017 2666 secretos,

367 2691 718 2751 umbraculum,

363 2774 776 2834 vicecamcrarius,
802 2773 839 2821 si
859 2773 917 2821 sit
934 2771 1289 2836 protonotarius
1307 2772 1381 2820 vel
1401 2771 1612 2836 prelatus
1628 2786 1722 2820 non
1743 2776 1960 2836 paratus,

358 2858 435 2905 alii
452 2858 639 2922 prelati,
661 2858 1020 2922 qualescunque
1043 2856 1136 2903 sint
1155 2871 1253 2904 non
1270 2856 1444 2920 parati,

363 2941 693 3005 protonotarii,

365 3025 552 3073 auditor
579 3023 817 3073 audientie
839 3023 1261 3083 contradictarum,

367 3113 611 3158 corrector
625 3108 874 3156 literarum
895 3107 1284 3169 apostolicarum,

367 3193 443 3240 alii
465 3208 633 3241 omnes
651 3191 818 3255 togati,

363 3291 449 3337 pro
484 3275 642 3338 priore
683 3275 995 3323 diaconorum
1037 3272 1368 3331 cardinalium,
1418 3271 1457 3318 si
1494 3269 1794 3332 evangelium
1828 3270 1878 3317 in
1916 3269 2063 3317 missa

302 3356 509 3404 dicturus
546 3358 605 3405 sit
645 3358 774 3422 quod
821 3358 978 3422 ipsum
1026 3355 1290 3414 concernit,
1342 3353 1554 3417 alioquin
1595 3368 1682 3416 pro
1721 3352 1814 3401 alio
1859 3352 2062 3400 diacono

302 3439 541 3488 cardinale
582 3441 878 3504 evangelium
923 3441 1082 3504 ipsum
1123 3439 1324 3498 dicturo,
1377 3441 1628 3502 portentur
1675 3452 1762 3500 per
1800 3450 1966 3484 'unum
1999 3449 2059 3483 ex
