2262 3958
184 295 381 341 [Mai14861
633 294 803 332 RERUM
834 293 1140 333 URBANARUM
1173 294 1523 333 COMMENTARII.
1903 295 1970 331 201

186 401 354 452 Antlas
396 400 568 459 laicus,
612 405 828 448 oratores
867 397 1174 446 illustrissimi
1211 397 1439 446 Kazimiri
1476 396 1674 446 Polonie
1716 397 1844 461 regis
1885 413 1971 462 pro

187 484 461 537 obedientia
478 485 563 533 SS.
591 486 644 532 D.
667 486 723 531 N.
749 482 1025 546 prestanda,
1050 481 1150 545 qui,
1173 481 1310 544 equis
1334 481 1394 530 de
1416 481 1514 529 suis
1546 481 1676 530 circa
1695 498 1795 530 xxx
1817 498 1845 530 a
1864 481 1973 545 plu-

187 570 320 619 ribus
341 567 600 618 curialibus
624 566 816 615 Polonis
847 564 1083 614 associati.
1108 564 1165 612 Hi
1180 568 1412 613 venerunt
1432 568 1634 614 Romam
1655 565 1732 613 die
1753 564 1970 629 proxime

186 652 416 720 preterita
436 652 485 700 in
506 666 616 699 sero
637 650 740 698 sine
761 663 939 714 pompa
959 651 1006 696 et
1026 647 1238 712 hospitio
1263 647 1446 712 recepti
1467 652 1578 696 sunt
1599 648 1648 696 in
1668 648 1812 697 domo
1835 649 1974 698 Busa-

184 738 362 797 lorum,
382 736 463 786 ubi
483 737 765 784 manserunt
783 735 968 781 secrete
990 731 1210 794 usquein
1230 731 1523 780 hodiernum
1544 732 1689 793 diem,
1708 748 1821 796 quo,
1843 733 1973 782 circa

184 822 358 871 horam
388 836 529 879 xvnt,
566 818 841 881 equitarunt
878 832 964 880 per
1001 815 1125 862 viam
1152 815 1558 879 transtyberinam
1590 816 1823 864 secretius
1860 833 1970 865 cum

186 906 284 955 suis
305 904 472 955 amicis
505 902 565 952 ad
589 902 787 950 domum
807 901 867 948 de
890 899 1115 964 Spinellis
1143 902 1277 946 extra
1302 902 1492 963 portam
1513 898 1754 959 Viridarii,
1782 900 1863 947 ubi
1886 917 1969 949 ex-

182 991 436 1054 pectarunt
447 987 620 1035 horam
638 988 926 1034 conventam
943 998 1031 1049 pro
1054 983 1253 1032 introitu
1270 998 1382 1044 suo;
1405 999 1499 1047 qua
1514 983 1818 1044 adveniente,
1838 986 1970 1048 equi-

183 1073 344 1120 tarunt
371 1084 524 1133 usque
558 1068 619 1116 ad
654 1066 915 1116 ecclesiam
943 1082 982 1114 s.
1014 1066 1176 1114 Lazari
1214 1066 1539 1130 leprosorum.
1573 1068 1970 1131 supervenerunt

179 1153 361 1204 familie
390 1151 707 1203 cardinalium
740 1150 1031 1210 successive,
1065 1149 1258 1198 tandem
1290 1149 1471 1198 familia
1495 1152 1622 1215 Pape
1646 1166 1815 1214 parum
1844 1151 1967 1200 ultra

180 1237 439 1288 ecclesiam
459 1253 499 1286 s.
525 1236 774 1301 Peregrini
805 1239 941 1284 extra
961 1237 1151 1299 portam
1168 1234 1454 1298 predictam,
1483 1238 1530 1283 et
1553 1239 1850 1300 acceperunt
1883 1252 1968 1284 eos

181 1327 232 1372 et
257 1338 409 1386 usque
445 1322 506 1371 ad
535 1321 735 1370 domum
774 1319 1042 1384 predictam
1076 1319 1375 1380 Bufalorum,
1399 1319 1449 1367 in
1469 1334 1564 1383 quo
1585 1319 1814 1384 hospitati
1836 1325 1965 1380 sunt,

180 1406 483 1456 associarunt
504 1409 555 1454 ut
575 1404 726 1454 moris
745 1408 835 1454 est.

247 1489 476 1551 Sabbato,
509 1493 571 1538 20
603 1489 734 1549 maii,
773 1487 934 1552 vigilia
950 1487 1212 1548 Trinitatis,
1249 1488 1446 1537 fuerunt
1470 1505 1670 1552 vespere
1701 1489 1899 1554 papales
1921 1490 1969 1537 in

180 1574 368 1639 capella
386 1575 572 1639 majore
593 1573 776 1639 palatii,
802 1576 932 1638 Papa
952 1577 1179 1637 presente
1200 1576 1248 1621 et
1263 1572 1480 1621 officium
1498 1573 1724 1634 faciente,
1750 1579 1802 1622 ut
1820 1575 1970 1623 moris

179 1663 270 1720 est,
293 1674 324 1708 a
345 1674 440 1723 quo
462 1663 723 1723 antequam
745 1657 1014 1707 cardinales
1045 1657 1327 1706 advenirent
1352 1657 1402 1705 in
1426 1673 1619 1706 camera
1644 1674 1732 1706 sua
1759 1664 1966 1720 secreta,

179 1742 534 1807 interrogavi-si
566 1742 680 1806 quid
707 1741 825 1790 mibi
848 1741 1080 1790 mandare
1104 1741 1248 1790 vellet
1274 1759 1282 1788 :
1308 1741 1558 1804 respondit
1578 1742 1707 1790 illam
1730 1758 1826 1791 non
1861 1759 1969 1792 esse

177 1826 352 1876 horam
371 1826 616 1886 veniendi,
638 1826 725 1875 sed
739 1826 869 1890 quod
886 1829 997 1874 ante
1014 1825 1135 1874 duos
1150 1825 1224 1874 vel
1241 1829 1336 1874 tres
1350 1825 1471 1885 dies,
1494 1830 1638 1890 prout
1654 1826 1802 1874 etiam
1818 1843 1971 1892 nuper

178 1910 299 1960 mihi
317 1910 519 1970 dixerat,
543 1909 707 1960 venire
730 1909 875 1958 debui
900 1929 909 1958 z
933 1909 1159 1974 replicavi
1178 1909 1246 1957 nil
1275 1924 1383 1957 esse
1405 1908 1666 1959 dicendum
1687 1916 1768 1958 aut
1788 1910 1970 1960 facien-

178 1995 294 2044 dum
317 1999 485 2061 preter
507 2010 652 2044 unam
681 1995 951 2044 orationem
974 1998 1020 2043 et
1048 1993 1565 2044 commemorationem
1593 2010 1706 2058 que,
1728 2000 1779 2043 ut
1802 2011 1972 2045 recen-

177 2078 272 2128 tior
319 2082 451 2128 esset
498 2078 754 2138 memoria,
802 2094 930 2127 nunc
970 2079 1101 2128 nolui
1149 2076 1400 2125 Sanctitati
1444 2093 1529 2125 sue
1574 2080 1964 2128 commemorari.

176 2162 420 2211 Mandavit
436 2166 551 2211 tunc
574 2162 812 2211 Sanctitas
835 2179 922 2211 sua
939 2163 1069 2226 quod
1090 2163 1168 2212 die
1183 2163 1429 2213 dominica
1446 2165 1848 2214 commemoratio
1869 2180 1969 2214 non

175 2247 316 2296 fieret
333 2262 393 2296 eo
410 2246 543 2311 quod
558 2246 662 2311 ipse
688 2262 799 2295 cum
826 2246 916 2296 fuit
942 2247 992 2295 in
1017 2247 1285 2296 minoribus
1316 2253 1527 2308 creatuS,
1562 2253 1769 2312 quatuor
1787 2249 1968 2298 vicibus

175 2331 322 2396 hujus
343 2330 453 2379 festi
475 2330 690 2380 officium
719 2331 1015 2380 celebrasset
1043 2331 1146 2381 sine
1174 2332 1453 2396 hujusmodi
1481 2334 1964 2383 commemoratione.

175 2415 433 2479 Subjunxit
471 2417 527 2464 D.
565 2415 831 2464 Aleriensis
871 2415 1231 2464 referendarius
1281 2422 1497 2466 secretus
1546 2417 1729 2466 ibidem
1764 2434 1967 2483 presens

173 2499 305 2565 quod
333 2499 382 2548 in
409 2499 488 2550 die
509 2499 682 2549 natalis
705 2500 900 2560 Christi,
931 2500 1302 2549 resurrectionis
1324 2505 1373 2549 et
1395 2502 1710 2549 Pentecostes
1731 2516 1824 2564 que
1845 2500 1969 2549 festa

173 2588 340 2634 essent
367 2584 473 2633 Filii
501 2588 689 2633 tantum
709 2588 758 2632 et
793 2583 997 2648 Spiritus
1021 2583 1193 2644 sancti,
1223 2584 1356 2632 nulla
1382 2583 1520 2631 fieret
1541 2584 1963 2644 commemoratio,

173 2667 333 2716 minus
374 2667 424 2716 in
455 2669 550 2717 hoc
585 2668 710 2717 festo
741 2668 823 2732 qui
855 2668 1002 2716 totius
1042 2672 1173 2718 esset
1211 2667 1437 2717 trinitatis
1478 2667 1699 2716 videlicet
1729 2667 1881 2716 Patris
1916 2671 1965 2716 et

173 2751 277 2799 Filii
299 2754 346 2799 et
367 2751 570 2815 Spiritus
603 2751 774 2811 sancti,
810 2752 893 2800 illa
921 2752 1025 2802 fieri
1060 2757 1304 2817 oportere.
1329 2753 1514 2802 Avisavi
1550 2758 1810 2819 propterea
1845 2770 1962 2803 can-

172 2838 303 2883 tores
341 2833 527 2898 capelle
563 2838 612 2882 et
641 2834 775 2882 nulla
807 2839 882 2882 est
916 2835 1043 2883 facta
1074 2838 1493 2887 commemoratiO.

236 2917 490 2966 Dominica
529 2920 584 2965 21
627 2916 758 2976 maii,
798 2916 977 2966 festum
1017 2934 1056 2965 s.
1097 2919 1358 2980 TrinitatiS,
1402 2924 1570 2970 Rmus.
1613 2925 1669 2971 D.
1711 2921 1959 2969 Johannes

169 3001 425 3051 cardinalis
459 3001 733 3050 Parmensis
767 3000 817 3048 in
845 3001 1030 3065 capella
1056 3002 1242 3065 majore
1268 3004 1432 3067 palatii
1469 3005 1726 3053 celebravit
1763 3004 1961 3052 missam

169 3085 459 3145 solemnem,
499 3088 629 3150 Papa
663 3087 908 3149 presente,
953 3088 1000 3132 et
1034 3084 1180 3133 etiam
1218 3085 1401 3135 nullam
1438 3087 1554 3136 fecit
1602 3103 1962 3136 commemora-

170 3170 370 3219 tionem.

233 3253 389 3302 Finita
426 3253 591 3314 missa,
638 3257 806 3302 Rmus.
853 3257 910 3302 D.
945 3253 1202 3303 cardinalis
1236 3269 1276 3301 s.
1325 3255 1473 3303 Marci
1507 3255 1625 3303 dixit
1669 3255 1788 3303 mihi
1830 3256 1962 3320 quod

166 3339 244 3388 die
269 3337 514 3387 dominica
546 3338 711 3387 debuit
739 3339 846 3388 fieri
880 3338 1279 3387 commemoratio
1306 3338 1356 3386 in
1381 3338 1594 3402 vesperis
1625 3344 1673 3387 et
1706 3339 1755 3387 in
1788 3339 1953 3389 missa.

166 3422 409 3487 Respondi
432 3421 562 3471 illam
584 3422 643 3472 de
665 3438 895 3487 expresso
917 3421 1151 3489 mandato·
1167 3423 1252 3470 SS.
1279 3424 1336 3470 D.
1364 3424 1421 3471 N.
1443 3425 1570 3487 Pape
1592 3423 1739 3473 fuisse
1770 3424 1953 3473 obmis-
