2262 3958
917 297 1203 336 APPENDICE.
1885 302 1955 337 557

163 402 224 444 ita
246 401 435 455 peractis
466 401 698 454 hymnum,
728 400 827 441 Veni
858 401 1029 440 Creator
1054 398 1260 452 Spiritus,
1291 399 1463 440 canoris
1484 400 1666 442 vocibus
1687 406 1790 444 ante
1809 402 1945 445 Aram

161 469 336 511 Fratres
356 468 567 509 cecinere.
587 468 815 507 Postremo
830 469 1043 518 quantam
1060 464 1302 506 Cardinalis
1319 465 1523 518 sIngulus
1539 470 1698 519 potest,
1716 468 1949 521 ind‘ulgen-

159 533 267 576 tiam
287 534 502 588 elargitus
527 532 795 582 astantibus,
825 534 868 572 et
891 531 1079 572 eandem
1106 530 1388 571 visitantibus
1410 531 1548 572 altare
1567 533 1723 574 eodem
1745 533 1814 574 die
1837 538 1944 586 quot

156 600 303 651 annis,
324 600 456 642 rediit
476 599 709 640 nobiscum
723 597 768 638 in
785 597 980 637 domum.
999 596 1131 636 Paulo
1148 599 1248 647 post
1262 595 1497 648 prandium
1517 598 1670 638 Petrus
1691 597 1826 639 frater
1843 611 1941 640 cum

156 665 310 717 paucis
341 675 398 707 en
424 663 565 714 affuit,
596 663 771 704 delatus
805 661 1018 713 sonipede
1050 662 1185 702 mirae
1217 661 1476 711 ferocitatis,
1515 674 1564 704 ac
1594 664 1937 716 magnitudinis,

156 729 324 772 auratis
352 730 543 772 bracteis
573 739 750 781 quaque
778 726 992 779 fulgente.
1026 730 1062 768 A
1092 730 1219 778 porta
1244 722 1411 768 interea
1439 729 1583 769 Sancti
1614 730 1724 770 Galli
1746 742 1833 782 qua
1853 731 1941 772 itur

154 796 380 847 Faesulas,
402 799 527 838 tanta
543 795 684 836 effusa
712 793 910 846 equitum
930 803 980 833 ac
998 792 1198 844 peditum
1215 803 1390 842 manue,
1412 795 1461 832 ut
1482 793 1612 845 plena
1634 795 1830 847 undique
1850 797 1936 846 via,

153 861 264 904 nulli
291 864 443 904 contra
474 862 521 903 in
548 860 706 901 urbem
738 859 861 900 eunti
885 859 1123 900 transitum
1153 859 1341 900 cederet.
1375 860 1496 914 Quae
1526 860 1669 901 omnis
1704 862 1937 903 multitudo

154 926 312 970 sistere
330 927 453 969 iussa
474 929 542 968 est
560 925 617 967 ad
637 924 854 966 Munionis
875 927 1073 977 pontem,
1101 935 1182 965 nec
1210 924 1361 965 datum
1381 925 1459 965 ulli
1478 925 1658 977 quidem
1677 927 1738 967 cis
1757 931 1936 978 pontem

152 1002 420 1045 amnemque
442 991 644 1033 transire.
671 991 725 1030 At
751 1001 855 1031 vero
887 990 1021 1031 rebus
1049 990 1204 1031 ceteris
1233 1002 1286 1031 ex
1318 991 1558 1032 constituto
1577 991 1819 1044 dispositis,
1844 994 1936 1034 des-

150 1057 297 1100 cendit
313 1057 387 1099 ille
406 1068 507 1098 cum
523 1056 658 1097 fratre
679 1055 950 1108 traiectoque
967 1055 1149 1096 flumine
1171 1059 1378 1108 exceptus
1407 1059 1474 1098 est
1499 1057 1674 1098 medius
1692 1058 1806 1099 inter
1826 1060 1934 1100 Pon-

149 1121 282 1164 tificis
302 1123 673 1171 Prothonotarios,
702 1122 814 1163 alios
844 1121 1081 1174 praelatos,
1112 1132 1162 1162 ac
1188 1122 1403 1174 primores
1421 1123 1545 1165 urbis
1572 1125 1708 1176 ciues,
1732 1128 1774 1166 et
1794 1125 1933 1166 ambi-

148 1187 390 1231 tiosissima
405 1200 568 1242 pompa
596 1189 813 1230 deductus
841 1188 885 1228 in
913 1187 1070 1228 urbem
1094 1199 1174 1240 per
1200 1188 1317 1229 viam
1341 1189 1568 1240 maiorem,
1588 1202 1702 1243 quae
1723 1191 1780 1232 ad
1800 1191 1932 1232 aedes

147 1251 267 1296 ducit
286 1265 408 1296 suaS.
441 1255 524 1306 Qui
550 1266 650 1296 cum
681 1254 960 1307 peruenisset
989 1254 1045 1295 ad
1069 1254 1256 1307 Virginis
1287 1256 1520 1297 Nuntiatae
1550 1256 1933 1308 Basilicam,mula

145 1319 437 1371 descendens,
470 1320 528 1362 ad
554 1321 673 1362 illius
702 1320 928 1362 humiliter
956 1331 1004 1361 se
1034 1321 1277 1362 constrauit
1307 1331 1447 1368 aram,
1475 1332 1553 1372 pre
1587 1332 1634 1362 sc
1665 1333 1797 1364 orans
1825 1333 1932 1364 voce

143 1385 400 1428 summissa.
434 1385 541 1427 Inde
563 1386 622 1428 ad
652 1386 790 1428 Diuae
819 1388 1064 1438 Reparatae
1092 1387 1308 1438 templum
1328 1378 1566 1438 profectus,
1598 1387 1694 1439 pari
1715 1387 1847 1429 modo
1870 1388 1932 1429 sic

143 1453 212 1493 est
232 1463 364 1505 opem
383 1452 662 1505 gratiamque
688 1455 907 1504 precatus.
938 1451 1138 1504 Denique
1163 1451 1209 1492 in
1239 1452 1354 1492 lares
1378 1463 1426 1492 se
1446 1453 1610 1504 recepit
1629 1464 1743 1505 quos
1763 1453 1932 1495 habitat

142 1528 264 1560 suos.
288 1517 371 1560 Ubi
389 1517 527 1559 ferme
547 1520 639 1560 tota
665 1519 710 1559 in
739 1530 880 1560 unum
912 1522 1146 1571 conspecta
1179 1521 1247 1559 est
1268 1519 1423 1559 ciuitas
1455 1519 1515 1560 ita
1534 1519 1741 1572 frequens
1773 1524 1930 1563 utnon

140 1583 211 1626 via
231 1583 380 1634 modo,
405 1584 486 1625 sed
515 1583 738 1626 fenestrae
771 1588 812 1626 et
839 1587 954 1626 tecta
982 1585 1080 1637 ipsa
1100 1584 1172 1626 vix
1191 1587 1399 1636 caperent
1418 1588 1768 1637 prospectantes.
1794 1587 1841 1628 In
1867 1599 1932 1628 se-

139 1651 354 1703 quentem
387 1661 490 1692 vero
519 1653 695 1692 noctem
737 1651 855 1704 iugis
891 1650 937 1691 in
970 1651 1144 1703 plateis,
1179 1650 1313 1703 inque
1345 1652 1539 1692 turribus
1569 1654 1613 1692 et
1644 1651 1791 1704 pinnis
1825 1654 1928 1706 igne

139 1715 410 1757 collucentes
430 1715 738 1757 illuminarunt
765 1713 900 1755 veluti
927 1714 1058 1765 diem,
1089 1716 1132 1754 et
1153 1714 1522 1756 conclamantium
1543 1715 1724 1756 vocibus
1747 1715 1928 1758 omnifa-

141 1780 309 1834 riisque
329 1781 581 1831 tinnitibus,
600 1784 734 1833 atque
754 1779 995 1832 crepitibus
1016 1779 1167 1821 aether
1194 1790 1372 1832 semper
1388 1780 1599 1830 insonuit,
1622 1783 1671 1822 ut
1692 1781 1816 1823 obliti
1838 1783 1927 1824 sint

136 1844 340 1888 homines
361 1856 544 1887 somnos
557 1846 640 1887 hac
655 1848 778 1887 tanta
799 1845 982 1895 laetitia,
1004 1845 1343 1898 inspectumque
1365 1845 1422 1886 sit
1440 1846 1595 1899 quanti
1615 1845 1742 1888 faciat
1763 1848 1926 1900 Reipu-

136 1909 276 1954 blicae
293 1913 568 1954 seruatorem
589 1914 632 1953 et
647 1912 848 1954 columen
869 1911 1124 1965 gratissima
1138 1911 1310 1953 ciuitas.
1334 1913 1448 1952 llaec
1467 1912 1633 1954 dixisse
1654 1925 1708 1954 ex
1727 1916 1926 1966 tempore

137 1977 194 2020 sit
218 1978 327 2020 mihi
355 1979 464 2022 satis
493 1992 504 2021 ε
533 1979 695 2021 seriem
726 1979 842 2020 alius
877 1978 1101 2031 copiosius
1142 1978 1430 2030 ornatiusque
1466 1978 1786 2031 conscripserit.
1819 1980 1925 2022 Vale

134 2045 269 2096 atque
290 2055 368 2087 ora
387 2047 437 2087 ut
453 2045 538 2087 ista
557 2045 645 2086 sint
664 2043 826 2086 fausta.
849 2044 1045 2086 Faesulis
1066 2043 1208 2096 pridie
1224 2043 1322 2084 idus
1341 2044 1532 2086 Martias.
1562 2062 1577 2080 ι

1235 2132 1423 2186 (8ί9ηα1.
1447 2137 1503 2176 Ν.
1527 2133 1654 2189 IIII.)

190 2240 207 2260 ι
241 2225 348 2277 Quae
372 2224 379 2278 Ι
405 2225 486 2267 hoc
523 2224 748 2268 volumine
778 2224 1000 2266 habentur
1028 2223 1147 2265 varia
1173 2223 1179 2277 Ι
1206 2224 1470 2277 diuersaque
1503 2226 1546 2264 et
1577 2224 1711 2278 longa
1742 2237 1795 2267 ex
1823 2227 1865 2268 di
1889 2227 1898 2280 Ι

132 2289 363 2343 spersione
388 2292 395 2344 Ι
419 2291 600 2333 collecta
625 2290 633 2343 Ι
658 2302 746 2344 quo
761 2291 887 2332 breui
903 2291 987 2331 sub
1003 2290 1130 2331 titulo
1146 2290 1261 2332 subii
1285 2289 1293 2344 Ι
1318 2291 1488 2331 ciantur
1499 2301 1551 2331 ac
1565 2291 1744 2333 nomine
1769 2291 1776 2345 Ι
1800 2304 1917 2334 recu-

128 2356 384 2408 perationes
404 2356 632 2399 fesulanas
657 2358 664 2410 1
688 2357 826 2398 lector
851 2357 856 2409 Ι
882 2356 1124 2410 agnoscito.
1153 2372 1169 2392 »

180 2457 367 2500 Volume
386 2458 528 2501 in-fol.
546 2458 637 2501 tres
661 2471 760 2501 rare
782 2458 985 2512 imprime
1011 2457 1037 2500 a
1063 2460 1259 2514 Bologne
1281 2471 1335 2502 en
1359 2460 1478 2512 1493,
1499 2471 1668 2503 comme
1684 2473 1741 2504 on
1762 2463 1803 2504 le
1825 2463 1916 2506 voit

126 2533 209 2576 par
219 2523 263 2566 la
285 2525 582 2578 souscription
603 2538 615 2567 ε

183 2630 200 2650 ι
234 2613 713 2656 RECUPERATIONES
727 2615 907 2657 Fesulas
922 2615 1003 2657 has
1018 2616 1373 2670 elegantissimas
1389 2618 1512 2671 Opus
1527 2618 1708 2672 quidem
1729 2631 1914 2661 aureum

125 2681 170 2720 et
183 2678 362 2732 penitus
381 2679 591 2721 Diuinum
619 2680 740 2733 quod
765 2681 1108 2735 castigatissime
1133 2683 1360 2736 impressit
1385 2685 1505 2726 omni
1539 2686 1716 2727 solertia
1739 2687 1913 2728 PLATO

123 2742 180 2784 de
213 2743 459 2786 Benedictis
491 2746 785 2788 Bononiensis
822 2748 871 2788 In
904 2747 1021 2789 alma
1052 2748 1240 2791 Ciuitate
1274 2750 1545 2793 BONONIAE.
1582 2754 1710 2793 Anno
1747 2752 1912 2793 Salutis

121 2808 556 2853 MCCCCLXXXXIIJ.
575 2810 752 2853 Decimo
780 2811 908 2853 tertio
928 2812 1167 2855 Kallendas
1188 2816 1431 2868 Augustas.
1463 2833 1479 2852 »

987 3035 1043 3080 40

170 3168 254 3208 Sur
263 3166 304 3209 le
317 3178 489 3221 voyage
503 3164 528 3207 a
545 3167 680 3209 Rome
696 3166 750 3208 de
764 3168 784 3208 J
791 3167 872 3242 .,de
887 3167 1080 3219 Medicis,
1099 3171 1142 3210 et
1155 3169 1287 3211 suria
1302 3169 1524 3221 reception
1539 3171 1614 3224 qui
1629 3171 1690 3212 lui
1706 3172 1770 3214 fut
1786 3173 1903 3216 saite.

493 3281 648 3320 Petrus
668 3278 903 3333 Delphinus
932 3282 1112 3323 Guz‘loni
1128 3283 1269 3334 priori
1287 3284 1556 3336 [inqelorum.

173 3386 190 3406 ι
213 3369 463 3411 Persuadeo
483 3369 590 3411 mihi
608 3381 699 3413 non
718 3371 877 3415 deesse
897 3373 1040 3424 isthic,
1074 3373 1149 3426 qui
1170 3374 1507 3428 diligentissime
1528 3376 1605 3416 tibi
1628 3376 1906 3426 renuncient‚

116 3447 231 3488 quae
251 3435 306 3478 de
325 3435 394 3478 die
414 3435 460 3477 in
481 3435 599 3478 diem
616 3437 729 3492 circa
754 3449 838 3481 nos
868 3442 1096 3493 gerantur.
1137 3441 1200 3482 Ex
1232 3452 1323 3494 quo
1357 3442 1473 3483 enim
1500 3442 1716 3484 Florentia
1738 3442 1904 3495 profect
