2262 3958
147 290 302 334 [suavior
319 287 412 331 149⁰]
588 284 759 322 RERUM
791 284 1098 323 URBANARUM
1131 283 1484 323 COMMENTARII.
1865 289 1932 326 391

146 393 508 458 interpretante,
530 390 643 455 quia
658 389 875 453 linguam
894 389 1092 438 latinam
1111 392 1157 437 et
1174 388 1382 437 italicam
1401 404 1497 438 non
1516 388 1746 438 habebat.
1771 391 1936 438 Heral-

145 477 236 526 dus
255 475 429 524 deinde
446 475 584 539 petiit
600 490 746 523 unam
768 474 969 538 gratiam
993 473 1341 537 expectativam
1361 489 1449 537 pro
1470 473 1687 522 Mattheo
1700 473 1800 521 filio
1822 464 1928 533 suo,

143 575 289 624 quam
309 558 526 623 pontifex
547 559 636 607 sibi
658 558 868 623 gratiose
887 557 1100 605 adduxit.
1130 557 1206 605 Sic
1238 573 1266 605 a
1293 557 1524 620 pontifice
1547 556 1840 606 recessimus
1863 563 1930 614 et,

142 643 256 708 quia
273 643 439 692 literas
452 642 665 691 habebat
683 640 989 704 imperatoris
1013 643 1060 687 et
1081 639 1207 703 regis
1230 639 1288 687 ad
1312 639 1570 703 collegium
1592 640 1927 699 cardinalium,

143 727 402 792 episcopus
426 724 745 776 Tornacensis
776 722 940 772 retulit
965 722 1166 771 heraldo
1189 722 1248 771 de
1271 723 1498 770 mandato
1522 725 1606 771 SS.
1635 726 1692 771 D.
1720 726 1775 772 N.
1799 724 1930 787 quod

143 810 221 860 die
248 808 437 860 veneris
468 808 615 857 futuri
637 810 766 856 esset
795 805 1136 855 consistorium
1159 804 1220 853 ad
1248 804 1380 867 quod
1401 805 1639 853 Sanctitas
1663 822 1749 854 sua
1768 807 1931 855 venire

143 910 241 943 non
251 891 496 943 velletnisi
509 895 766 957 postquam
786 890 890 954 ipse
911 889 1140 938 heraldus
1158 887 1401 952 predictas
1418 887 1584 937 literas
1604 889 1810 953 collegio
1827 906 1932 938 car-

142 976 374 1027 dinalium
397 977 742 1041 presentasset,
769 977 817 1022 et
834 972 1082 1037 acollegio
1107 972 1246 1020 litere
1269 971 1372 1036 ipse
1392 972 1518 1020 lecte
1539 976 1720 1021 essent.
1747 973 1932 1022 Obtulit

140 1076 335 1127 quoque
351 1059 550 1110 heraldo
571 1074 818 1108 cameram
840 1058 889 1105 in
909 1056 1086 1122 palatio
1110 1060 1156 1105 et
1179 1071 1436 1120 expensaS,
1465 1073 1552 1121 pro
1581 1072 1677 1120 quo
1698 1057 1927 1107 heraldus

143 1146 228 1195 SS.
258 1147 316 1195 D.
346 1146 404 1192 N.
442 1147 490 1192 et
530 1142 597 1191 ibi
629 1158 707 1190 me
736 1141 952 1201 dicente,
985 1140 1161 1206 gratias
1193 1140 1307 1204 egit,
1343 1141 1511 1190 dicens
1544 1157 1594 1190 se
1627 1141 1755 1207 apud
1792 1142 1926 1190 Illus.

142 1227 479 1279 marchionem
515 1226 790 1276 Badensem
832 1225 957 1274 bene
994 1225 1293 1289 hospitatum
1342 1247 1350 1276 :
1390 1227 1458 1277 sic
1507 1229 1706 1277 domum
1745 1228 1928 1277 reversi

143 1327 330 1362 sumus.
355 1310 593 1360 Heraldus
613 1310 742 1359 venit
768 1310 828 1358 ad
852 1309 1031 1358 Urbem
1054 1326 1166 1359 cum
1188 1327 1284 1360 uno
1303 1312 1482 1360 famulo
1509 1316 1753 1375 equestre.

206 1381 346 1447 Feria
369 1398 558 1460 quarta,
591 1397 650 1443 13
682 1393 797 1442 dicti
827 1394 1008 1442 mensis
1038 1388 1348 1459 januariisD.
1382 1396 1620 1445 Henricus
1647 1399 1814 1461 Meyer
1841 1397 1927 1444 SS.

143 1484 198 1531 D.
238 1483 296 1531 N.
332 1479 676 1539 cubicularius,
713 1478 911 1528 nomine
949 1480 1224 1528 Sanctitatis
1268 1497 1372 1542 sue,
1398 1480 1693 1546 presentavit
1712 1480 1930 1545 predicto

141 1563 340 1613 heraldo
361 1562 411 1610 in
440 1562 586 1611 domo
614 1564 671 1610 D.
702 1561 868 1610 Jacobi
893 1562 1187 1611 marchionis
1218 1564 1422 1628 predicti
1455 1580 1598 1612 unam
1625 1564 1811 1612 buttam
1838 1562 1931 1611 vini

141 1646 333 1708 corsici,
366 1646 538 1696 decem
568 1646 715 1694 rubra
744 1646 915 1710 spelte,
947 1663 1093 1695 unum
1122 1647 1323 1696 vitulum
1353 1664 1437 1697 sex
1465 1649 1539 1698 vel
1571 1652 1759 1713 septem
1793 1628 1932 1696 menss

141 1731 285 1792 sium,
314 1730 480 1796 viginti
501 1746 764 1794 cappones,
787 1730 951 1794 viginti
975 1730 1070 1778 duo
1089 1731 1328 1795 pipioneS,
1355 1737 1563 1796 quatuor
1585 1732 1797 1792 fasanOS,
1821 1736 1931 1780 octo

138 1815 380 1880 pernices»,
404 1818 611 1878 quatuor
632 1813 845 1878 leporeS,
871 1830 955 1862 sex
983 1815 1243 1875 intorticia,
1271 1816 1392 1865 duos
1418 1817 1677 1865 fasciculos
1705 1816 1932 1865 candela-

140 1915 264 1958 rum,
285 1898 478 1948 circiter
495 1897 726 1947 librarum
756 1913 840 1946 sex
871 1902 918 1947 et
945 1903 1155 1962 quatuor
1176 1900 1403 1948 scattulas
1433 1901 1811 1961 confectionum,
1837 1917 1931 1964 que

140 1983 304 2033 omnia
317 1982 579 2032 familiares
602 1982 767 2046 palatii
794 1987 1123 2047 portaverunt.
1158 1984 1336 2034 Vinum
1365 1989 1413 2033 et
1446 1985 1600 2049 spelta
1626 1984 1930 2049 descriptain

141 2066 278 2131 equis
289 2071 338 2116 et
349 2066 567 2116 caruccis
579 2069 831 2131 apportata
843 2071 954 2114 sunt
967 2083 995 2114 a
1016 2067 1334 2116 familiaribus
1349 2069 1578 2132 predictis
1587 2108 1597 2128 ,
1614 2069 1789 2133 quibus
1801 2068 1932 2116 dedit

139 2151 368 2200 heraldus
389 2167 541 2200 unum
567 2151 796 2201 ducatum
823 2152 908 2201 sed
929 2152 1062 2201 nullo
1086 2158 1229 2217 pacto
1252 2153 1387 2200 illum
1411 2152 1627 2216 recipere
1655 2152 1926 2200 voluerunt.

206 2235 348 2285 Feria
361 2239 512 2296 sexta,
537 2240 593 2286 15
606 2236 721 2284 dicti
739 2236 922 2286 mensis
935 2237 1161 2301 januarii,
1180 2236 1428 2300 predictus
1443 2236 1691 2296 heraldus,
1713 2241 1928 2295 vocatus,

139 2320 331 2370 intravit
353 2321 413 2369 ad
443 2320 786 2370 consistorium
815 2325 1058 2370 secretum
1086 2326 1134 2370 et
1159 2337 1269 2370 cum
1298 2336 1356 2370 eo
1378 2320 1625 2385 predictus
1648 2320 1865 2369 marchio
1885 2325 1933 2368 et

141 2422 255 2456 cum
272 2422 332 2456 eo
359 2422 470 2471 ego.
506 2409 558 2455 In
589 2406 881 2456 consistorio
910 2406 1126 2471 pontifex
1154 2406 1355 2455 sedebat
1390 2411 1439 2454 et
1466 2405 1734 2454 cardinales
1763 2405 1929 2453 ordine

140 2494 392 2540 consueto,
439 2493 586 2540 Facta
616 2491 852 2556 pontifici,
901 2494 1034 2539 extra
1071 2489 1240 2539 sedilia
1276 2489 1610 2547 cardinalium,
1643 2487 1927 2547 reverentia,

140 2573 340 2624 minime
379 2578 509 2624 retro
549 2575 836 2636 cardinales,
885 2574 1125 2640 processit
1172 2590 1326 2638 usque
1377 2574 1437 2622 ad
1481 2572 1930 2622 vicecancellarium

142 2674 314 2710 eorum
362 2659 592 2724 priorem,
636 2659 714 2708 cui
753 2659 981 2708 heraldus
1023 2659 1318 2724 presentavit
1363 2658 1530 2706 literas
1575 2655 1853 2721 imperiales
1886 2658 1932 2703 et

142 2743 356 2809 regales;
398 2747 512 2793 tunc
547 2743 840 2793 recessimus
877 2748 924 2792 et
956 2760 1105 2807 usque
1145 2743 1272 2791 inter
1299 2742 1475 2791 ostium
1505 2746 1553 2790 et
1577 2740 1745 2789 sedilia
1773 2739 1930 2787 cardi-

143 2827 328 2877 nalium
362 2827 540 2876 reversi
579 2843 764 2886 sumus,
800 2827 880 2876 ubi
921 2828 982 2876 ad
1028 2827 1311 2892 pontificem
1351 2842 1516 2874 versus
1553 2823 1926 2890 genufleximus.

145 2911 587 2963 vicecancellarius
605 2911 792 2976 accepit
810 2911 973 2960 literas
999 2916 1047 2960 et
1068 2927 1150 2959 eas
1177 2911 1308 2960 dedit
1336 2910 1653 2974 Neapolitano
1679 2906 1931 2971 legendas,

149 2995 490 3061 Neapolitanus
510 3012 549 3044 s.
580 2996 747 3055 Marci,
774 2999 821 3044 et
851 2995 919 3044 sic
947 3011 1034 3060 per
1063 2994 1284 3043 ordinem
1319 2995 1429 3043 date
1458 2998 1571 3042 sunt
1594 3006 1847 3056 quousque
1876 2990 1937 3038 ad

148 3096 320 3128 manus
343 3080 596 3141 Senensis;
618 3080 717 3145 qui,
743 3084 889 3145 caput
910 3083 957 3128 et
978 3079 1109 3143 prior
1133 3079 1450 3128 diaconorum
1471 3076 1806 3136 cardinalium,
1832 3075 1935 3122 illas

147 3163 313 3212 literas
351 3163 555 3228 aperuit,
589 3166 637 3211 et
669 3168 901 3228 cooperto
940 3163 1096 3228 capite
1132 3163 1306 3211 sedens
1339 3162 1473 3226 legit,
1517 3158 1656 3208 nobis
1706 3156 1936 3205 continuo

150 3262 304 3310 usque
326 3246 387 3294 ad
406 3246 553 3295 finem
573 3246 759 3296 lecture
782 3247 1235 3312 genuflectentibus.

216 3330 373 3379 Lectis
389 3330 558 3391 literis,
579 3333 664 3379 SS.
690 3333 747 3379 D.
772 3333 829 3380 N.
849 3331 988 3380 nobis
1006 3331 1122 3379 dixit
1141 3329 1272 3394 quod
1293 3344 1439 3394 super
1456 3327 1754 3377 continentia
1773 3326 1938 3375 litera-

152 3431 259 3464 rum
277 3430 389 3464 cum
409 3414 639 3464 fratribus
664 3415 761 3464 suis
789 3415 1111 3464 cardinalibus
1135 3414 1488 3463 deliberaturus
1510 3415 1640 3461 esset
1662 3414 1708 3460 et
1730 3426 1938 3474 respon-
