2262 3958
170 283 390 325 [Avri11487]
504 324 508 327 .
611 279 780 317 RERUM
814 278 1119 315 URBANARUM
1153 277 1503 316 COMMENTARII.
1880 277 1951 311 255

165 385 421 435 nardinum
453 420 595 430 .......
631 399 766 431 more
791 382 951 441 solito,
977 386 1120 446 prout
1142 381 1190 429 in
1212 380 1453 430 ordinario
1474 396 1484 439 3
1509 379 1834 428 interfuerunt
1855 378 1950 426 duo

165 467 436 519 cardinales
457 471 666 526 tantum,
702 466 924 515 videlicet
956 465 1015 514 de
1046 465 1248 514 Sabellis
1274 468 1322 514 et
1349 463 1599 523 Columna,
1636 467 1685 512 et
1708 462 1802 510 duo
1831 461 1954 526 epis-

167 552 294 618 copi,
324 551 550 601 videlicet
580 550 845 600 Aleriensis
878 553 925 598 et
958 548 1225 597 Auriensis.
1261 550 1320 596 D.
1359 548 1474 597 Cola
1502 547 1786 606 Caietanus,
1814 544 1954 593 miles

166 636 336 694 laicuS‚
366 639 415 684 et
442 638 499 684 D.
534 632 955 698 turchopelleriuS,
987 631 1125 680 miles
1157 631 1310 680 sancti
1343 630 1578 680 Johannis
1609 628 1955 695 Hierosolymi-

170 720 289 780 tani,
314 719 653 785 imposuerunt
681 714 921 766 calcearia
947 729 1068 761 novo
1092 714 1249 773 militi,
1276 713 1354 761 cui
1385 716 1512 778 Papa
1531 717 1639 778 post
1660 712 1956 761 creationem

173 804 365 854 donavit
392 802 581 867 insigne
617 805 730 850 ante
761 803 932 864 pectus
962 797 1257 861 portandum
1290 797 1464 845 valoris
1490 814 1547 845 xv
1577 797 1865 845 ducatorum
1885 795 1958 844 vel

174 887 302 936 circa
323 902 419 951 quo
447 884 537 933 sibi
566 881 793 947 imposito
819 881 1067 930 osculatus
1093 881 1268 945 pedem
1297 883 1444 945 Pape,
1476 880 1572 944 egit
1602 880 1689 928 sibi
1713 880 1890 944 gratias
1914 882 1961 927 et

175 969 394 1021 recessit.

241 1053 383 1103 Feria
413 1055 600 1116 quarta,
644 1053 704 1098 25
743 1049 924 1098 mensis
963 1049 1144 1114 aprilis,
1176 1050 1351 1098 festum
1387 1066 1425 1097 s.
1469 1048 1618 1097 Marci
1647 1046 1958 1112 evangeliste,

175 1140 304 1188 bono
332 1151 495 1196 mane,
531 1134 661 1183 circa
687 1134 861 1182 horam
887 1150 936 1194 x,
971 1136 1100 1198 Papa
1128 1133 1322 1181 indutus
1350 1133 1548 1192 amictU,
1588 1132 1714 1191 alba,
1745 1129 1958 1195 cingulo,

177 1220 378 1287 capucio
424 1219 533 1268 albo
577 1221 625 1266 et
674 1217 797 1266 stola
837 1218 944 1267 alba
995 1234 1106 1266 cum
1146 1217 1318 1282 perliS,
1363 1216 1615 1267 descendit
1663 1216 1723 1265 de
1764 1215 1958 1281 palatio,

178 1304 396 1356 ascendit
425 1302 623 1363 mulam,
660 1306 727 1362 et,
762 1301 1137 1367 precedentibus
1165 1318 1310 1350 cruce
1349 1309 1397 1350 et
1427 1301 1747 1350 cardinalibus
1771 1316 1827 1349 ac
1861 1299 1964 1349 aliis

178 1405 316 1440 more
348 1391 601 1448 consueto,
643 1387 868 1452 equitavit
903 1388 964 1436 ad
996 1404 1035 1436 S.
1066 1390 1302 1448 Marcum,
1339 1386 1420 1436 uhi
1458 1385 1710 1435 descendit
1743 1385 1802 1434 de
1835 1383 1968 1432 mula

182 1477 231 1524 et
252 1471 444 1522 intravit
472 1470 729 1521 ecclesiam
755 1476 801 1520 et
823 1475 933 1520 ante
963 1471 1113 1521 altare
1141 1470 1190 1519 in
1210 1469 1476 1520 faldistorio
1507 1469 1658 1519 oravit
1684 1481 1820 1518 more
1848 1483 1966 1517 con-

184 1561 339 1607 sueto.
390 1554 608 1606 Surrexit
649 1559 697 1604 et
735 1555 954 1620 deposita
993 1556 1081 1605 sibi
1121 1555 1245 1604 stola
1281 1555 1391 1604 alba
1431 1558 1478 1604 et
1518 1553 1738 1620 capucio,
1778 1551 1968 1616 accepit

183 1640 359 1690 stolam
374 1639 576 1688 rubeam
598 1642 646 1687 et
659 1638 865 1703 pluviale
881 1639 1085 1689 rubeum
1100 1639 1366 1704 pretiosum
1388 1655 1444 1688 ac
1463 1638 1656 1687 mitram
1672 1653 1783 1687 cum
1801 1635 1964 1702 perlis,

187 1721 448 1774 Procubuit
483 1721 661 1770 iterum
705 1738 850 1787 super
884 1723 1230 1785 faldistorium,
1270 1729 1318 1773 et
1357 1727 1580 1773 cantores
1619 1727 1748 1772 retro
1788 1724 1969 1785 Papam

187 1809 283 1857 duo
322 1804 566 1872 genuflexi
601 1821 767 1854 coram
816 1823 867 1855 se
908 1824 1055 1872 super
1096 1807 1308 1857 scabello
1355 1808 1535 1857 ibidem
1576 1810 1744 1872 parato
1795 1805 1970 1854 librum

182 1895 424 1951 tenenteS,
447 1888 735 1954 inceperunt
755 1890 972 1940 litaniam
993 1907 1137 1956 quam
1166 1896 1214 1941 et
1234 1892 1442 1941 breviter
1462 1892 1804 1941 continuarunt
1821 1906 1971 1955 usque

185 1976 246 2026 ad
265 1975 436 2033 finem,
453 1973 560 2023 aliis
575 1974 855 2024 cantoribus
874 1976 1005 2025 circa
1026 1976 1324 2026 credentiam
1346 1992 1431 2026 seu
1453 1981 1589 2026 extra
1600 1992 1751 2026 cornu
1769 1975 1971 2040 epistole

184 2059 384 2110 alterius
423 2058 587 2109 altaris
629 2060 898 2124 genuflexis
935 2060 1027 2109 illis
1073 2061 1499 2126 respondentibuS,
1543 2077 1678 2111 more
1716 2064 1969 2110 consueto.

186 2149 334 2211 Papa,
378 2144 431 2192 in
471 2141 711 2208 principio
757 2143 906 2194 litane
951 2144 1196 2210 deposuit,
1239 2149 1402 2210 preter
1442 2161 1604 2194 meam
1656 2144 1970 2205 voluntatem,

186 2230 399 2289 mitram,
423 2232 472 2277 et
499 2227 567 2276 sic
595 2243 684 2292 per
715 2232 867 2278 totam
896 2229 1112 2278 litaniam
1148 2228 1433 2293 permansit,
1470 2229 1584 2277 licet
1611 2243 1781 2278 omnes
1810 2229 1975 2278 litanie

188 2313 295 2363 fieri
317 2316 674 2362 consueverunt
692 2328 803 2361 cum
831 2314 989 2362 mitra.
1018 2314 1176 2363 Finita
1200 2314 1382 2375 litania,
1416 2314 1623 2363 surrexit
1645 2318 1778 2380 Papa·
1795 2319 1843 2364 et
1862 2314 1976 2364 fecit

187 2396 547 2448 confessionem
595 2413 730 2446 more
784 2398 943 2447 solit0.
998 2398 1230 2447 Ascendit
1278 2398 1338 2446 ad
1387 2398 1562 2447 solium
1607 2402 1655 2447 et
1706 2398 1976 2448 cardinales

188 2486 427 2533 venerunt
457 2481 517 2530 ad
555 2482 892 2531 reverentiam.
932 2484 1062 2548 Papa
1090 2481 1320 2547 imposuit
1356 2482 1630 2532 incensum.
1672 2486 1978 2547 incensatum

191 2567 277 2616 fuit
298 2566 447 2616 altare
479 2568 529 2614 et
559 2569 690 2631 Papa
718 2581 854 2615 more
893 2571 1144 2616 consueto.
1184 2568 1258 2615 Ad
1290 2568 1540 2616 dexteram
1573 2570 1702 2632 Pape
1743 2571 1980 2617 steterunt

192 2649 409 2715 episcopi
426 2652 475 2699 et
495 2665 609 2714 pars
629 2648 1027 2714 presbyterorum
1054 2649 1393 2710 cardinalium3
1425 2649 1517 2698 alia
1539 2666 1651 2715 pars
1675 2650 1980 2716 presbytero-

194 2751 301 2784 rum
321 2733 616 2784 continuavit
637 2734 696 2782 ab
719 2732 812 2782 alia
831 2749 978 2782 manu
1000 2737 1146 2799 Pape,
1168 2733 1386 2783 diaconis
1406 2733 1731 2783 cardinalibus
1755 2734 1802 2783 in
1825 2734 1980 2799 capite

195 2819 321 2868 illius
340 2816 485 2867 banci
505 2817 566 2866 ad
599 2816 844 2865 sinistram
866 2818 1123 2866 stantibuS.
1146 2818 1350 2867 Auditor
1366 2818 1425 2867 de
1444 2817 1604 2879 mitra,
1627 2818 1914 2868 secretarius
1936 2822 1982 2867 et

195 2900 518 2952 cubicularius
541 2900 716 2950 secreti
750 2904 984 2950 steterunt
1010 2917 1095 2951 seu
1124 2902 1355 2951 sederunt
1378 2902 1427 2950 in
1455 2902 1630 2967 angulo
1661 2902 1788 2952 inter
1809 2902 1982 2951 solium

198 2989 324 3051 Pape
344 2988 393 3034 et
410 2983 620 3034 bancum
641 2984 962 3034 diaconorum
977 2985 1295 3035 cardinalium
1309 2986 1359 3035 in
1374 2991 1505 3036 terra
1514 2987 1673 3052 positi.
1691 2986 1982 3036 Subdiaconi

198 3074 325 3136 Pape
375 3070 602 3120 sederunt
649 3069 698 3119 in
735 3068 904 3120 infimo
949 3070 1099 3135 gradu
1133 3070 1239 3119 solii
1277 3073 1423 3135 Pape,
1471 3087 1615 3120 renes
1656 3073 1784 3135 Pape
1819 3086 1983 3120 versus

196 3155 346 3204 altare
367 3154 515 3204 facies
534 3158 798 3204 vertentes.
824 3154 1083 3204 Auditores
1103 3154 1265 3204 clerici
1293 3170 1506 3215 camere,
1537 3154 1766 3220 acolythi,
1791 3153 1987 3203 cubicu-

195 3238 302 3289 larii
320 3243 368 3288 et
389 3238 635 3288 secretarii
657 3239 888 3289 sederunt
915 3239 965 3287 in
994 3244 1124 3289 terra
1154 3239 1231 3288 siti
1257 3239 1352 3288 hoc
1377 3238 1524 3288 modo
1554 3255 1564 3287 :
1595 3238 1744 3287 facies
1776 3242 1824 3287 et
1842 3254 1987 3288 unam

197 3339 396 3373 manum
416 3323 571 3382 altari,
596 3322 739 3372 aliam
770 3326 898 3390 Pape
926 3326 1188 3383 vertenteS,
1222 3323 1420 3372 dimisso
1448 3323 1601 3374 libero
1631 3323 1835 3374 transitu
1862 3323 1991 3373 inter

202 3406 351 3456 altare
391 3410 438 3456 et
472 3408 669 3470 Papam.
709 3406 885 3456 Prelati
929 3407 1162 3457 sederunt
1204 3408 1251 3456 i11
1292 3407 1458 3457 baucis
1503 3412 1613 3473 post
1655 3409 1805 3460 finem
1848 3407 1988 3457 banci
