2262 3958
167 309 390 354 [Avril1489]
609 307 778 345 RERUM
811 306 1117 344 URBANARUM
1149 305 1499 343 COMMENTARH.
1881 308 1946 344 351

160 428 356 463 camera
379 411 615 476 papagalli
651 426 791 459 more·
822 410 963 459 solito
999 408 1424 474 processionaliter
1452 408 1576 456 venit
1606 408 1665 455 ad
1696 407 1945 456 basilicam

163 513 204 547 s.
238 494 364 546 Petri
391 496 481 544 sub
511 495 820 554 baldachino,
857 494 1071 543 officium
1104 497 1403 558 peracturus.
1444 493 1630 555 Aquam
1664 479 1951 539 ministravit

161 579 316 645 primo
358 573 556 644 quidam
598 594 750 643 nepos
791 578 914 626 Rmi.
953 581 1010 626 D.
1054 576 1310 626 cardinalis
1349 575 1675 645 Neapolitani;
1715 575 1945 634 secundo,

165 666 326 712 orator
355 666 677 723 Venetorum;
712 661 871 720 tertio,
908 665 1072 708 orator
1102 660 1230 725 regis
1269 659 1522 723 Hispanie3
1559 663 1748 723 quarto,
1780 661 1837 707 D.
1870 661 1953 707 Jo-

165 747 354 796 hannes
390 745 824 810 Fuschsmagensis
871 748 1036 794 orator
1076 744 1357 808 imperialis.
1405 743 1712 807 Evangelium
1749 743 1952 791 latinum

167 830 284 879 dixit
318 834 485 879 Rmus.
519 833 577 879 D.
620 829 876 880 cardinalis
909 829 967 876 de
1000 831 1130 876 Fuxo
1169 832 1214 876 et
1246 827 1501 891 epistolam
1532 829 1588 875 D.
1627 827 1951 891 Hieronymus

167 914 476 980 CalagranuS,
501 930 646 978 quam
678 913 727 961 in
758 908 906 977 greco
936 911 1052 960 dixit
1077 914 1132 960 D.
1172 910 1443 960 Demetrius
1481 914 1528 958 et
1561 910 1863 973 evangelium
1891 913 1948 958 D.

166 998 490 1064 Hieronymus
509 1000 699 1047 Scottus
721 997 904 1046 electus
934 995 1198 1045 Suanensis
1226 995 1307 1060 qui
1326 999 1588 1058 antequam
1607 993 1798 1041 Munda
1821 993 1953 1042 dice-

164 1085 256 1142 ret,
278 1081 456 1146 pedem
477 1097 574 1130 non
597 1097 726 1145 genu
745 1084 891 1145 pape,
916 1097 994 1130 me
1014 1081 1286 1140 ordinante,
1303 1080 1550 1129 osculatus
1567 1082 1639 1127 est
1660 1094 1723 1127 ex
1745 1093 1803 1126 eo
1825 1077 1954 1141 quod

163 1179 262 1214 non
302 1168 407 1214 erat
441 1169 768 1214 consecratuS.
803 1166 950 1212 Facta
981 1164 1247 1213 elevatione
1288 1162 1596 1222 sacramenti,
1631 1162 1689 1210 de
1723 1161 1952 1210 mandato

163 1248 407 1314 pontificis
427 1249 584 1298 vultus
607 1253 803 1297 sanctus
831 1252 1055 1297 ostensus
1081 1251 1228 1296 estut
1258 1247 1465 1312 populus
1494 1246 1677 1295 facilius
1705 1245 1767 1293 ad
1791 1245 1955 1294 locum

166 1333 520 1383 benedictionis
541 1333 652 1382 ivet.
678 1337 807 1398 Papa
831 1332 1205 1382 communicavit
1236 1335 1471 1395 quotquot
1503 1331 1565 1379 ad
1591 1347 1702 1379 eum
1730 1345 1955 1378 accesse-

166 1423 276 1467 runt
295 1417 492 1467 nemine
513 1418 799 1483 postposito,
830 1417 975 1466 etiam
1005 1420 1106 1466 DD.
1136 1416 1368 1466 Jacobum
1398 1415 1648 1474 Crouffral,
1675 1414 1953 1463 Cornelium

169 1505 218 1551 et
233 1492 508 1551 Joh‘annem
536 1502 705 1562 Aable,
731 1502 991 1551 familiares
1022 1518 1176 1551 meos,
1213 1504 1328 1550 Post
1354 1501 1571 1559 missam,
1606 1501 1736 1563 Papa
1761 1514 1958 1563 proces-

171 1585 419 1636 sionaliter
454 1590 670 1650 portatus
685 1590 758 1635 est
778 1587 838 1634 ad
858 1586 1018 1635 locum
1047 1585 1398 1635 benedictionis
1434 1600 1522 1649 per
1542 1583 1762 1632 ultimam
1781 1598 1954 1631 navem

169 1669 251 1719 uhi
270 1669 385 1719 vidit
404 1670 588 1719 vultum
609 1670 802 1719 Domini
824 1669 871 1718 in
889 1670 999 1719 loco
1022 1670 1162 1718 solito
1190 1686 1199 1718 :
1222 1668 1353 1717 dedit
1374 1667 1765 1717 benedictionem
1782 1666 1957 1715 solem-

166 1769 280 1803 nem
311 1753 492 1818 populo
530 1754 580 1802 in
619 1754 955 1818 copiosissimo
1001 1758 1049 1803 et
1090 1754 1301 1802 maximo
1345 1768 1550 1801 numero
1596 1751 1771 1800 astanti
1811 1766 1956 1814 quam

166 1851 381 1900 unquam
405 1841 624 1902 tempore
656 1837 900 1901 pontificis
930 1838 1077 1902 hujus
1109 1837 1261 1886 nostri
1292 1836 1561 1885 Innocentii
1590 1835 1798 1884 affuerit.
1833 1837 1955 1883 Gem

167 1920 321 1970 sultan
343 1921 490 1970 frater
508 1920 671 1985 Magni
704 1921 843 1970 Turci
879 1921 1007 1970 stetit
1039 1921 1090 1968 in
1124 1920 1349 1969 fenestris
1381 1919 1622 1968 lobiarum
1648 1917 1955 1982 superiorum

165 2020 312 2070 supra
350 1992 541 2070 portam
582 2005 900 2070 principalem
946 2005 1169 2054 introitus
1205 2004 1368 2069 palatii
1404 2009 1453 2052 ut
1493 2009 1540 2052 et
1579 2003 1682 2067 ipse
1723 2001 1955 2066 populum

164 2087 346 2136 videret
368 2091 415 2137 et
447 2089 554 2152 ejus
590 2088 898 2137 devotionem
933 2105 1050 2153 erga
1085 2088 1263 2137 Christi
1303 2087 1530 2137 vicarium
1557 2091 1798 2136 cerneret.
1838 2089 1959 2134 Data

166 2172 506 2223 benedictione
543 2189 632 2237 per
669 2174 953 2238 pontificem
997 2173 1163 2222 RRmi.
1202 2176 1299 2221 DD.
1333 2189 1372 2220 s.
1404 2171 1596 2235 Georgii
1637 2171 1687 2219 in
1719 2171 1869 2219 latino
1908 2174 1956 2218 et

165 2255 400 2305 Columna
419 2257 609 2306 diaconi
630 2257 900 2306 cardinales
918 2258 967 2305 in
989 2257 1172 2322 vulgari
1194 2256 1578 2321 pronunciarunt
1598 2255 1780 2319 populo
1801 2253 1961 2302 indul·

160 2339 348 2403 gentias
365 2341 608 2405 plenarias
625 2357 714 2406 per
735 2345 915 2406 Papam
943 2358 1220 2391 concessas.
1257 2345 1423 2390 RmuS.
1446 2343 1502 2388 D.
1528 2338 1953 2389 vicecancellarius

157 2421 272 2471 fecit
287 2422 338 2471 in
356 2423 523 2484 missa,
553 2429 602 2474 et
621 2425 852 2490 pontifice
872 2441 923 2473 se
946 2430 1167 2489 parante,
1192 2425 1409 2473 officium
1434 2423 1725 2472 assistentis.

224 2507 423 2556 Interim
457 2508 572 2557 dum
605 2512 653 2557 et
688 2509 830 2558 tertia
867 2509 1125 2570 diceretur,
1167 2510 1226 2559 de
1253 2509 1482 2558 mandato
1520 2510 1605 2557 SS.
1648 2510 1704 2555 D.
1741 2508 1798 2555 N.
1843 2505 1953 2556 dedi

157 2590 321 2640 locum
341 2591 468 2641 inter
494 2592 776 2642 assistentes
799 2597 896 2641 RR.
924 2596 1025 2642 DD.
1052 2594 1417 2659 archiepiscopo
1445 2591 1709 2642 Cusentino
1735 2597 1784 2640 et
1811 2594 1867 2640 N.
1892 2592 1951 2640 de

160 2674 335 2739 Birago
355 2677 689 2740 protonotario
712 2678 996 2742 apostolico.
1019 2679 1125 2728 Alia
1146 2678 1311 2728 omnia
1328 2694 1464 2727 more
1488 2677 1629 2726 solito
1651 2680 1762 2726 sunt
1781 2676 1952 2726 obser-

160 2762 284 2807 vata.
311 2761 432 2808 Cum
453 2760 656 2824 prefatio
683 2761 994 2826 inciperetur,
1027 2764 1193 2812 RRmi.
1222 2766 1324 2812 DD.
1362 2763 1421 2812 de
1458 2762 1641 2811 Ursinis
1671 2761 1718 2808 in
1748 2761 1949 2826 epistole

161 2845 210 2891 et
229 2842 464 2891 Ascanius
491 2843 682 2893 diaconi
710 2846 978 2895 cardinales
1010 2848 1060 2896 in
1093 2848 1327 2912 evangelii
1354 2847 1582 2896 cornibus
1610 2846 1770 2894 altaris
1805 2845 1952 2893 assis-

161 2929 324 2974 terunt
343 2925 434 2975 sibi
466 2926 672 2976 invicem
705 2927 853 2978 facies
885 2935 1146 2992 vertenteS,
1172 2931 1294 2980 duos
1326 2932 1433 2980 illos
1467 2932 1667 2996 angelos
1696 2946 1956 2995 represen-

163 3013 341 3059 tantes.
371 3011 723 3075 Supersuverunt
746 3012 910 3077 plures
931 3014 1090 3064 hostie
1116 3021 1401 3064 consecrate
1424 3032 1544 3080 quas
1567 3032 1713 3080 super
1734 3015 1883 3063 altare
1906 3014 1955 3062 in

161 3093 312 3142 calice
334 3093 624 3144 dimisimus.
650 3099 780 3161 Papa
798 3097 927 3146 venit
948 3114 1057 3147 cum
1079 3099 1222 3163 pallio
1254 3099 1314 3148 ad
1333 3100 1496 3148 locum
1525 3097 1879 3148 benedictionis
1903 3102 1951 3146 et

160 3177 280 3226 tiara
300 3194 443 3241 quam
466 3179 612 3229 etiam
634 3181 694 3230 de
716 3197 910 3232 camera
931 3183 1202 3247 paramenti
1222 3184 1429 3248 portavit
1453 3184 1512 3232 ad
1534 3183 1814 3232 ecclesiam.

224 3264 363 3312 Feria
382 3267 522 3314 tertia
543 3267 748 3327 Pasche,
774 3271 828 3316 21
859 3267 1039 3332 aprilis,
1072 3270 1236 3315 Rmus.
1266 3270 1323 3315 D.
1349 3267 1604 3315 cardinalis
1624 3283 1664 3314 s.
1686 3265 1950 3315 Clementis

159 3347 635 3400 celebravitmissam
669 3353 939 3402 solemnem
971 3353 1022 3401 in
1052 3353 1238 3418 capella
1269 3352 1503 3417 predicta,
1543 3355 1671 3416 Papa
1699 3355 1946 3416 presente,

162 3431 382 3482 similiter
401 3450 512 3482 cum
535 3451 632 3485 una
651 3437 868 3487 oratione
891 3441 940 3487 et
960 3437 1065 3486 aliis
1089 3437 1378 3486 ceremoniis
1400 3436 1665 3486 consuetis.
1694 3440 1860 3486 Rmus.
1889 3439 1946 3485 D.
