2262 3958
347 332 417 367 392
951 328 1183 365 JOHANNIS
1217 327 1510 375 BURCHARDL
1851 330 2003 372 [Janvier
2020 311 2114 375 '14903

351 449 456 500 sum
474 432 669 481 daturus
697 449 705 479 :
726 436 836 479 tuuc
859 429 1121 505 exivimus.x
1139 430 1295 478 Litere
1319 429 1606 479 eadem‘fere
1630 432 1940 482 continebant
1961 448 2054 496 que
2071 428 2125 482 ct}

349 517 439 564 alie
462 508 675 580 predicto
699 517 781 563 SS.
810 517 864 562 D.
889 516 945 561 N.
969 516 1261 576 presentate.

416 598 683 655 Dominica,
717 601 770 644 17
813 596 926 644 dicti
953 595 1133 643 mensis
1155 596 1380 658 januarii,
1411 596 1587 644 festum
1625 613 1663 645 s.
1703 598 1851 658 Pauli,
1882 602 1937 647 R.
1972 602 2024 647 P.
2058 601 2116 647 D.

349 682 593 728 Johannes
627 680 880 743 episcopus
910 679 1228 727 Tornacensis
1257 681 1341 727 SS.
1379 682 1435 726 D.
1476 682 1532 727 N.
1573 680 1805 743 magister
1841 682 2029 740 domus,
2061 697 2121 730 ex

353 763 692 811 commissione
728 763 811 810 SS.
851 765 904 810 D.
945 764 1000 809 N.
1042 761 1232 810 donavit
1270 762 1470 810 heraldo
1506 762 1723 826 predicto
1759 779 1904 811 unam
1935 768 2120 813 vestem

351 849 545 910 longam
575 862 725 909 usque
756 846 816 893 ad
847 850 1042 903 terram,
1072 844 1146 892 vel
1174 845 1325 907 quasi,
1357 860 1414 893 ex
1450 845 1648 894 brucato
1678 861 1824 894 aureo
1853 846 2123 895 cremesino

351 931 554 995 pellibus
585 935 904 979 martorarum
941 927 1180 976 suffultam
1220 944 1230 975 :
1262 927 1510 976 dicebatur
1535 929 1716 978 habere
1745 945 1922 977 cannas
1949 944 2126 978 novem

353 1029 504 1062 canne
539 1013 712 1061 valoris
753 1013 1035 1061 ducatorum
1067 1026 1177 1068 xxx,
1218 1015 1264 1059 et
1294 1028 1380 1075 pro
1416 1012 1668 1060 suffultura
1701 1012 1898 1060 ducatos
1925 1027 1983 1060 Lx
2014 1022 2124 1081 esse

353 1096 620 1160 expositos3
653 1095 738 1144 sed
766 1111 863 1143 non
894 1094 1037 1142 credo
1060 1108 1170 1140 cum
1200 1096 1255 1141 D.
1291 1095 1615 1143 Bernardinus
1644 1094 1880 1142 Gambara
1910 1098 2122 1143 secretus

353 1173 671 1221 cubicularius
693 1172 811 1219 mihi
833 1173 1015 1221 diceret
1042 1191 1128 1239 pro
1152 1180 1284 1224 veste
1317 1177 1420 1240 ipsa
1448 1182 1494 1226 et
1525 1178 1627 1241 ejus
1660 1177 1951 1225 suhductura
1979 1176 2123 1225 duca-

353 1262 426 1304 tos
460 1273 486 1304 c
519 1273 624 1304 esse
657 1271 921 1318 expensos3
956 1273 1047 1320 qua
1078 1264 1210 1308 veste
1247 1260 1375 1307 idem
1411 1260 1638 1308 heraldus
1671 1260 1895 1308 adstatim
1928 1260 2121 1308 indutus

353 1345 492 1388 estet
520 1340 565 1386 in
587 1355 660 1398 ea,
686 1339 731 1385 in
760 1339 960 1386 basilica
987 1357 1023 1387 s.
1054 1342 1200 1400 Petri,
1231 1343 1427 1390 missam
1456 1342 1650 1391 audivit.
1682 1343 1879 1392 Vultum
1904 1347 2122 1391 sanctum

353 1422 562 1481 Domini,
597 1423 674 1485 qui
706 1422 929 1469 omnibus
960 1424 1149 1486 publice
1190 1426 1408 1472 ostensus
1440 1429 1529 1483 est,
1564 1424 1696 1483 vidit,
1730 1423 1903 1472 deinde
1928 1423 2124 1472 domum

354 1505 578 1569 equitavit
601 1510 648 1553 et
675 1521 702 1552 a
722 1506 1003 1554 marchione
1022 1507 1238 1569 predicto
1260 1507 1433 1555 iterum
1451 1512 1497 1555 et
1518 1523 1596 1555 me
1618 1507 1882 1555 associatus
1900 1511 1990 1555 est.

373 1648 380 1652 q
418 1589 557 1636 Feria
580 1589 738 1648 tertia,
778 1593 833 1636 19
866 1589 979 1637 dicti
1004 1589 1184 1637 mensis
1209 1590 1434 1654 januarii,
1462 1589 1707 1653 predictus
1733 1589 1961 1637 heraldus
1991 1589 2124 1653 equi-

354 1673 467 1721 tavit
508 1673 756 1736 Neapolim
797 1689 905 1720 cum
945 1673 1095 1721 literis
1129 1674 1432 1737 imperatoris
1463 1678 1510 1721 et
1545 1673 1675 1736 regis
1713 1675 2037 1721 Romanorum
2070 1687 2126 1721 ac

355 1757 539 1805 Alberti
561 1757 694 1804 ducis
718 1757 933 1815 Bavarie,
958 1757 1017 1804 ad
1038 1771 1206 1818 regem
1228 1755 1611 1817 Neapolitanum.
1637 1755 1753 1801 Cum
1775 1769 1832 1801 eo
1855 1753 2126 1816 equitarunt

359 1842 415 1887 D.
441 1839 665 1887 Nicolaus
689 1839 975 1887 Barchensis
1005 1844 1051 1887 et
1079 1839 1171 1885 duo
1200 1838 1279 1885 alii
1306 1837 1621 1885 ecclesiastici
1649 1841 1696 1885 et
1713 1836 1961 1884 familiaris
1978 1852 2121 1894 suus;

354 1923 469 1971 item
496 1927 541 1971 et
568 1927 663 1970 tres
686 1922 917 1970 balistarii
936 1923 995 1971 de
1017 1922 1235 1969 custodia
1257 1923 1341 1969 SS.
1371 1924 1427 1968 D.
1456 1923 1512 1968 N.
1541 1935 1689 1983 usque
1712 1919 1772 1966 ad
1798 1919 2122 1968 Terracinam.

355 2005 653 2052 Presentavit
690 2004 853 2051 literas
889 2004 989 2066 regi
1024 2003 1355 2066 Neapolitano,
1392 2019 1541 2066 aquo
1570 2003 1759 2067 penitus
1789 2002 1909 2050 nihil
1936 2002 2122 2063 habuit,

356 2103 513 2149 neque
535 2087 715 2134 bonum
737 2086 954 2134 verbum.
980 2086 1138 2134 Rediit
1163 2086 1222 2134 ad
1239 2087 1415 2134 Urbem
1432 2102 1490 2134 ex
1512 2085 1727 2149 Neapoli,
1754 2088 1780 2132 2
1800 2085 1877 2133 die
1897 2084 2123 2133 februarii

356 2170 403 2216 in
435 2185 562 2217 sero.
595 2169 765 2217 Literis
800 2169 1104 2232 imperatoris
1142 2170 1210 2217 sic
1241 2169 1616 2232 suprascriptum
1655 2172 1758 2216 erat
1789 2184 1798 2215 :
1834 2168 2126 2215 serenissimo

346 2252 553 2315 principi
571 2251 873 2299 Ferdinando
893 2253 995 2315 reqi
1008 2251 1167 2299 Sicilie
1185 2252 1331 2317 fratri
1350 2260 1505 2300 nostro
1526 2251 1763 2299 carissimo
1776 2269 1797 2310 ,·
1810 2250 1982 2299 litteris
2000 2250 2127 2314 regis

356 2339 681 2383 Romanorum
716 2336 1092 2398 suprascriptum
1127 2339 1228 2383 erat
1262 2335 1540 2398 hujusmodi
1574 2350 1583 2381 :
1611 2334 1902 2381 serenissimo
1919 2333 2129 2396 princzffl
2156 2358 2160 2361 ·

354 2418 656 2466 Ferdinando
694 2420 796 2482 reyi
831 2420 991 2466 Sicilie
1021 2427 1066 2466 et
1091 2417 1393 2465 Hierusalem
1435 2416 1782 2479 eonscmyuineo
1821 2423 1866 2462 et
1896 2416 2128 2480 confratri

356 2508 511 2547 nostro
533 2502 788 2548 carissimo.
815 2502 973 2549 Litere
990 2501 1122 2548 ducis
1143 2500 1326 2547 Alberti
1347 2515 1396 2546 se
1423 2498 1786 2546 intitulabantur
1809 2513 1824 2553 ε,
1842 2497 1978 2546 Illus.
1994 2497 2127 2560 prin-

356 2582 446 2644 cipi
462 2582 763 2629 Ferdinando
781 2583 884 2646 reqi
901 2582 1214 2645 Neapolitano
1235 2581 1420 2628 domino
1442 2589 1488 2628 et
1506 2581 1653 2628 amieo
1673 2580 1934 2628 carissimo.
1965 2580 2123 2628 Litere

357 2664 572 2727 predicte
594 2669 691 2711 tres
715 2665 831 2711 mihi
855 2665 963 2712 date
985 2665 1174 2713 fuerunt
1194 2679 1280 2727 per
1301 2666 1357 2710 D.
1384 2664 1729 2727 Hieronymum
1751 2662 2014 2710 Balbanum
2032 2663 2122 2711 SS.

358 2751 414 2795 D.
458 2751 513 2796 N.
555 2764 676 2812 pape
707 2749 1017 2796 secretarium
1054 2747 1380 2810 consignande
1420 2747 1635 2807 heraldo,
1687 2762 1773 2809 per
1823 2746 1980 2810 ipsum
2021 2745 2124 2809 regi

357 2832 670 2895 Neapolitano
698 2832 956 2880 deferende
982 2836 1029 2880 et
1055 2830 1375 2895 presentande
1409 2846 1418 2877 z
1449 2830 1595 2892 ligate
1622 2833 1784 2877 autem
1817 2832 1952 2877 erant
1982 2828 2125 2877 simul

358 2915 405 2961 in
440 2931 535 2963 una
576 2915 762 2975 charta,
806 2932 898 2978 que
931 2915 1205 2978 hujusmodi
1240 2913 1643 2977 subscriptionem
1683 2910 1891 2959 habebat
1923 2927 1933 2958 :
1968 2910 2126 2962 Litere

357 2998 640 3045 serenissimi
673 2998 963 3060 imperatoris
994 3007 1040 3045 et
1067 3000 1191 3062 reglis
1220 3000 1562 3059 Romanorum,
1594 3017 1648 3048 ae
1674 2999 1810 3048 Illus.
1842 3000 1907 3047 D.
1943 2998 2128 3046 Albertz·

358 3080 487 3127 ducis
519 3079 746 3139 Saxonie,
783 3082 866 3144 qui
897 3082 1036 3128 liabet
1059 3082 1213 3145 filiam
1239 3083 1532 3146 imperatoris
1565 3083 1613 3130 in
1641 3099 1854 3142 uxorem,
1889 3082 1953 3130 ad
1974 3097 2125 3145 reqem

358 3163 725 3226 Neapolitanum
746 3162 997 3227 deferende
1006 3181 1096 3227 per
1119 3165 1364 3212 heraldum
1386 3165 1703 3227 Imperatoris.

427 3245 634 3293 Sabbato
659 3248 718 3293 23
751 3245 863 3294 dicti
895 3247 1074 3294 mensis
1098 3248 1305 3312 januarii
1334 3249 1382 3294 in
1408 3263 1567 3305 mane,
1597 3248 1684 3295 fuit
1712 3248 1990 3296 convocatio
2021 3262 2125 3294 om-

362 3328 494 3374 nium
522 3328 835 3376 cardinalium
861 3329 910 3376 in
940 3330 1116 3392 palatio
1150 3330 1429 3394 apostolico,
1467 3346 1575 3377 cum
1607 3332 1688 3378 SS.
1724 3334 1780 3378 D.
1818 3332 1895 3388 N.,
1936 3334 1982 3377 et
2012 3329 2125 3391 ipsis

362 3411 606 3460 notificata
639 3428 727 3476 per
769 3413 1082 3461 Sanctitatem
1117 3429 1250 3460 suam
1296 3412 1554 3460 concordia
1581 3429 1668 3475 per
1704 3428 1871 3475 regem
1899 3409 2123 3472 Hispania
