2262 3958
185 301 402 345 [Aout1484]
631 297 801 334 RERUM
836 296 1143 334 URBANARUM
1176 294 1532 333 COMMENTARII.
1934 301 1981 337 65

183 401 483 451 mentionem
506 398 685 447 faciant
707 415 818 446 cum
846 398 1038 446 illorum
1062 399 1121 446 de
1143 398 1291 447 verbo
1320 399 1380 446 ad
1406 400 1607 447 verbum
1634 399 1898 449 insertione
1922 418 1977 449 ac

183 485 350 551 regula
379 484 444 534 de
459 483 691 532 idiomate
725 499 812 547 per
845 499 935 531 nos
966 483 1128 531 forsan
1162 483 1384 531 facienda
1408 500 1554 547 quam
1586 484 1733 533 etiam
1772 485 1833 533 ad
1859 502 1976 534 con-

184 570 404 621 clavistas
422 568 754 632 infrascriptos
774 568 996 616 volumus
1017 584 1115 616 non
1138 567 1333 616 extendi
1360 587 1368 616 :
1396 569 1522 617 etita
1538 585 1626 634 per
1643 586 1974 635 quoscumque

177 655 385 720 judiceS,
445 653 716 712 auditores,
773 650 981 724 judicari
1037 651 1241 711 debere,
1294 652 1614 703 decernentes
1670 654 1858 704 irritum
1918 672 1973 704 ac

184 739 609 790 constitutionibus
629 743 676 787 et
701 735 1081 786 ordinationibus
1103 736 1402 800 apostolicis,
1422 739 1738 788 ecclesiarum
1761 741 1970 801 statutis,

179 826 491 890 juramento,
534 821 772 871 roboratis
829 819 1100 891 ceterisque
1148 822 1403 871 contrariis
1447 823 1833 889 quibuscumque
1877 842 1974 874 non

183 909 483 960 obstantibus
516 923 626 957 cum
656 905 880 954 clausulis
909 906 1210 970 opportunis.

249 994 395 1052 Item,
431 995 567 1040 motu
602 994 649 1039 et
682 990 886 1038 scientia
925 989 1187 1056 similibus,
1229 990 1392 1039 omnia
1433 995 1480 1039 et
1516 991 1705 1057 singula
1737 992 1977 1042 beneficia

183 1075 516 1127 ecclesiastica
549 1090 659 1124 cum
694 1091 810 1124 cura
848 1078 895 1123 et
932 1074 1034 1123 sine
1064 1091 1198 1135 cura,
1231 1075 1377 1124 etiam
1400 1075 1439 1124 si
1458 1077 1768 1128 canonicatus
1791 1085 1839 1128 et
1865 1098 1977 1146 pre—

192 1160 351 1210 bende
395 1159 514 1220 sint,
563 1159 846 1224 dignitates,
884 1163 1172 1224 personatus
1217 1160 1662 1211 administrationes
1704 1166 1751 1211 et
1790 1163 1976 1224 officia,

183 1244 520 1310 prestimonia,
546 1243 938 1309 prestimoniales
966 1244 1231 1309 portiones,
1270 1245 1521 1295 servitoria
1544 1246 1592 1294 in
1622 1248 1978 1296 cathedralibus

187 1330 335 1379 etiam
366 1328 867 1394 metropolitanisvel
909 1328 1177 1393 collegiatis
1208 1330 1452 1390 ecclesiiS,
1494 1336 1540 1379 et
1580 1331 1839 1396 dignitates
1874 1333 1977 1398 ipse

183 1413 233 1462 in
263 1414 449 1463 eisdem
491 1412 848 1463 cathedralibus
897 1413 1042 1462 etiam
1073 1414 1491 1479 metropolitanis,
1528 1420 1637 1480 post
1672 1416 1976 1480 pontificales

180 1498 409 1564 majores,
435 1514 520 1547 seu
543 1497 810 1562 collegiatis
833 1498 1053 1546 ecclesiis
1081 1498 1376 1563 hujusmodi,
1408 1500 1718 1564 principales,
1750 1505 1974 1550 accurate

183 1587 232 1631 et
253 1581 453 1631 elective
476 1598 565 1647 per
585 1581 769 1631 obitum
791 1582 1137 1646 cujuscumque
1160 1583 1209 1631 in
1237 1599 1438 1632 romana
1459 1585 1592 1632 curia
1607 1582 1683 1632 vel
1705 1588 1838 1633 extra
1867 1601 1974 1634 eam

179 1681 308 1715 nunc
329 1666 547 1715 vacantia
564 1670 612 1715 et
633 1670 874 1724 vacatura,
899 1669 946 1714 et
967 1682 1059 1730 que
1082 1681 1170 1730 per
1180 1667 1539 1731 promotionem
1562 1683 1974 1733 quarumcumque

180 1766 499 1816 personarum
536 1750 595 1799 ad
626 1749 929 1798 cathedrales
988 1750 1134 1798 etiam
1170 1751 1567 1815 metropolitanas
1608 1752 1840 1801 ecclesias
1871 1768 1978 1817 pas-

180 1838 343 1885 torum
377 1834 559 1884 solatiis
591 1835 843 1883 destitutas
872 1839 1043 1883 vacent
1080 1839 1160 1883 aut
1195 1851 1361 1884 vacare
1391 1836 1632 1900 ceperint,
1671 1841 1718 1885 et
1752 1841 1975 1901 speretur

178 1936 267 1986 per
294 1919 689 1985 procurationem
725 1919 1022 1985 hujusmodi,
1052 1923 1134 1968 aut
1164 1919 1416 1968 electionis
1445 1921 1867 1970 confirmationem
1895 1925 1976 1969 aut

183 2005 402 2056 muneris
425 2004 807 2054 consecrationis
827 2004 1185 2071 impensionem
1213 2009 1293 2054 aut
1311 2005 1501 2070 lapsum
1522 2005 1773 2070 temporis,
1812 2009 1858 2053 et
1883 2020 1974 2069 que

177 2090 410 2155 deinceps
448 2089 508 2139 ad
541 2089 908 2139 coronationem
945 2093 1162 2138 nostram
1213 2090 1449 2138 vacabunt
1495 2105 1814 2153 reservamuS,
1858 2089 1972 2137 soli-s

178 2172 484 2224 conclavistis
538 2173 859 2233 conferenda',
912 2173 1107 2223 cuilibet
1152 2173 1200 2221 in
1242 2190 1327 2223 sua
1364 2173 1634 2238 provincia,
1679 2173 1858 2221 diecesi
1898 2172 1971 2221 vel

176 2257 429 2318 idiomate,
467 2261 548 2306 aut
581 2258 668 2306 sub
702 2256 875 2307 eodem
908 2257 1125 2322 principe
1159 2258 1231 2306 vel
1269 2257 1483 2306 dominio
1525 2256 1803 2316 constituta,
1845 2256 1970 2303 inhi-

174 2341 345 2390 bentes
371 2357 428 2390 ac
461 2341 782 2390 decernentes
823 2342 967 2390 etiam
1006 2340 1286 2390 intentionis
1326 2345 1490 2389 nostre
1536 2356 1643 2390 esse
1683 2339 1799 2388 nulli
1833 2340 1970 2388 alteri

173 2425 234 2474 de
254 2423 532 2491 hujusmodi
553 2424 806 2475 beneficiis
829 2425 947 2475 velle
976 2425 1246 2491 providere,
1277 2425 1579 2475 declarantes
1607 2441 1717 2474 cum
1745 2425 1970 2474 clausulis

170 2509 418 2574 predictiS‚
443 2513 491 2558 et
512 2509 616 2559 aliis
638 2510 939 2576 opportunis.

202 2648 205 2651 ,
239 2592 476 2645 Volumus
499 2593 714 2660 insuper,
740 2599 787 2644 et
808 2599 941 2644 motu
964 2595 1126 2656 simili,
1157 2595 1511 2645 venerabilibus
1539 2594 1765 2644 fratribus
1792 2593 1970 2644 nostris

173 2695 212 2727 s.
245 2693 284 2726 r.
316 2680 370 2728 E.
401 2676 799 2728 vicecancellario
835 2679 1174 2728 cancellariam
1207 2679 1525 2743 apostolicam
1565 2679 1770 2743 regenti,
1807 2693 1968 2727 secre—

171 2761 303 2811 tariis
344 2762 521 2811 nostris
565 2764 612 2810 et
648 2760 836 2809 dilectis
875 2760 986 2809 filiis
1029 2761 1444 2821 rescribendario,
1488 2762 1837 2826 'computatori,
1880 2762 1966 2809 de-

170 2843 346 2909 putatis
382 2847 431 2893 et
457 2844 562 2892 aliis
590 2844 971 2910 quibuscumque
1005 2845 1294 2895 officialibus
1330 2845 1508 2895 nostris
1540 2845 1685 2895 etiam
1715 2845 1962 2894 literarum

169 2927 546 2993 apostolicarum
585 2927 975 2977 sollicitatoribus
1009 2933 1056 2978 et
1090 2945 1289 2978 romane
1328 2930 1459 2979 curie
1493 2928 1692 2979 notariis
1723 2945 1809 2993 pro
1844 2932 1962 2975 tem-

169 3026 286 3075 pore
340 3009 656 3059 existentibus
709 3011 796 3058 sub
851 3011 1315 3061 excomunicationis
1368 3013 1463 3062 late
1523 3013 1760 3063 sententie
1806 3029 1958 3077 pena,

171 3097 406 3157 quatenus
441 3109 611 3144 omnes
651 3100 699 3144 et
734 3095 946 3160 singulas
979 3095 1143 3145 literas
1183 3097 1472 3161 apostolicas
1505 3114 1650 3162 super
1679 3095 1962 3160 preinsertis

171 3175 530 3238 donationibuS,
579 3180 1003 3240 reservationibUS,
1051 3180 1233 3245 gratiis,
1266 3181 1704 3246 dispensationibus
1736 3179 1881 3227 etiam
1903 3181 1961 3228 ad

171 3261 265 3310 duo
286 3261 360 3310 vel
380 3262 471 3310 tria
490 3262 869 3329 incompatibilia
889 3265 1147 3324 beneficia,
1172 3269 1251 3312 aut
1274 3266 1486 3322 tertium,
1511 3280 1567 3311 ac
1595 3263 1837 3327 quibusvis
1857 3264 1961 3313 aliis

171 3345 590 3410 impetrationibus
622 3351 669 3396 et
702 3348 891 3413 gratiis,
929 3349 1132 3414 gratiam
1161 3347 1234 3395 vel
1265 3348 1499 3412 justitiam
1534 3348 1958 3408 concernentibus,

174 3446 230 3479 ac
264 3428 590 3495 provisionem
619 3432 932 3481 cardinalium
967 3437 1015 3481 et
1047 3431 1527 3496 metropolitanarum
1563 3430 1880 3481 ecclesiarum
1914 3438 1962 3482 et

358 3537 390 3562 τ.
419 3537 428 3561 1
1739 3529 1763 3564 5
