<?xml version="1.0" encoding="UTF-8"?>
<!DOCTYPE html PUBLIC "-//W3C//DTD XHTML 1.0 Transitional//EN"
    "http://www.w3.org/TR/xhtml1/DTD/xhtml1-transitional.dtd">
<html xmlns="http://www.w3.org/1999/xhtml" xml:lang="en" lang="en">
 <head>
  <title>
</title>
<meta http-equiv="Content-Type" content="text/html;charset=utf-8" />
  <meta name='ocr-system' content='tesseract 3.04.00' />
  <meta name='ocr-capabilities' content='ocr_page ocr_carea ocr_par ocr_line ocrx_word'/>
</head>
<body>
  <div class='ocr_page' id='page_1' title='image "./diariumsivererum01burcuoft_0382.png"; bbox 0 0 2262 3958; ppageno 0'>
   <div class='ocr_carea' id='block_1_1' title="bbox 307 328 2076 378">
    <p class='ocr_par' dir='ltr' id='par_1_1' title="bbox 307 328 2076 378">
     <span class='ocr_line' id='line_1_1' title="bbox 307 328 2076 378; baseline -0.001 -9"><span class='ocrx_word' id='word_1_1' title='bbox 307 335 377 370; x_wconf 79' lang='lat'>372</span> <span class='ocrx_word' id='word_1_2' title='bbox 912 329 1144 365; x_wconf 83' lang='lat' dir='ltr'><strong>JOHANNIS</strong></span> <span class='ocrx_word' id='word_1_3' title='bbox 1178 328 1472 375; x_wconf 85' lang='lat' dir='ltr'>BURCHARDI,</span> <span class='ocrx_word' id='word_1_4' title='bbox 1664 366 1669 374; x_wconf 61' lang='grc'><em>,</em></span> <span class='ocrx_word' id='word_1_5' title='bbox 1754 335 1962 376; x_wconf 68' lang='lat' dir='ltr'>[Novemhre</span> <span class='ocrx_word' id='word_1_6' title='bbox 1986 337 2076 378; x_wconf 76' lang='lat'>1489]</span> 
     </span>
    </p>
   </div>
   <div class='ocr_carea' id='block_1_2' title="bbox 302 431 2101 3488">
    <p class='ocr_par' dir='ltr' id='par_1_2' title="bbox 302 431 2076 1244">
     <span class='ocr_line' id='line_1_2' title="bbox 373 431 2073 497; baseline 0.002 -14"><span class='ocrx_word' id='word_1_7' title='bbox 373 434 554 497; x_wconf 84' lang='lat' dir='ltr'>Eodem</span> <span class='ocrx_word' id='word_1_8' title='bbox 590 448 715 490; x_wconf 91' lang='lat' dir='ltr'>sero,</span> <span class='ocrx_word' id='word_1_9' title='bbox 749 431 876 479; x_wconf 87' lang='lat' dir='ltr'>circa</span> <span class='ocrx_word' id='word_1_10' title='bbox 911 431 1082 480; x_wconf 87' lang='lat' dir='ltr'>horam</span> <span class='ocrx_word' id='word_1_11' title='bbox 1111 448 1137 478; x_wconf 90' lang='lat' dir='ltr'>v</span> <span class='ocrx_word' id='word_1_12' title='bbox 1166 432 1238 479; x_wconf 90' lang='lat' dir='ltr'>vel</span> <span class='ocrx_word' id='word_1_13' title='bbox 1271 448 1314 479; x_wconf 84' lang='lat' dir='ltr'>Vl</span> <span class='ocrx_word' id='word_1_14' title='bbox 1352 432 1525 491; x_wconf 90' lang='lat' dir='ltr'>noctis,</span> <span class='ocrx_word' id='word_1_15' title='bbox 1565 433 1631 480; x_wconf 91' lang='lat' dir='ltr'>vir</span> <span class='ocrx_word' id='word_1_16' title='bbox 1666 437 1724 483; x_wconf 93' lang='lat' dir='ltr'>D.</span> <span class='ocrx_word' id='word_1_17' title='bbox 1748 437 1992 486; x_wconf 87' lang='lat' dir='ltr'>Johanues</span> <span class='ocrx_word' id='word_1_18' title='bbox 2014 439 2073 487; x_wconf 90' lang='lat' dir='ltr'>de</span> 
     </span>
     <span class='ocr_line' id='line_1_3' title="bbox 304 514 2071 582; baseline 0.002 -17"><span class='ocrx_word' id='word_1_19' title='bbox 304 515 582 565; x_wconf 85' lang='lat' dir='ltr'>Aurethemi</span> <span class='ocrx_word' id='word_1_20' title='bbox 611 518 778 563; x_wconf 86' lang='lat' dir='ltr'>cantor</span> <span class='ocrx_word' id='word_1_21' title='bbox 808 514 1013 574; x_wconf 27' lang='lat' dir='ltr'>eccle-sie</span> <span class='ocrx_word' id='word_1_22' title='bbox 1042 531 1080 561; x_wconf 89' lang='lat' dir='ltr'>s.</span> <span class='ocrx_word' id='word_1_23' title='bbox 1107 514 1343 562; x_wconf 88' lang='lat' dir='ltr'>Florentis</span> <span class='ocrx_word' id='word_1_24' title='bbox 1364 515 1684 575; x_wconf 88' lang='lat' dir='ltr'>Asclacensis,</span> <span class='ocrx_word' id='word_1_25' title='bbox 1708 519 2071 582; x_wconf 87' lang='lat' dir='ltr'>Argentinensis</span> 
     </span>
     <span class='ocr_line' id='line_1_4' title="bbox 307 597 2073 665; baseline 0.002 -17"><span class='ocrx_word' id='word_1_26' title='bbox 307 600 527 658; x_wconf 83' lang='lat' dir='ltr'>diecesiS,</span> <span class='ocrx_word' id='word_1_27' title='bbox 546 597 784 646; x_wconf 90' lang='lat' dir='ltr'>audientie</span> <span class='ocrx_word' id='word_1_28' title='bbox 804 597 1051 645; x_wconf 89' lang='lat' dir='ltr'>literarum</span> <span class='ocrx_word' id='word_1_29' title='bbox 1073 597 1479 646; x_wconf 87' lang='lat' dir='ltr'>contradictarum</span> <span class='ocrx_word' id='word_1_30' title='bbox 1493 601 1549 646; x_wconf 91' lang='lat' dir='ltr'>D.</span> <span class='ocrx_word' id='word_1_31' title='bbox 1575 601 1630 647; x_wconf 92' lang='lat' dir='ltr'>N.</span> <span class='ocrx_word' id='word_1_32' title='bbox 1649 601 1774 664; x_wconf 91' lang='lat' dir='ltr'>Pape</span> <span class='ocrx_word' id='word_1_33' title='bbox 1789 607 2073 665; x_wconf 87' lang='lat' dir='ltr'>procurator</span> 
     </span>
     <span class='ocr_line' id='line_1_5' title="bbox 307 679 2074 746; baseline 0.003 -16"><span class='ocrx_word' id='word_1_34' title='bbox 307 687 354 731; x_wconf 88' lang='lat' dir='ltr'>et</span> <span class='ocrx_word' id='word_1_35' title='bbox 384 685 481 730; x_wconf 95' lang='lat' dir='ltr'><strong>DD.</strong></span> <span class='ocrx_word' id='word_1_36' title='bbox 514 680 951 746; x_wconf 86' lang='lat' dir='ltr'>protonotariorum</span> <span class='ocrx_word' id='word_1_37' title='bbox 972 679 1201 728; x_wconf 82' lang='lat' dir='ltr'>collector</span> <span class='ocrx_word' id='word_1_38' title='bbox 1220 684 1327 729; x_wconf 84' lang='lat' dir='ltr'>taxe</span> <span class='ocrx_word' id='word_1_39' title='bbox 1350 696 1516 729; x_wconf 87' lang='lat' dir='ltr'>eorum</span> <span class='ocrx_word' id='word_1_40' title='bbox 1533 681 1752 731; x_wconf 87' lang='lat' dir='ltr'>videlicet</span> <span class='ocrx_word' id='word_1_41' title='bbox 1776 686 1927 734; x_wconf 82' lang='lat' dir='ltr'>Rome</span> <span class='ocrx_word' id='word_1_42' title='bbox 1945 686 2074 735; x_wconf 91' lang='lat' dir='ltr'>diem</span> 
     </span>
     <span class='ocr_line' id='line_1_6' title="bbox 305 764 2075 829; baseline 0.003 -16"><span class='ocrx_word' id='word_1_43' title='bbox 305 766 476 814; x_wconf 89' lang='lat' dir='ltr'>clausit</span> <span class='ocrx_word' id='word_1_44' title='bbox 497 770 782 825; x_wconf 82' lang='lat' dir='ltr'>extremum,</span> <span class='ocrx_word' id='word_1_45' title='bbox 799 765 943 829; x_wconf 88' lang='lat' dir='ltr'>cujus</span> <span class='ocrx_word' id='word_1_46' title='bbox 966 764 1185 824; x_wconf 87' lang='lat' dir='ltr'>cadaver,</span> <span class='ocrx_word' id='word_1_47' title='bbox 1210 764 1286 813; x_wconf 91' lang='lat' dir='ltr'>die</span> <span class='ocrx_word' id='word_1_48' title='bbox 1303 765 1522 828; x_wconf 90' lang='lat' dir='ltr'>sequenti</span> <span class='ocrx_word' id='word_1_49' title='bbox 1545 765 1675 814; x_wconf 88' lang='lat' dir='ltr'>circa</span> <span class='ocrx_word' id='word_1_50' title='bbox 1693 766 1864 815; x_wconf 90' lang='lat' dir='ltr'>horam</span> <span class='ocrx_word' id='word_1_51' title='bbox 1881 784 1984 816; x_wconf 84' lang='lat' dir='ltr'>xxu</span> <span class='ocrx_word' id='word_1_52' title='bbox 2003 770 2075 818; x_wconf 89' lang='lat' dir='ltr'>vel</span> 
     </span>
     <span class='ocr_line' id='line_1_7' title="bbox 303 847 2076 913; baseline 0.002 -16"><span class='ocrx_word' id='word_1_53' title='bbox 303 849 447 908; x_wconf 84' lang='lat' dir='ltr'>circa,</span> <span class='ocrx_word' id='word_1_54' title='bbox 469 865 496 897; x_wconf 92' lang='lat' dir='ltr'>a</span> <span class='ocrx_word' id='word_1_55' title='bbox 517 849 659 897; x_wconf 89' lang='lat' dir='ltr'>domo</span> <span class='ocrx_word' id='word_1_56' title='bbox 681 864 766 897; x_wconf 90' lang='lat' dir='ltr'>sue</span> <span class='ocrx_word' id='word_1_57' title='bbox 787 847 1096 896; x_wconf 80' lang='lat' dir='ltr'>habitationis</span> <span class='ocrx_word' id='word_1_58' title='bbox 1121 863 1256 897; x_wconf 90' lang='lat' dir='ltr'>more</span> <span class='ocrx_word' id='word_1_59' title='bbox 1273 863 1472 897; x_wconf 91' lang='lat' dir='ltr'>romano</span> <span class='ocrx_word' id='word_1_60' title='bbox 1494 848 1718 897; x_wconf 85' lang='lat' dir='ltr'>vestitum</span> <span class='ocrx_word' id='word_1_61' title='bbox 1743 850 1930 913; x_wconf 88' lang='lat' dir='ltr'>publice</span> <span class='ocrx_word' id='word_1_62' title='bbox 1946 851 2076 901; x_wconf 89' lang='lat' dir='ltr'>dela-</span> 
     </span>
     <span class='ocr_line' id='line_1_8' title="bbox 303 930 2074 997; baseline 0.001 -18"><span class='ocrx_word' id='word_1_63' title='bbox 303 936 402 980; x_wconf 90' lang='lat' dir='ltr'>tum</span> <span class='ocrx_word' id='word_1_64' title='bbox 424 937 494 981; x_wconf 88' lang='lat' dir='ltr'>est</span> <span class='ocrx_word' id='word_1_65' title='bbox 522 933 582 980; x_wconf 93' lang='lat' dir='ltr'>ad</span> <span class='ocrx_word' id='word_1_66' title='bbox 603 931 838 996; x_wconf 88' lang='lat' dir='ltr'>hospitale</span> <span class='ocrx_word' id='word_1_67' title='bbox 859 931 1238 978; x_wconf 85' lang='lat' dir='ltr'>Alemannoruni</span> <span class='ocrx_word' id='word_1_68' title='bbox 1260 930 1397 994; x_wconf 90' lang='lat' dir='ltr'>cujus</span> <span class='ocrx_word' id='word_1_69' title='bbox 1423 935 1708 993; x_wconf 89' lang='lat' dir='ltr'>procurator</span> <span class='ocrx_word' id='word_1_70' title='bbox 1731 931 1826 980; x_wconf 86' lang='lat' dir='ltr'>sive</span> <span class='ocrx_word' id='word_1_71' title='bbox 1844 932 2074 997; x_wconf 88' lang='lat' dir='ltr'>magister</span> 
     </span>
     <span class='ocr_line' id='line_1_9' title="bbox 302 1013 2070 1079; baseline 0.001 -17"><span class='ocrx_word' id='word_1_72' title='bbox 302 1017 375 1064; x_wconf 89' lang='lat' dir='ltr'>vel</span> <span class='ocrx_word' id='word_1_73' title='bbox 393 1021 553 1065; x_wconf 86' lang='lat' dir='ltr'>rector</span> <span class='ocrx_word' id='word_1_74' title='bbox 574 1021 693 1076; x_wconf 88' lang='lat' dir='ltr'>erat,</span> <span class='ocrx_word' id='word_1_75' title='bbox 718 1017 776 1064; x_wconf 89' lang='lat' dir='ltr'>ab</span> <span class='ocrx_word' id='word_1_76' title='bbox 793 1015 895 1063; x_wconf 89' lang='lat' dir='ltr'>aliis</span> <span class='ocrx_word' id='word_1_77' title='bbox 926 1013 1317 1079; x_wconf 76' lang='lat' dir='ltr'>procuratoribus</span> <span class='ocrx_word' id='word_1_78' title='bbox 1346 1014 1751 1063; x_wconf 89' lang='lat' dir='ltr'>contradictarum</span> <span class='ocrx_word' id='word_1_79' title='bbox 1772 1019 1819 1064; x_wconf 90' lang='lat' dir='ltr'>et</span> <span class='ocrx_word' id='word_1_80' title='bbox 1841 1016 2070 1065; x_wconf 88' lang='lat' dir='ltr'>Aleman-</span> 
     </span>
     <span class='ocr_line' id='line_1_10' title="bbox 303 1097 2072 1163; baseline 0.001 -17"><span class='ocrx_word' id='word_1_81' title='bbox 303 1100 375 1147; x_wconf 90' lang='lat' dir='ltr'>nis</span> <span class='ocrx_word' id='word_1_82' title='bbox 404 1103 450 1148; x_wconf 89' lang='lat' dir='ltr'>et</span> <span class='ocrx_word' id='word_1_83' title='bbox 470 1100 727 1148; x_wconf 87' lang='lat' dir='ltr'>curialibus</span> <span class='ocrx_word' id='word_1_84' title='bbox 749 1098 1055 1156; x_wconf 81' lang='lat' dir='ltr'>associatum,</span> <span class='ocrx_word' id='word_1_85' title='bbox 1087 1097 1167 1144; x_wconf 92' lang='lat' dir='ltr'>ubi</span> <span class='ocrx_word' id='word_1_86' title='bbox 1195 1097 1244 1144; x_wconf 89' lang='lat' dir='ltr'>in</span> <span class='ocrx_word' id='word_1_87' title='bbox 1267 1097 1471 1146; x_wconf 90' lang='lat' dir='ltr'>ecclesia</span> <span class='ocrx_word' id='word_1_88' title='bbox 1506 1098 1631 1146; x_wconf 87' lang='lat' dir='ltr'>intra</span> <span class='ocrx_word' id='word_1_89' title='bbox 1657 1098 1832 1147; x_wconf 90' lang='lat' dir='ltr'>ostium</span> <span class='ocrx_word' id='word_1_90' title='bbox 1859 1099 2072 1163; x_wconf 89' lang='lat' dir='ltr'>sepultus</span> 
     </span>
     <span class='ocr_line' id='line_1_11' title="bbox 306 1180 937 1244; baseline 0 -17"><span class='ocrx_word' id='word_1_91' title='bbox 306 1185 379 1228; x_wconf 91' lang='lat' dir='ltr'>est</span> <span class='ocrx_word' id='word_1_92' title='bbox 403 1196 412 1227; x_wconf 88' lang='lat'>:</span> <span class='ocrx_word' id='word_1_93' title='bbox 440 1180 712 1243; x_wconf 86' lang='lat' dir='ltr'>requiescat</span> <span class='ocrx_word' id='word_1_94' title='bbox 732 1181 781 1228; x_wconf 89' lang='lat' dir='ltr'>in</span> <span class='ocrx_word' id='word_1_95' title='bbox 802 1197 937 1244; x_wconf 88' lang='lat' dir='ltr'>pace.</span> 
     </span>
    </p>

    <p class='ocr_par' dir='ltr' id='par_1_3' title="bbox 302 1262 2101 2569">
     <span class='ocr_line' id='line_1_12' title="bbox 369 1262 2072 1325; baseline 0.004 -16"><span class='ocrx_word' id='word_1_96' title='bbox 369 1262 506 1310; x_wconf 86' lang='lat' dir='ltr'>Feria</span> <span class='ocrx_word' id='word_1_97' title='bbox 527 1263 682 1323; x_wconf 88' lang='lat' dir='ltr'>tertia,</span> <span class='ocrx_word' id='word_1_98' title='bbox 725 1266 751 1311; x_wconf 88' lang='lat'><strong>3</strong></span> <span class='ocrx_word' id='word_1_99' title='bbox 782 1263 896 1312; x_wconf 91' lang='lat' dir='ltr'>dicti</span> <span class='ocrx_word' id='word_1_100' title='bbox 918 1263 1097 1312; x_wconf 80' lang='lat' dir='ltr'>mensis</span> <span class='ocrx_word' id='word_1_101' title='bbox 1119 1263 1409 1325; x_wconf 82' lang='lat' dir='ltr'>novembris,</span> <span class='ocrx_word' id='word_1_102' title='bbox 1436 1266 1833 1314; x_wconf 87' lang='lat' dir='ltr'>commemoratio</span> <span class='ocrx_word' id='word_1_103' title='bbox 1855 1265 2072 1316; x_wconf 91' lang='lat' dir='ltr'>omnium</span> 
     </span>
     <span class='ocr_line' id='line_1_13' title="bbox 303 1344 2073 1413; baseline 0.004 -21"><span class='ocrx_word' id='word_1_104' title='bbox 303 1344 517 1393; x_wconf 90' lang='lat' dir='ltr'>fidelium</span> <span class='ocrx_word' id='word_1_105' title='bbox 530 1345 884 1407; x_wconf 88' lang='lat' dir='ltr'>defunctorum,</span> <span class='ocrx_word' id='word_1_106' title='bbox 904 1349 988 1395; x_wconf 89' lang='lat' dir='ltr'><strong>SS.</strong></span> <span class='ocrx_word' id='word_1_107' title='bbox 1012 1349 1068 1394; x_wconf 93' lang='lat' dir='ltr'>D.</span> <span class='ocrx_word' id='word_1_108' title='bbox 1085 1349 1142 1394; x_wconf 94' lang='lat' dir='ltr'>N.</span> <span class='ocrx_word' id='word_1_109' title='bbox 1159 1351 1354 1410; x_wconf 85' lang='lat' dir='ltr'>paratus</span> <span class='ocrx_word' id='word_1_110' title='bbox 1368 1348 1562 1408; x_wconf 89' lang='lat' dir='ltr'>amictu,</span> <span class='ocrx_word' id='word_1_111' title='bbox 1581 1348 1705 1408; x_wconf 89' lang='lat' dir='ltr'>alba,</span> <span class='ocrx_word' id='word_1_112' title='bbox 1720 1349 1930 1413; x_wconf 89' lang='lat' dir='ltr'>cingulo,</span> <span class='ocrx_word' id='word_1_113' title='bbox 1950 1352 2073 1399; x_wconf 86' lang='lat' dir='ltr'>stola</span> 
     </span>
     <span class='ocr_line' id='line_1_14' title="bbox 304 1428 2101 1495; baseline 0.003 -19"><span class='ocrx_word' id='word_1_114' title='bbox 304 1428 517 1477; x_wconf 89' lang='lat' dir='ltr'>violacea</span> <span class='ocrx_word' id='word_1_115' title='bbox 543 1434 589 1477; x_wconf 92' lang='lat' dir='ltr'>et</span> <span class='ocrx_word' id='word_1_116' title='bbox 615 1429 807 1493; x_wconf 87' lang='lat' dir='ltr'>pluviali</span> <span class='ocrx_word' id='word_1_117' title='bbox 829 1430 980 1478; x_wconf 90' lang='lat' dir='ltr'>rubeo</span> <span class='ocrx_word' id='word_1_118' title='bbox 1012 1445 1066 1478; x_wconf 87' lang='lat' dir='ltr'>ac</span> <span class='ocrx_word' id='word_1_119' title='bbox 1087 1430 1229 1479; x_wconf 86' lang='lat' dir='ltr'>mitra</span> <span class='ocrx_word' id='word_1_120' title='bbox 1259 1430 1318 1479; x_wconf 92' lang='lat' dir='ltr'>de</span> <span class='ocrx_word' id='word_1_121' title='bbox 1350 1431 1495 1495; x_wconf 89' lang='lat' dir='ltr'>perlis</span> <span class='ocrx_word' id='word_1_122' title='bbox 1530 1431 1826 1495; x_wconf 89' lang='lat' dir='ltr'>simplicibus</span> <span class='ocrx_word' id='word_1_123' title='bbox 1853 1433 1986 1481; x_wconf 88' lang='lat' dir='ltr'>venit</span> <span class='ocrx_word' id='word_1_124' title='bbox 2013 1434 2074 1482; x_wconf 90' lang='lat' dir='ltr'>ad</span> <span class='ocrx_word' id='word_1_125' title='bbox 2099 1459 2101 1461; x_wconf 95' lang='lat'>·</span> 
     </span>
     <span class='ocr_line' id='line_1_15' title="bbox 307 1513 2068 1577; baseline 0.002 -17"><span class='ocrx_word' id='word_1_126' title='bbox 307 1513 538 1576; x_wconf 88' lang='lat' dir='ltr'>capellam</span> <span class='ocrx_word' id='word_1_127' title='bbox 554 1515 788 1577; x_wconf 71' lang='lat' dir='ltr'>maiorem</span> <span class='ocrx_word' id='word_1_128' title='bbox 805 1514 885 1562; x_wconf 88' lang='lat' dir='ltr'>ubi</span> <span class='ocrx_word' id='word_1_129' title='bbox 899 1514 1057 1563; x_wconf 88' lang='lat' dir='ltr'>officio</span> <span class='ocrx_word' id='word_1_130' title='bbox 1079 1514 1293 1563; x_wconf 87' lang='lat' dir='ltr'>interfuit</span> <span class='ocrx_word' id='word_1_131' title='bbox 1315 1531 1323 1562; x_wconf 91' lang='lat'>:</span> <span class='ocrx_word' id='word_1_132' title='bbox 1346 1515 1543 1563; x_wconf 91' lang='lat' dir='ltr'>missam</span> <span class='ocrx_word' id='word_1_133' title='bbox 1559 1515 1815 1564; x_wconf 85' lang='lat' dir='ltr'>celebravit</span> <span class='ocrx_word' id='word_1_134' title='bbox 1827 1519 1994 1564; x_wconf 89' lang='lat' dir='ltr'>Rmus.</span> <span class='ocrx_word' id='word_1_135' title='bbox 2011 1519 2068 1564; x_wconf 89' lang='lat' dir='ltr'>D.</span> 
     </span>
     <span class='ocr_line' id='line_1_16' title="bbox 305 1594 2074 1659; baseline 0.005 -19"><span class='ocrx_word' id='word_1_136' title='bbox 305 1594 557 1642; x_wconf 88' lang='lat' dir='ltr'>cardinalis</span> <span class='ocrx_word' id='word_1_137' title='bbox 582 1595 935 1653; x_wconf 85' lang='lat' dir='ltr'>Ulixbonensis,</span> <span class='ocrx_word' id='word_1_138' title='bbox 961 1599 1026 1654; x_wconf 92' lang='lat' dir='ltr'>et,</span> <span class='ocrx_word' id='word_1_139' title='bbox 1051 1595 1099 1642; x_wconf 92' lang='lat' dir='ltr'>in</span> <span class='ocrx_word' id='word_1_140' title='bbox 1121 1596 1377 1659; x_wconf 87' lang='lat' dir='ltr'>fine,Papa</span> <span class='ocrx_word' id='word_1_141' title='bbox 1397 1596 1616 1645; x_wconf 88' lang='lat' dir='ltr'>absolvit.</span> <span class='ocrx_word' id='word_1_142' title='bbox 1640 1600 1745 1646; x_wconf 94' lang='lat' dir='ltr'>Duo</span> <span class='ocrx_word' id='word_1_143' title='bbox 1765 1598 1953 1647; x_wconf 87' lang='lat' dir='ltr'>diaconi</span> <span class='ocrx_word' id='word_1_144' title='bbox 1974 1615 2074 1648; x_wconf 88' lang='lat' dir='ltr'>car-</span> 
     </span>
     <span class='ocr_line' id='line_1_17' title="bbox 305 1676 2068 1747; baseline 0.006 -25"><span class='ocrx_word' id='word_1_145' title='bbox 305 1676 488 1726; x_wconf 90' lang='lat' dir='ltr'>dinales</span> <span class='ocrx_word' id='word_1_146' title='bbox 517 1678 801 1727; x_wconf 83' lang='lat' dir='ltr'>adstiterunt</span> <span class='ocrx_word' id='word_1_147' title='bbox 830 1678 1047 1742; x_wconf 88' lang='lat' dir='ltr'>pontifici</span> <span class='ocrx_word' id='word_1_148' title='bbox 1073 1678 1122 1725; x_wconf 91' lang='lat' dir='ltr'>in</span> <span class='ocrx_word' id='word_1_149' title='bbox 1140 1679 1288 1727; x_wconf 89' lang='lat' dir='ltr'>missa</span> <span class='ocrx_word' id='word_1_150' title='bbox 1314 1683 1362 1728; x_wconf 89' lang='lat' dir='ltr'>et</span> <span class='ocrx_word' id='word_1_151' title='bbox 1381 1695 1478 1728; x_wconf 91' lang='lat' dir='ltr'>non</span> <span class='ocrx_word' id='word_1_152' title='bbox 1501 1681 1633 1744; x_wconf 83' lang='lat' dir='ltr'>prior</span> <span class='ocrx_word' id='word_1_153' title='bbox 1657 1683 2068 1747; x_wconf 82' lang='lat' dir='ltr'>presbyterorum,</span> 
     </span>
     <span class='ocr_line' id='line_1_18' title="bbox 305 1761 2071 1830; baseline 0.004 -23"><span class='ocrx_word' id='word_1_154' title='bbox 305 1761 415 1823; x_wconf 92' lang='lat' dir='ltr'>quia</span> <span class='ocrx_word' id='word_1_155' title='bbox 431 1761 499 1809; x_wconf 90' lang='lat' dir='ltr'>sic</span> <span class='ocrx_word' id='word_1_156' title='bbox 518 1761 635 1809; x_wconf 92' lang='lat' dir='ltr'>mihi</span> <span class='ocrx_word' id='word_1_157' title='bbox 660 1762 915 1810; x_wconf 87' lang='lat' dir='ltr'>convenire</span> <span class='ocrx_word' id='word_1_158' title='bbox 932 1761 1180 1809; x_wconf 89' lang='lat' dir='ltr'>videbatur</span> <span class='ocrx_word' id='word_1_159' title='bbox 1198 1777 1257 1810; x_wconf 88' lang='lat' dir='ltr'>ex</span> <span class='ocrx_word' id='word_1_160' title='bbox 1271 1778 1363 1825; x_wconf 91' lang='lat' dir='ltr'>quo</span> <span class='ocrx_word' id='word_1_161' title='bbox 1385 1763 1532 1811; x_wconf 87' lang='lat' dir='ltr'>altare</span> <span class='ocrx_word' id='word_1_162' title='bbox 1547 1780 1645 1811; x_wconf 91' lang='lat' dir='ltr'>non</span> <span class='ocrx_word' id='word_1_163' title='bbox 1661 1765 1821 1813; x_wconf 88' lang='lat' dir='ltr'>eratin</span> <span class='ocrx_word' id='word_1_164' title='bbox 1835 1766 2071 1830; x_wconf 89' lang='lat' dir='ltr'>principio</span> 
     </span>
     <span class='ocr_line' id='line_1_19' title="bbox 305 1844 2071 1910; baseline 0.003 -19"><span class='ocrx_word' id='word_1_165' title='bbox 305 1844 450 1892; x_wconf 88' lang='lat' dir='ltr'>misse</span> <span class='ocrx_word' id='word_1_166' title='bbox 469 1845 813 1893; x_wconf 81' lang='lat' dir='ltr'>incensandum</span> <span class='ocrx_word' id='word_1_167' title='bbox 829 1859 984 1907; x_wconf 90' lang='lat' dir='ltr'>neque</span> <span class='ocrx_word' id='word_1_168' title='bbox 1006 1844 1066 1891; x_wconf 89' lang='lat' dir='ltr'>ad</span> <span class='ocrx_word' id='word_1_169' title='bbox 1084 1844 1382 1908; x_wconf 88' lang='lat' dir='ltr'>evangelium</span> <span class='ocrx_word' id='word_1_170' title='bbox 1397 1846 1682 1910; x_wconf 86' lang='lat' dir='ltr'>parandum.</span> <span class='ocrx_word' id='word_1_171' title='bbox 1702 1848 1926 1896; x_wconf 88' lang='lat' dir='ltr'>Inservivi</span> <span class='ocrx_word' id='word_1_172' title='bbox 1943 1849 2071 1897; x_wconf 88' lang='lat' dir='ltr'>dicto</span> 
     </span>
     <span class='ocr_line' id='line_1_20' title="bbox 304 1927 2070 1994; baseline 0.003 -20"><span class='ocrx_word' id='word_1_173' title='bbox 304 1927 564 1976; x_wconf 85' lang='lat' dir='ltr'>offertorio.</span> <span class='ocrx_word' id='word_1_174' title='bbox 594 1928 854 1977; x_wconf 87' lang='lat' dir='ltr'>Cardinalis</span> <span class='ocrx_word' id='word_1_175' title='bbox 882 1927 1262 1975; x_wconf 89' lang='lat' dir='ltr'>Rechanatensis</span> <span class='ocrx_word' id='word_1_176' title='bbox 1285 1928 1466 1992; x_wconf 88' lang='lat' dir='ltr'>primus</span> <span class='ocrx_word' id='word_1_177' title='bbox 1490 1929 1615 1978; x_wconf 89' lang='lat' dir='ltr'>inter</span> <span class='ocrx_word' id='word_1_178' title='bbox 1634 1930 1942 1994; x_wconf 74' lang='lat' dir='ltr'>presbyteros</span> <span class='ocrx_word' id='word_1_179' title='bbox 1970 1948 2070 1980; x_wconf 87' lang='lat' dir='ltr'>car-</span> 
     </span>
     <span class='ocr_line' id='line_1_21' title="bbox 302 2009 2068 2074; baseline 0.003 -18"><span class='ocrx_word' id='word_1_180' title='bbox 302 2009 482 2057; x_wconf 88' lang='lat' dir='ltr'>dinales</span> <span class='ocrx_word' id='word_1_181' title='bbox 501 2010 783 2059; x_wconf 87' lang='lat' dir='ltr'>ministravit</span> <span class='ocrx_word' id='word_1_182' title='bbox 796 2014 922 2074; x_wconf 89' lang='lat' dir='ltr'>Pape</span> <span class='ocrx_word' id='word_1_183' title='bbox 942 2009 1207 2057; x_wconf 88' lang='lat' dir='ltr'>naviculam</span> <span class='ocrx_word' id='word_1_184' title='bbox 1224 2014 1271 2058; x_wconf 93' lang='lat' dir='ltr'>et</span> <span class='ocrx_word' id='word_1_185' title='bbox 1286 2010 1457 2061; x_wconf 91' lang='lat' dir='ltr'>deinde</span> <span class='ocrx_word' id='word_1_186' title='bbox 1476 2012 1622 2061; x_wconf 91' lang='lat' dir='ltr'>astitit</span> <span class='ocrx_word' id='word_1_187' title='bbox 1638 2013 1692 2062; x_wconf 89' lang='lat' dir='ltr'>in</span> <span class='ocrx_word' id='word_1_188' title='bbox 1706 2013 1814 2062; x_wconf 95' lang='lat' dir='ltr'>loco</span> <span class='ocrx_word' id='word_1_189' title='bbox 1837 2019 2068 2063; x_wconf 88' lang='lat' dir='ltr'>consueto</span> 
     </span>
     <span class='ocr_line' id='line_1_22' title="bbox 302 2092 2070 2157; baseline 0.005 -17"><span class='ocrx_word' id='word_1_190' title='bbox 302 2108 452 2156; x_wconf 90' lang='lat' dir='ltr'>usque</span> <span class='ocrx_word' id='word_1_191' title='bbox 474 2099 580 2157; x_wconf 91' lang='lat' dir='ltr'>post</span> <span class='ocrx_word' id='word_1_192' title='bbox 604 2094 986 2143; x_wconf 88' lang='lat' dir='ltr'>incensationem</span> <span class='ocrx_word' id='word_1_193' title='bbox 1013 2092 1285 2141; x_wconf 90' lang='lat' dir='ltr'>oblatorum</span> <span class='ocrx_word' id='word_1_194' title='bbox 1307 2094 1468 2143; x_wconf 88' lang='lat' dir='ltr'>altaris</span> <span class='ocrx_word' id='word_1_195' title='bbox 1489 2100 1536 2144; x_wconf 88' lang='lat' dir='ltr'>et</span> <span class='ocrx_word' id='word_1_196' title='bbox 1563 2097 1874 2157; x_wconf 87' lang='lat' dir='ltr'>celebrantis;</span> <span class='ocrx_word' id='word_1_197' title='bbox 1896 2097 2070 2148; x_wconf 84' lang='lat' dir='ltr'>deinde</span> 
     </span>
     <span class='ocr_line' id='line_1_23' title="bbox 302 2175 2070 2241; baseline 0.003 -18"><span class='ocrx_word' id='word_1_198' title='bbox 302 2175 563 2225; x_wconf 84' lang='lat' dir='ltr'>incensavit</span> <span class='ocrx_word' id='word_1_199' title='bbox 592 2177 870 2241; x_wconf 84' lang='lat' dir='ltr'>pontificem</span> <span class='ocrx_word' id='word_1_200' title='bbox 893 2183 940 2227; x_wconf 91' lang='lat' dir='ltr'>et</span> <span class='ocrx_word' id='word_1_201' title='bbox 971 2180 1031 2227; x_wconf 90' lang='lat' dir='ltr'>ad</span> <span class='ocrx_word' id='word_1_202' title='bbox 1060 2193 1199 2226; x_wconf 91' lang='lat' dir='ltr'>suum</span> <span class='ocrx_word' id='word_1_203' title='bbox 1220 2175 1383 2226; x_wconf 88' lang='lat' dir='ltr'>locum</span> <span class='ocrx_word' id='word_1_204' title='bbox 1411 2178 1537 2228; x_wconf 87' lang='lat' dir='ltr'>inter</span> <span class='ocrx_word' id='word_1_205' title='bbox 1562 2179 1828 2229; x_wconf 86' lang='lat' dir='ltr'>cardinales</span> <span class='ocrx_word' id='word_1_206' title='bbox 1852 2196 2070 2230; x_wconf 85' lang='lat' dir='ltr'>reversus</span> 
     </span>
     <span class='ocr_line' id='line_1_24' title="bbox 304 2260 2066 2326; baseline 0.002 -20"><span class='ocrx_word' id='word_1_207' title='bbox 304 2263 391 2306; x_wconf 90' lang='lat' dir='ltr'>est.</span> <span class='ocrx_word' id='word_1_208' title='bbox 410 2262 522 2307; x_wconf 88' lang='lat' dir='ltr'>Post</span> <span class='ocrx_word' id='word_1_209' title='bbox 534 2260 729 2309; x_wconf 87' lang='lat' dir='ltr'>missam</span> <span class='ocrx_word' id='word_1_210' title='bbox 747 2279 833 2326; x_wconf 90' lang='lat' dir='ltr'>pro</span> <span class='ocrx_word' id='word_1_211' title='bbox 846 2264 1145 2312; x_wconf 84' lang='lat' dir='ltr'>absolutione</span> <span class='ocrx_word' id='word_1_212' title='bbox 1158 2262 1439 2311; x_wconf 84' lang='lat' dir='ltr'>ministravit</span> <span class='ocrx_word' id='word_1_213' title='bbox 1453 2262 1719 2311; x_wconf 84' lang='lat' dir='ltr'>naviculam</span> <span class='ocrx_word' id='word_1_214' title='bbox 1735 2268 1782 2312; x_wconf 89' lang='lat' dir='ltr'>et</span> <span class='ocrx_word' id='word_1_215' title='bbox 1793 2263 1886 2312; x_wconf 91' lang='lat' dir='ltr'>alia</span> <span class='ocrx_word' id='word_1_216' title='bbox 1900 2267 2066 2313; x_wconf 90' lang='lat' dir='ltr'>Rmus.</span> 
     </span>
     <span class='ocr_line' id='line_1_25' title="bbox 305 2343 2071 2411; baseline 0.005 -23"><span class='ocrx_word' id='word_1_217' title='bbox 305 2344 359 2388; x_wconf 92' lang='lat' dir='ltr'>D.</span> <span class='ocrx_word' id='word_1_218' title='bbox 398 2343 652 2391; x_wconf 86' lang='lat' dir='ltr'>cardinalis</span> <span class='ocrx_word' id='word_1_219' title='bbox 680 2346 1015 2395; x_wconf 86' lang='lat' dir='ltr'>Ulixbonensis</span> <span class='ocrx_word' id='word_1_220' title='bbox 1043 2347 1121 2410; x_wconf 92' lang='lat' dir='ltr'>qui</span> <span class='ocrx_word' id='word_1_221' title='bbox 1152 2350 1322 2411; x_wconf 88' lang='lat' dir='ltr'>postea</span> <span class='ocrx_word' id='word_1_222' title='bbox 1350 2346 1528 2394; x_wconf 87' lang='lat' dir='ltr'>mansit</span> <span class='ocrx_word' id='word_1_223' title='bbox 1564 2350 1693 2394; x_wconf 88' lang='lat' dir='ltr'>stans</span> <span class='ocrx_word' id='word_1_224' title='bbox 1729 2346 1790 2394; x_wconf 89' lang='lat' dir='ltr'>ad</span> <span class='ocrx_word' id='word_1_225' title='bbox 1824 2347 2071 2396; x_wconf 84' lang='lat' dir='ltr'>dexteram</span> 
     </span>
     <span class='ocr_line' id='line_1_26' title="bbox 304 2425 2071 2489; baseline 0.005 -19"><span class='ocrx_word' id='word_1_226' title='bbox 304 2425 542 2488; x_wconf 85' lang='lat' dir='ltr'>pontificis</span> <span class='ocrx_word' id='word_1_227' title='bbox 565 2442 714 2489; x_wconf 88' lang='lat' dir='ltr'>usque</span> <span class='ocrx_word' id='word_1_228' title='bbox 735 2428 796 2476; x_wconf 89' lang='lat' dir='ltr'>ad</span> <span class='ocrx_word' id='word_1_229' title='bbox 815 2429 962 2477; x_wconf 89' lang='lat' dir='ltr'>finem</span> <span class='ocrx_word' id='word_1_230' title='bbox 981 2429 1313 2477; x_wconf 86' lang='lat' dir='ltr'>absolutionis.</span> <span class='ocrx_word' id='word_1_231' title='bbox 1334 2430 1439 2477; x_wconf 89' lang='lat' dir='ltr'>Alia</span> <span class='ocrx_word' id='word_1_232' title='bbox 1459 2428 1620 2477; x_wconf 88' lang='lat' dir='ltr'>omnia</span> <span class='ocrx_word' id='word_1_233' title='bbox 1644 2433 1752 2476; x_wconf 91' lang='lat' dir='ltr'>sunt</span> <span class='ocrx_word' id='word_1_234' title='bbox 1773 2444 1907 2476; x_wconf 91' lang='lat' dir='ltr'>more</span> <span class='ocrx_word' id='word_1_235' title='bbox 1931 2429 2071 2478; x_wconf 86' lang='lat' dir='ltr'>solito</span> 
     </span>
     <span class='ocr_line' id='line_1_27' title="bbox 305 2507 572 2569; baseline 0 -15"><span class='ocrx_word' id='word_1_236' title='bbox 305 2507 572 2569; x_wconf 80' lang='lat' dir='ltr'>observata.</span> 
     </span>
    </p>

    <p class='ocr_par' dir='ltr' id='par_1_4' title="bbox 303 2592 2072 3320">
     <span class='ocr_line' id='line_1_28' title="bbox 371 2592 2070 2660; baseline 0.005 -24"><span class='ocrx_word' id='word_1_237' title='bbox 371 2592 628 2653; x_wconf 89' lang='lat' dir='ltr'>Postquam</span> <span class='ocrx_word' id='word_1_238' title='bbox 653 2594 734 2640; x_wconf 89' lang='lat' dir='ltr'><strong>SS.</strong></span> <span class='ocrx_word' id='word_1_239' title='bbox 759 2596 814 2642; x_wconf 88' lang='lat' dir='ltr'>D.</span> <span class='ocrx_word' id='word_1_240' title='bbox 846 2596 902 2641; x_wconf 90' lang='lat' dir='ltr'>N.</span> <span class='ocrx_word' id='word_1_241' title='bbox 929 2594 988 2641; x_wconf 86' lang='lat' dir='ltr'>ad</span> <span class='ocrx_word' id='word_1_242' title='bbox 1011 2609 1253 2642; x_wconf 88' lang='lat' dir='ltr'>cameram</span> <span class='ocrx_word' id='word_1_243' title='bbox 1280 2593 1516 2657; x_wconf 87' lang='lat' dir='ltr'>papagalli</span> <span class='ocrx_word' id='word_1_244' title='bbox 1549 2609 1786 2654; x_wconf 89' lang='lat' dir='ltr'>reversus,</span> <span class='ocrx_word' id='word_1_245' title='bbox 1813 2595 2070 2660; x_wconf 83' lang='lat' dir='ltr'>supplicavi</span> 
     </span>
     <span class='ocr_line' id='line_1_29' title="bbox 306 2668 2072 2743; baseline 0.004 -23"><span class='ocrx_word' id='word_1_246' title='bbox 306 2674 391 2721; x_wconf 86' lang='lat' dir='ltr'><strong>SS.</strong></span> <span class='ocrx_word' id='word_1_247' title='bbox 420 2675 475 2720; x_wconf 91' lang='lat' dir='ltr'><strong>D.</strong></span> <span class='ocrx_word' id='word_1_248' title='bbox 512 2677 566 2721; x_wconf 94' lang='lat' dir='ltr'><strong>N.</strong></span> <span class='ocrx_word' id='word_1_249' title='bbox 602 2690 689 2738; x_wconf 85' lang='lat' dir='ltr'>pro</span> <span class='ocrx_word' id='word_1_250' title='bbox 722 2676 934 2724; x_wconf 87' lang='lat' dir='ltr'>cantoria</span> <span class='ocrx_word' id='word_1_251' title='bbox 971 2668 1246 2724; x_wconf 86' lang='lat' dir='ltr'>Asclacensi</span> <span class='ocrx_word' id='word_1_252' title='bbox 1284 2676 1543 2725; x_wconf 90' lang='lat' dir='ltr'>obtinenda</span> <span class='ocrx_word' id='word_1_253' title='bbox 1574 2682 1621 2726; x_wconf 88' lang='lat' dir='ltr'>et</span> <span class='ocrx_word' id='word_1_254' title='bbox 1647 2676 1912 2743; x_wconf 82' lang='lat' dir='ltr'>capellania</span> <span class='ocrx_word' id='word_1_255' title='bbox 1943 2679 2072 2727; x_wconf 87' lang='lat' dir='ltr'>Basi-</span> 
     </span>
     <span class='ocr_line' id='line_1_30' title="bbox 303 2755 2070 2822; baseline 0.005 -20"><span class='ocrx_word' id='word_1_256' title='bbox 303 2755 441 2804; x_wconf 91' lang='lat' dir='ltr'>liensi</span> <span class='ocrx_word' id='word_1_257' title='bbox 479 2757 792 2804; x_wconf 86' lang='lat' dir='ltr'>ecclesiarum</span> <span class='ocrx_word' id='word_1_258' title='bbox 824 2774 942 2821; x_wconf 87' lang='lat' dir='ltr'>quas</span> <span class='ocrx_word' id='word_1_259' title='bbox 968 2760 1210 2821; x_wconf 88' lang='lat' dir='ltr'>quondam</span> <span class='ocrx_word' id='word_1_260' title='bbox 1232 2761 1477 2809; x_wconf 89' lang='lat' dir='ltr'>Johanues</span> <span class='ocrx_word' id='word_1_261' title='bbox 1511 2761 1569 2809; x_wconf 88' lang='lat' dir='ltr'>de</span> <span class='ocrx_word' id='word_1_262' title='bbox 1600 2762 1899 2822; x_wconf 89' lang='lat' dir='ltr'>Aurethemi,</span> <span class='ocrx_word' id='word_1_263' title='bbox 1926 2766 2070 2811; x_wconf 88' lang='lat' dir='ltr'>nocte</span> 
     </span>
     <span class='ocr_line' id='line_1_31' title="bbox 303 2840 2065 2909; baseline 0.005 -23"><span class='ocrx_word' id='word_1_264' title='bbox 303 2840 531 2902; x_wconf 86' lang='lat' dir='ltr'>preterita</span> <span class='ocrx_word' id='word_1_265' title='bbox 544 2840 815 2899; x_wconf 87' lang='lat' dir='ltr'>defunctus,</span> <span class='ocrx_word' id='word_1_266' title='bbox 835 2842 1096 2902; x_wconf 84' lang='lat' dir='ltr'>obtinebat,</span> <span class='ocrx_word' id='word_1_267' title='bbox 1121 2851 1167 2891; x_wconf 89' lang='lat' dir='ltr'>et</span> <span class='ocrx_word' id='word_1_268' title='bbox 1182 2860 1267 2907; x_wconf 88' lang='lat' dir='ltr'>pro</span> <span class='ocrx_word' id='word_1_269' title='bbox 1291 2860 1367 2892; x_wconf 91' lang='lat' dir='ltr'>me</span> <span class='ocrx_word' id='word_1_270' title='bbox 1385 2844 1549 2892; x_wconf 87' lang='lat' dir='ltr'>RRmi.</span> <span class='ocrx_word' id='word_1_271' title='bbox 1569 2847 1670 2892; x_wconf 88' lang='lat' dir='ltr'><strong>DD.</strong></span> <span class='ocrx_word' id='word_1_272' title='bbox 1690 2845 2065 2909; x_wconf 82' lang='lat' dir='ltr'>Andegavensis,</span> 
     </span>
     <span class='ocr_line' id='line_1_32' title="bbox 308 2922 2068 2992; baseline 0.005 -24"><span class='ocrx_word' id='word_1_273' title='bbox 308 2922 657 2983; x_wconf 87' lang='lat' dir='ltr'>Ulixbonensis,</span> <span class='ocrx_word' id='word_1_274' title='bbox 693 2926 1056 2973; x_wconf 85' lang='lat' dir='ltr'>Beneventanus</span> <span class='ocrx_word' id='word_1_275' title='bbox 1091 2931 1138 2974; x_wconf 89' lang='lat' dir='ltr'>et</span> <span class='ocrx_word' id='word_1_276' title='bbox 1167 2927 1224 2975; x_wconf 90' lang='lat' dir='ltr'>de</span> <span class='ocrx_word' id='word_1_277' title='bbox 1256 2929 1384 2975; x_wconf 85' lang='lat' dir='ltr'>Fuxo</span> <span class='ocrx_word' id='word_1_278' title='bbox 1413 2927 1678 2976; x_wconf 86' lang='lat' dir='ltr'>cardinales</span> <span class='ocrx_word' id='word_1_279' title='bbox 1715 2928 2068 2992; x_wconf 80' lang='lat' dir='ltr'>supplicarunt3</span> 
     </span>
     <span class='ocr_line' id='line_1_33' title="bbox 306 3005 2072 3076; baseline 0.004 -24"><span class='ocrx_word' id='word_1_280' title='bbox 306 3005 390 3052; x_wconf 89' lang='lat' dir='ltr'>sed</span> <span class='ocrx_word' id='word_1_281' title='bbox 417 3006 652 3053; x_wconf 87' lang='lat' dir='ltr'>Sanctitas</span> <span class='ocrx_word' id='word_1_282' title='bbox 672 3022 758 3054; x_wconf 91' lang='lat' dir='ltr'>sua</span> <span class='ocrx_word' id='word_1_283' title='bbox 779 3008 1023 3071; x_wconf 82' lang='lat' dir='ltr'>respondit</span> <span class='ocrx_word' id='word_1_284' title='bbox 1048 3009 1141 3057; x_wconf 94' lang='lat' dir='ltr'>hoc</span> <span class='ocrx_word' id='word_1_285' title='bbox 1171 3025 1313 3058; x_wconf 89' lang='lat' dir='ltr'>mane</span> <span class='ocrx_word' id='word_1_286' title='bbox 1349 3011 1490 3058; x_wconf 90' lang='lat' dir='ltr'>ambo</span> <span class='ocrx_word' id='word_1_287' title='bbox 1527 3012 1802 3076; x_wconf 87' lang='lat' dir='ltr'>hujusmodi</span> <span class='ocrx_word' id='word_1_288' title='bbox 1835 3012 2072 3060; x_wconf 87' lang='lat' dir='ltr'>beneficia</span> 
     </span>
     <span class='ocr_line' id='line_1_34' title="bbox 304 3088 2066 3153; baseline 0.005 -19"><span class='ocrx_word' id='word_1_289' title='bbox 304 3103 389 3150; x_wconf 85' lang='lat' dir='ltr'>pro</span> <span class='ocrx_word' id='word_1_290' title='bbox 426 3088 519 3136; x_wconf 90' lang='lat' dir='ltr'>alio</span> <span class='ocrx_word' id='word_1_291' title='bbox 554 3089 786 3152; x_wconf 80' lang='lat' dir='ltr'>signasse,</span> <span class='ocrx_word' id='word_1_292' title='bbox 808 3090 866 3138; x_wconf 86' lang='lat' dir='ltr'>de</span> <span class='ocrx_word' id='word_1_293' title='bbox 889 3108 980 3153; x_wconf 90' lang='lat' dir='ltr'>quo</span> <span class='ocrx_word' id='word_1_294' title='bbox 1010 3092 1254 3140; x_wconf 90' lang='lat' dir='ltr'>videbatur</span> <span class='ocrx_word' id='word_1_295' title='bbox 1277 3093 1512 3142; x_wconf 88' lang='lat' dir='ltr'>Sanctitas</span> <span class='ocrx_word' id='word_1_296' title='bbox 1543 3111 1630 3143; x_wconf 89' lang='lat' dir='ltr'>sua</span> <span class='ocrx_word' id='word_1_297' title='bbox 1651 3095 1770 3142; x_wconf 89' lang='lat' dir='ltr'>mihi</span> <span class='ocrx_word' id='word_1_298' title='bbox 1791 3095 2066 3153; x_wconf 89' lang='lat' dir='ltr'>condolere,</span> 
     </span>
     <span class='ocr_line' id='line_1_35' title="bbox 304 3173 2066 3241; baseline 0.005 -24"><span class='ocrx_word' id='word_1_299' title='bbox 304 3186 523 3220; x_wconf 88' lang='lat' dir='ltr'>asserens</span> <span class='ocrx_word' id='word_1_300' title='bbox 554 3173 695 3236; x_wconf 87' lang='lat' dir='ltr'>longe</span> <span class='ocrx_word' id='word_1_301' title='bbox 720 3174 984 3237; x_wconf 89' lang='lat' dir='ltr'>potioribus</span> <span class='ocrx_word' id='word_1_302' title='bbox 1014 3175 1262 3224; x_wconf 91' lang='lat' dir='ltr'>beneficiis</span> <span class='ocrx_word' id='word_1_303' title='bbox 1284 3191 1361 3224; x_wconf 89' lang='lat' dir='ltr'>me</span> <span class='ocrx_word' id='word_1_304' title='bbox 1384 3176 1688 3236; x_wconf 85' lang='lat' dir='ltr'>donaturum,</span> <span class='ocrx_word' id='word_1_305' title='bbox 1715 3177 1773 3225; x_wconf 88' lang='lat' dir='ltr'>de</span> <span class='ocrx_word' id='word_1_306' title='bbox 1795 3193 1888 3241; x_wconf 88' lang='lat' dir='ltr'>quo</span> <span class='ocrx_word' id='word_1_307' title='bbox 1917 3179 2066 3225; x_wconf 87' lang='lat' dir='ltr'>Sanc-</span> 
     </span>
     <span class='ocr_line' id='line_1_36' title="bbox 306 3253 842 3320; baseline 0.006 -21"><span class='ocrx_word' id='word_1_308' title='bbox 306 3253 425 3300; x_wconf 90' lang='lat' dir='ltr'>titati</span> <span class='ocrx_word' id='word_1_309' title='bbox 447 3270 529 3303; x_wconf 90' lang='lat' dir='ltr'>sue</span> <span class='ocrx_word' id='word_1_310' title='bbox 552 3256 727 3318; x_wconf 83' lang='lat' dir='ltr'>gratias</span> <span class='ocrx_word' id='word_1_311' title='bbox 749 3257 842 3320; x_wconf 88' lang='lat' dir='ltr'>egi.</span> 
     </span>
    </p>

    <p class='ocr_par' dir='ltr' id='par_1_5' title="bbox 303 3336 2072 3488">
     <span class='ocr_line' id='line_1_37' title="bbox 370 3336 2072 3406; baseline 0.004 -23"><span class='ocrx_word' id='word_1_312' title='bbox 370 3336 595 3397; x_wconf 85' lang='lat' dir='ltr'>Sabbato,</span> <span class='ocrx_word' id='word_1_313' title='bbox 619 3343 645 3386; x_wconf 82' lang='lat'>7</span> <span class='ocrx_word' id='word_1_314' title='bbox 664 3339 775 3387; x_wconf 92' lang='lat' dir='ltr'>dicti</span> <span class='ocrx_word' id='word_1_315' title='bbox 797 3341 975 3389; x_wconf 88' lang='lat' dir='ltr'>mensis</span> <span class='ocrx_word' id='word_1_316' title='bbox 1005 3341 1294 3401; x_wconf 83' lang='lat' dir='ltr'>novembris,</span> <span class='ocrx_word' id='word_1_317' title='bbox 1332 3357 1440 3389; x_wconf 88' lang='lat' dir='ltr'>cum</span> <span class='ocrx_word' id='word_1_318' title='bbox 1480 3345 1579 3390; x_wconf 91' lang='lat' dir='ltr'><strong>DD.</strong></span> <span class='ocrx_word' id='word_1_319' title='bbox 1613 3343 1670 3391; x_wconf 90' lang='lat' dir='ltr'>de</span> <span class='ocrx_word' id='word_1_320' title='bbox 1697 3342 1908 3406; x_wconf 83' lang='lat' dir='ltr'>Carvajal</span> <span class='ocrx_word' id='word_1_321' title='bbox 1940 3341 2072 3389; x_wconf 86' lang='lat' dir='ltr'>fami-</span> 
     </span>
     <span class='ocr_line' id='line_1_38' title="bbox 303 3415 2066 3488; baseline 0.004 -24"><span class='ocrx_word' id='word_1_322' title='bbox 303 3415 432 3465; x_wconf 82' lang='lat' dir='ltr'>liaris</span> <span class='ocrx_word' id='word_1_323' title='bbox 460 3421 581 3468; x_wconf 82' lang='lat' dir='ltr'>Rmi.</span> <span class='ocrx_word' id='word_1_324' title='bbox 627 3425 681 3468; x_wconf 95' lang='lat' dir='ltr'><strong>D.</strong></span> <span class='ocrx_word' id='word_1_325' title='bbox 719 3424 971 3472; x_wconf 84' lang='lat' dir='ltr'>cardinalis</span> <span class='ocrx_word' id='word_1_326' title='bbox 1006 3424 1218 3488; x_wconf 90' lang='lat' dir='ltr'>episcopi</span> <span class='ocrx_word' id='word_1_327' title='bbox 1247 3424 1524 3472; x_wconf 86' lang='lat' dir='ltr'>Portuensis</span> <span class='ocrx_word' id='word_1_328' title='bbox 1558 3429 1720 3474; x_wconf 88' lang='lat' dir='ltr'>sancte</span> <span class='ocrx_word' id='word_1_329' title='bbox 1749 3440 1945 3473; x_wconf 85' lang='lat' dir='ltr'>romane</span> <span class='ocrx_word' id='word_1_330' title='bbox 1975 3426 2066 3471; x_wconf 87' lang='lat' dir='ltr'>Ec-</span> 
     </span>
    </p>
   </div>
  </div>
 </body>
</html>
