2262 3958
315 336 386 372 474
923 335 1152 373 JoHANNIS
1186 334 1479 382 summam,
1886 339 1966 387 [Mai
1985 340 2079 388 1492]

313 442 360 488 et
382 442 431 487 ut
450 441 812 503 perscrutentur
832 437 1124 486 documenta
1150 437 1278 500 apud
1305 435 1527 496 Parisios,
1551 452 1643 486 nec
1665 454 1762 488 non
1783 441 2076 489 Nurember-

313 538 440 586 gam,
473 522 511 569 si
540 538 630 585 que
667 522 790 569 forte
823 521 949 585 apud
977 521 1082 569 illos
1122 521 1260 569 litere
1301 520 1561 583 apostolice
1598 526 1774 583 essent,
1815 540 1874 572 ex
1907 524 2078 588 quibus

313 603 512 667 intelligi
544 606 708 667 posset
738 603 806 650 rei
838 603 1029 662 veritas,
1060 603 1162 650 aliis
1195 619 1254 652 ex
1280 603 1546 652 cronicis..
1581 606 1629 650 et
1663 602 2074 656 abbreviatione...

314 691 535 735 constare
566 687 746 734 ferrum
779 686 936 750 ipsum
963 703 1051 750 per
1086 687 1388 751 [Balduinum
1420 686 1465 750 11]
1498 685 1557 751 (1)
1592 689 1708 734 tunc
1741 686 2079 751 imperatorem

315 770 889 834 constantinopolitanum
918 771 1115 820 Venetis
1142 771 1533 835 impignoratum,
1558 774 1605 818 et
1635 770 1693 817 de
1717 771 1932 834 ejusdem
1961 788 2079 823 con·-

315 870 458 902 sensu
476 854 568 918 [ad]
593 856 886 902 Francorum
915 869 1081 917 regem
1106 854 1415 918 [Ludovicum
1437 853 1497 917 lx]
1525 853 1784 917 [missum];
1809 853 1930 914 aliis,
1950 856 2098 919 quor}v

313 953 371 986 ex
392 938 597 1001 quadam
623 937 947 986 vetustissima
969 937 1163 986 cronica
1184 941 1436 1002 appareret
1464 937 1625 1000 ipsum
1647 937 1829 985 ferrum
1856 937 1906 985 in
1935 940 2081 988 Cons-

313 1021 595 1085 tantinopoli
633 1021 842 1069 delatum
867 1025 913 1070 et
940 1020 1119 1069 ibidem
1142 1036 1291 1084 usque
1310 1021 1369 1068 ad
1389 1020 1482 1068 hec
1503 1023 1724 1084 tempora
1744 1026 2091 1072 conservatum

313 1105 477 1164 fuisse,
522 1109 569 1153 et
595 1104 783 1168 publice
817 1105 875 1152 ab
908 1104 1133 1152 omnibus
1170 1100 1461 1152 honoratum
1497 1108 1640 1166 atque
1678 1107 1984 1166 veneratum;
2023 1120 2081 1154 ac

315 1191 459 1236 testes
473 1187 635 1250 plures
652 1192 815 1236 extare
828 1187 954 1234 vivos
974 1187 1137 1246 etiam,
1160 1187 1240 1251 qui
1257 1186 1582 1245 illudibidem,
1600 1190 1710 1236 ante
1726 1188 1829 1250 ejus
1843 1203 2082 1252 expugna-

313 1272 494 1319 tionem
520 1273 714 1319 aTurco
735 1270 950 1318 habitam
971 1275 1017 1318 et
1039 1274 1166 1334 post,
1189 1271 1426 1329 viderant;
1445 1274 1493 1318 et
1505 1268 1660 1316 sciunt
1673 1271 1887 1319 Venetos
1904 1285 2079 1338 magna

314 1354 561 1417 diligentia
588 1354 711 1418 apud
743 1354 1002 1417 quemdam
1044 1353 1196 1402 civem
1227 1351 1810 1415 Constanti‘nopolitanum
1841 1354 1922 1416 qui
1949 1353 2079 1403 idem

313 1439 493 1486 ferrum
515 1438 563 1485 in
591 1437 716 1486 dicte
738 1437 937 1485 civitatis
965 1437 1320 1501 expugnatione
1345 1436 1407 1484 ad
1436 1452 1486 1484 se
1516 1439 1782 1499 receperat,
1806 1439 1855 1484 et
1875 1436 1920 1484 ei
1933 1452 2079 1501 prop-

314 1527 449 1571 terea
471 1537 528 1567 xv
546 1521 696 1568 millia
725 1521 1007 1568 ducatorum
1039 1520 1128 1568 sibi
1150 1520 1378 1568 obtulisse
1399 1537 1408 1578 ;
1431 1523 1478 1568 et
1495 1518 1667 1567 deinde
1695 1518 1821 1581 apud
1850 1520 2078 1583 Magnum

314 1609 521 1654 Turcum
546 1605 625 1668 qui
648 1621 674 1652 a
696 1605 823 1652 dicto
844 1604 943 1652 cive
965 1604 1081 1652 illud
1101 1607 1352 1667 receperat
1381 1602 1547 1662 fuisse,
1573 1616 1629 1650 ac
1651 1601 1694 1650 ei
1714 1617 1808 1650 Lxx
1825 1601 1974 1650 millia
1984 1603 2082 1651 du-

314 1695 530 1738 catorum
557 1706 643 1754 pro
675 1706 732 1738 eo
761 1689 1054 1747 exhibuisse,
1079 1687 1195 1735 illud
1213 1692 1374 1735 tamen
1405 1686 1585 1734 habere
1609 1701 1705 1734 non
1726 1686 1958 1750 potuisse.
1986 1687 2079 1736 Alii

311 1789 424 1822 vero
460 1773 682 1821 dicebant
711 1772 761 1820 in
797 1772 1075 1836 receptione
1122 1770 1402 1835 hujusmodi
1440 1770 1532 1818 tria
1565 1785 1672 1817 esse
1711 1769 2076 1830 consideranda,

314 1856 550 1916 videlicet,
577 1856 690 1919 quid
717 1855 965 1919 accipitur,
991 1856 1050 1903 ad
1077 1870 1237 1917 quem,
1275 1857 1322 1901 et
1352 1869 1380 1901 a
1406 1869 1500 1916 quo
1529 1852 1731 1900 mittitur
1754 1851 1836 1915 qui
1865 1852 2079 1916 capitalis

314 1939 534 1987 inimicus
557 1943 629 1986 est
648 1939 761 1986 fidei
781 1942 965 1997 nostre,
995 1941 1042 1986 et
1062 1938 1221 2001 potius
1245 1937 1614 1985 existimandum
1642 1951 1767 1997 esse,
1791 1934 1840 1983 id
1856 1951 1944 2000 per
1965 1951 2077 1987 eum

314 2011 416 2071 fieri
436 2023 484 2070 in
502 2022 716 2069 derisum
738 2025 784 2069 et
805 2021 1118 2080 derisionem,
1137 2035 1279 2083 quam
1298 2020 1451 2067 aliter.
1484 2024 1487 2027 '
1726 2004 1729 2009 ¹

378 2107 462 2154 His
483 2105 628 2169 igitur
643 2105 866 2152 omnibus
888 2108 935 2153 et
955 2104 1167 2168 pluribus
1190 2103 1294 2151 aliis
1315 2106 1428 2150 tunc
1450 2101 1587 2150 dictis
1603 2081 2080 2176 consideratis-*0114

312 2190 496 2238 clusum
515 2188 601 2237 fuit
632 2204 719 2252 per
746 2190 952 2236 RRmos.
985 2190 1084 2235 DD.
1118 2185 1385 2234 cardinales
1418 2189 1728 2246 memoratOS,
1753 2200 1857 2234 rem
1878 2186 2005 2236 hanc
2031 2191 2081 2236 et

310 2272 526 2337 predicta
545 2275 736 2319 narrata
750 2271 809 2318 ad
826 2270 1178 2319 sanctissimum
1195 2268 1441 2317 dominum
1456 2272 1672 2317 nostrum
1686 2284 1775 2332 per
1785 2269 2079 2319 cardinalem

312 2358 702 2405 Beneventanum
724 2355 891 2403 referri
922 2354 1116 2413 debere,
1153 2356 1205 2401 ut
1225 2357 1387 2417 posset
1420 2352 1550 2415 quod
1572 2352 1661 2399 sibi
1682 2352 1835 2415 magis
1864 2352 2079 2416 placeret

312 2444 521 2487 statuere
548 2443 595 2487 et
626 2438 868 2486 ordinare.
906 2441 963 2485 Et
994 2438 1111 2485 licet
1141 2438 1298 2500 major
1335 2452 1447 2500 pars
1481 2435 1794 2483 cardinalium
1822 2436 2076 2500 presbyte-

309 2536 474 2570 rorum
500 2521 549 2567 in
580 2520 870 2568 sententiam
897 2518 1118 2566 tenderet
1147 2517 1276 2580 quod
1302 2516 1485 2564 ferrum
1519 2516 1789 2579 predictum
1819 2516 1968 2580 recipi
1993 2517 2077 2566 de-

309 2603 445 2649 beret
474 2617 502 2648 a
522 2601 606 2648 SS.
632 2603 688 2647 D.
720 2601 775 2647 N.
795 2599 854 2646 ab
873 2603 1063 2646 oratore
1096 2598 1271 2645 Turchi
1297 2598 1477 2661 absque
1503 2597 1806 2647 solemnitate
1827 2598 2003 2662 aliqua,
2027 2605 2077 2649 et

310 2684 484 2733 deinde
510 2683 682 2731 veritas
715 2682 1004 2746 perscrutari
1038 2698 1100 2730 an
1135 2682 1229 2729 hoc
1267 2682 1340 2730 vel
1373 2680 1500 2729 aliud
1535 2696 1594 2729 ex
1631 2681 1962 2746 Nuremberga
1994 2688 2076 2732 aut

312 2766 504 2815 Parisiis
523 2781 688 2813 verum
705 2765 1045 2823 essetferrum3
1068 2769 1114 2813 et
1126 2769 1260 2824 tunc,
1283 2765 1321 2812 si
1335 2765 1430 2812 hoc
1445 2768 1748 2828 compertum
1769 2780 1875 2814 esse
1889 2770 2071 2830 posset,

315 2856 424 2900 tunc
450 2850 498 2897 id
517 2849 748 2913 publicari
777 2852 823 2897 et
850 2864 961 2897 cum
992 2849 1122 2897 omni
1152 2849 1459 2897 veneratione
1491 2853 1539 2896 et
1567 2848 1870 2898 solemnitate
1900 2849 1961 2897 ad
1987 2848 2074 2898 ali-

310 2949 454 2997 quam
470 2932 724 2982 ecclesiam
749 2933 1187 2995 processionaliter,
1230 2937 1374 2996 prout
1407 2933 1490 2980 SS.
1523 2934 1580 2979 D.
1614 2934 1669 2980 N.
1703 2932 1931 2995 placeret,
1956 2948 2075 2982 con-

308 3018 417 3067 duci
454 3035 464 3066 :
496 3022 542 3066 et
566 3034 591 3066 e
613 3033 861 3076 converso,
893 3017 1016 3065 forte
1045 3017 1139 3064 hoc
1168 3017 1296 3064 ferro
1331 3016 1474 3064 modo
1500 3015 1782 3063 solemniter
1805 3022 2001 3081 recepto
2026 3022 2075 3066 et

305 3106 472 3166 postea
500 3105 749 3165 comperto
780 3101 891 3148 alibi
918 3101 1035 3148 illud
1066 3116 1231 3148 verum
1261 3100 1443 3148 ferrum
1473 3114 1598 3158 esse,
1638 3099 1778 3148 sedes
1808 3100 2073 3163 apostolica

307 3188 528 3251 redargui
549 3190 712 3251 posset
733 3191 813 3234 aut
832 3186 1078 3234 confundi.
1109 3188 1290 3233 Tamen
1318 3186 1402 3232 SS.
1429 3185 1485 3230 D.
1514 3185 1570 3231 N.
1595 3183 1742 3232 voluit
1765 3188 1812 3232 et
1833 3184 2070 3234 ordinavit

306 3272 483 3318 ferrum
498 3270 591 3318 hoc
613 3269 893 3318 solemniter
910 3269 1060 3332 recipi
1090 3270 1294 3328 debere;
1325 3272 1371 3316 et
1393 3267 1633 3331 deputavit
1652 3271 1912 3332 propterea
1931 3271 1989 3317 R.
2014 3271 2066 3316 P.

355 3397 391 3429 1.
416 3394 484 3430 Les
512 3406 616 3431 noms
641 3395 686 3431 de
714 3395 898 3430 Baudoin
927 3395 975 3430 II
993 3398 1028 3431 et
1049 3394 1092 3431 de
1112 3395 1231 3430 Louis
1256 3393 1320 3428 IX
1335 3394 1417 3428 sont
1445 3391 1573 3428 laisses
1595 3403 1639 3428 en
1661 3392 1768 3428 blanc
1788 3393 1881 3429 dans
1906 3396 1990 3429 tous
2015 3391 2069 3428 les

303 3463 392 3488 mss.
414 3451 506 3500 Voy.
529 3454 629 3490 Hist.
649 3454 836 3491 Francor.
862 3454 1021 3499 script„
1043 3457 1071 3491 t.
1093 3453 1139 3500 V,
1154 3464 1191 3500 p.
1214 3451 1297 3490 333.
1320 3450 1416 3488 Edit.
1441 3450 1486 3487 de
1506 3451 1713 3489 Duchesne.
