2262 3958
364 299 431 335 190
965 297 1198 333 JOHANNIS
1231 296 1525 343 BURCHARDI,
1908 303 2013 342 [Mars
2032 304 2123 346 1486]

358 401 472 449 hinc
494 405 541 450 et
561 399 671 449 inde
693 399 932 464 genuflexi
951 402 1209 448 tenuerunt
1230 415 1379 462 usque
1401 399 1462 447 ad
1482 401 1931 452 communicationis
1948 405 2119 465 finem3

357 500 449 546 qua
470 484 620 542 finita,
645 482 862 546 deposita
883 482 969 531 fuit
989 483 1214 547 mappula
1234 486 1279 530 et
1301 482 1620 531 subdiaconus
1644 487 1900 548 reportavit
1921 487 2122 536 calicem

357 582 465 614 cum
491 566 678 625 hostiis,
708 570 755 614 et
782 565 916 614 illum
949 566 1108 630 posuit
1140 582 1282 630 super
1309 565 1524 615 medium
1557 566 1717 615 altaris
1747 569 1807 616 ad
1841 569 2000 618 locum
2039 570 2123 619 ubi

354 649 484 712 prius
507 653 702 698 steterat
723 654 769 698 et
787 649 966 697 ibidem
990 650 1165 698 mansit
1188 650 1250 698 ad
1280 650 1427 699 finem
1457 649 1622 710 misse,
1655 653 1701 698 et
1724 667 1971 716 quousque
1994 657 2123 719 Papa

355 732 611 782 ecclesiam
648 732 806 782 exivit.
848 735 969 781 Tum
1000 733 1197 782 sacrista
1234 735 1360 797 Pape
1397 733 1527 781 dedit
1568 749 1649 781 eas
1689 735 1887 784 sacriste
1922 737 2120 788 basilice

354 832 399 864 s.
441 816 570 866 Petri
605 817 684 880 qui
723 832 804 866 eas
837 833 924 882 pro
955 816 1294 865 communione
1322 816 1535 865 fidelium
1562 818 1793 881 reposuit.
1825 821 1971 884 Papa,
2006 820 2118 870 lotis

354 900 589 961 manibus,
629 916 846 950 reversus
886 904 959 949 est
991 901 1050 949 ad
1088 900 1234 949 altare
1272 916 1381 949 cum
1413 901 1571 960 mitra,
1601 901 1800 965 perfecit
1830 902 2028 951 missam
2067 907 2119 953 et

352 985 483 1034 dedit
504 985 893 1033 benedictionem
920 984 1022 1033 sine
1050 984 1210 1044 mitra,
1237 1000 1372 1033 more
1400 988 1649 1034 consueto.
1681 988 1787 1035 Non
1817 986 1945 1035 dedit
1965 987 2121 1036 indul-

351 1068 552 1132 gentias,
579 1068 691 1132 quia
709 1068 758 1116 in
774 1068 966 1133 publica
984 1068 1320 1116 benedictione
1340 1067 1579 1132 plenarias
1602 1068 1797 1117 daturus
1813 1073 1928 1119 erat.
1946 1073 2112 1119 Rmus.

351 1153 407 1199 D.
433 1151 684 1200 cardinalis
705 1151 1127 1202 vicecancellarius
1149 1152 1229 1215 qui
1250 1151 1480 1200 assistens
1505 1156 1608 1200 erat
1626 1156 1671 1202 et
1692 1155 1856 1201 RmuS.
1882 1155 1940 1201 D.
1965 1153 2118 1202 cardi-

348 1234 468 1282 nalis
492 1234 719 1283 Senensis
740 1235 961 1283 dixerunt
986 1235 1114 1298 quod
1141 1237 1268 1298 Papa
1290 1250 1387 1282 non
1413 1235 1619 1283 debebat
1645 1235 1724 1284 hic
1751 1235 1864 1285 dare
1893 1236 2118 1286 benedic-

346 1316 527 1367 tionem
547 1318 597 1366 in
614 1318 749 1366 altari
768 1318 879 1381 quia
895 1323 1063 1382 postea
1078 1317 1318 1381 publicam
1336 1318 1529 1366 daturus
1552 1323 1697 1366 esset.
1720 1319 1962 1383 Respondi
1981 1318 2110 1383 quod

344 1406 541 1466 propter
571 1402 810 1467 publicam
843 1403 935 1452 hec
970 1418 1068 1451 non
1101 1402 1300 1451 deberet
1337 1401 1539 1461 obmitti,
1577 1402 1686 1465 quia
1706 1406 1835 1450 esset
1858 1401 2104 1451 conclusio

343 1485 488 1534 misse
511 1490 558 1535 et
578 1486 647 1534 sic
674 1486 1014 1550 acquieverunt
1041 1486 1254 1550 opinioni
1281 1501 1406 1534 mee.
1442 1488 1586 1549 Papa,
1614 1485 1725 1534 data
1750 1485 2106 1547 benedictione,

344 1568 566 1633 deposuit
586 1570 782 1634 pallium
804 1570 934 1633 quod
954 1586 1097 1634 super
1126 1569 1262 1618 altari
1290 1568 1487 1627 dimisit,
1517 1568 1708 1617 interim
1737 1569 1902 1618 dicens
1924 1569 2111 1619 :Domi-

342 1669 432 1700 nus
465 1654 698 1702 vobiscum
731 1658 779 1702 et
804 1653 1228 1717 processionaliter
1264 1656 1477 1717 portatus
1516 1652 1604 1700 fuit
1638 1652 1698 1700 ad
1726 1652 1886 1702 locum
1918 1655 2105 1719 publice

342 1735 708 1799 benedictionis,
751 1754 837 1802 per
871 1754 1042 1787 navem
1090 1738 1307 1786 ultimam
1354 1737 1594 1786 sinistram
1637 1727 1842 1787 ecclesie
1885 1739 2106 1790 videlicet

341 1819 496 1868 vultus
516 1821 685 1882 sancti,
717 1822 796 1885 qui
817 1828 930 1870 tunc
957 1822 1048 1870 fuit
1074 1827 1320 1871 ostensum
1340 1821 1389 1868 in
1417 1821 1525 1869 loco
1555 1821 1786 1884 predicto.
1821 1824 1950 1887 Papa
1971 1823 2102 1872 dedit

340 1901 726 1953 benedictionem
757 1906 996 1970 publicam
1025 1906 1290 1955 solemnem
1330 1909 1382 1952 ut
1414 1904 1561 1953 moris
1587 1908 1658 1952 est
1685 1908 1731 1954 et
1757 1905 2103 1970 indulgentiam

338 1986 603 2048 plenariam
633 2004 774 2052 quam
803 1989 968 2037 RRmi.
1006 1990 1103 2038 DD.
1139 1989 1197 2038 de
1233 1987 1433 2037 Sabellis
1462 1976 1511 2034 in
1533 1987 1681 2036 latino
1709 1991 1756 2036 et
1785 1988 1843 2037 de
1875 1989 2107 2040 Columna

338 2070 526 2119 diaconi
541 2073 806 2122 cardinales
831 2074 879 2121 in
906 2074 1088 2138 vulgari
1115 2072 1274 2121 italico
1298 2070 1700 2136 pronunciarunt3
1733 2087 1828 2134 qua
1848 2071 2103 2136 publicata,

338 2152 603 2203 cardinales
625 2155 953 2219 deposuerunt
972 2158 1268 2220 paramenta.

401 2239 577 2287 Omnes
598 2239 766 2302 prelati
793 2244 840 2287 et
864 2242 993 2304 Papa
1025 2255 1080 2288 ac
1101 2239 1191 2303 ipsi
1214 2237 1481 2287 cardinales
1496 2237 1694 2302 quisque
1713 2255 1930 2289 reversus
1953 2243 2026 2290 est
2042 2239 2105 2291 ad

333 2317 497 2368 locum
535 2338 698 2381 suum;
736 2326 865 2387 Papa
906 2324 1064 2372 eundo
1095 2324 1156 2372 ad
1181 2322 1428 2371 basilicam
1459 2326 1506 2370 et
1538 2323 1599 2370 ad
1627 2323 2014 2374 benedictionem
2042 2342 2097 2375 ac

335 2403 666 2454 benedicendo
688 2406 853 2453 habuit
871 2422 1074 2470 regnum
1095 2390 1372 2470 preciosum
1393 2405 1441 2452 in
1462 2404 1633 2467 capite.

401 2487 487 2536 Die
508 2488 619 2537 lune
641 2489 860 2553 proxima
876 2494 985 2553 post
1005 2490 1179 2538 festum
1206 2489 1501 2550 Pascheque
1522 2487 1610 2534 fuit
1634 2491 1692 2535 27
1711 2488 1893 2536 mensis
1921 2490 2099 2548 martii,

334 2573 499 2619 Rmus.
538 2574 593 2621 D.
625 2572 877 2620 cardinalis
919 2573 1288 2623 Mediolanensis
1322 2570 1576 2620 celebravit
1605 2571 1802 2619 missam
1835 2571 1884 2619 in
1918 2573 2103 2638 capella

331 2670 523 2718 magna,
553 2655 600 2702 in
633 2656 808 2719 palatio
841 2656 1105 2720 apostolico
1139 2658 1264 2721 apud
1297 2674 1335 2705 s.
1369 2660 1581 2718 Petrum,
1619 2661 1747 2722 Papa
1775 2662 2018 2723 presente,
2055 2662 2103 2708 et

331 2738 578 2787 observate
609 2744 719 2787 sunt
746 2740 1020 2788 ceremonie
1045 2744 1272 2789 consuete
1298 2745 1440 2805 prout
1459 2741 1508 2789 in
1527 2741 1630 2790 aliis
1648 2741 1807 2790 missis
1835 2745 1884 2790 et
1902 2741 2101 2790 nonfuit

331 2838 490 2870 sermo
510 2839 520 2883 ;
546 2823 672 2872 dicta
688 2823 776 2872 fuit
797 2840 892 2872 una
915 2828 1101 2872 tantum
1123 2824 1292 2872 oratio.

394 2906 480 2955 Die
501 2906 666 2955 martis
695 2908 878 2956 Pasche
914 2924 1004 2972 que
1037 2907 1125 2956 fuit
1150 2911 1208 2956 28
1237 2908 1418 2957 mensis
1449 2908 1621 2969 martii,
1657 2925 1755 2957 non
1780 2908 1867 2957 suit
1893 2907 2091 2973 capella⁴

329 2990 631 3038 Celebratum
653 2991 740 3040 fuit
757 2992 934 3041 festum
956 2992 1339 3042 annunciationis
1361 2993 1500 3042 beate
1521 2993 1667 3041 Marie
1689 2991 1882 3055 virginis
1903 2991 1951 3039 in
1964 2992 2094 3040 hunc

328 3072 455 3121 diem
478 3073 759 3122 translatum
775 3077 821 3121 et
842 3073 902 3121 ad
916 3073 1315 3138 supplicationem
1337 3076 1628 3122 RRmorum.
1655 3076 1755 3121 DD.
1782 3073 2094 3122 cardinalium

328 3160 373 3203 et
402 3155 643 3204 societatis
673 3156 891 3221 ejusdem
919 3156 1302 3206 annunciationis
1330 3158 1470 3206 beate
1499 3156 1667 3216 Marie,
1697 3157 1780 3204 SS.
1807 3159 1863 3204 D.
1889 3159 1945 3205 N.
1967 3156 2097 3206 dedit

324 3236 567 3286 licentiam
594 3239 785 3287 RRmis.
812 3242 912 3287 DD.
939 3239 1260 3288 cardinalibus
1282 3239 1602 3288 interessendi
1625 3239 1786 3288 officio
1814 3240 1864 3287 in
1892 3239 2097 3289 ecclesia

325 3320 463 3369 beate
493 3323 641 3371 Marie
671 3323 899 3383 Minerve,
936 3329 982 3372 et
1022 3326 1277 3388 propterea
1315 3338 1413 3371 non
1455 3323 1543 3371 fuit
1583 3322 1729 3371 missa
1777 3322 2003 3371 solemnis
2050 3325 2097 3370 et

324 3403 516 3466 publica
545 3405 593 3453 in
626 3407 809 3471 capella
839 3407 1016 3471 palatii.
1055 3406 1236 3456 Eodem
1271 3422 1431 3467 mane,
1465 3408 1549 3455 SS.
1587 3409 1644 3455 D.
1691 3409 1748 3456 N.
1788 3405 2096 3454 Innocentius
2155 3471 2161 3476 ἱ
