<?xml version="1.0" encoding="UTF-8"?>
<!DOCTYPE html PUBLIC "-//W3C//DTD XHTML 1.0 Transitional//EN"
    "http://www.w3.org/TR/xhtml1/DTD/xhtml1-transitional.dtd">
<html xmlns="http://www.w3.org/1999/xhtml" xml:lang="en" lang="en">
 <head>
  <title>
</title>
<meta http-equiv="Content-Type" content="text/html;charset=utf-8" />
  <meta name='ocr-system' content='tesseract 3.04.00' />
  <meta name='ocr-capabilities' content='ocr_page ocr_carea ocr_par ocr_line ocrx_word'/>
</head>
<body>
  <div class='ocr_page' id='page_1' title='image "./diariumsivererum01burcuoft_0252.png"; bbox 0 0 2262 3958; ppageno 0'>
   <div class='ocr_carea' id='block_1_1' title="bbox 332 317 2099 364">
    <p class='ocr_par' dir='ltr' id='par_1_1' title="bbox 332 317 2099 364">
     <span class='ocr_line' id='line_1_1' title="bbox 332 317 2099 364; baseline -0.004 -5"><span class='ocrx_word' id='word_1_1' title='bbox 332 324 402 360; x_wconf 72' lang='lat'>242</span> <span class='ocrx_word' id='word_1_2' title='bbox 937 319 1169 355; x_wconf 61' lang='lat' dir='ltr'>JOHANNJS</span> <span class='ocrx_word' id='word_1_3' title='bbox 1205 318 1497 364; x_wconf 72' lang='lat' dir='ltr'>BURCHARDI,</span> <span class='ocrx_word' id='word_1_4' title='bbox 1833 317 2099 363; x_wconf 78' lang='lat' dir='ltr'>[Fevrier1487]</span> 
     </span>
    </p>
   </div>
   <div class='ocr_carea' id='block_1_2' title="bbox 326 418 2169 3474">
    <p class='ocr_par' dir='ltr' id='par_1_2' title="bbox 335 418 2106 803">
     <span class='ocr_line' id='line_1_2' title="bbox 396 418 2103 484; baseline -0.002 -12"><span class='ocrx_word' id='word_1_5' title='bbox 396 425 533 474; x_wconf 89' lang='lat' dir='ltr'>Feria</span> <span class='ocrx_word' id='word_1_6' title='bbox 563 424 790 481; x_wconf 91' lang='lat' dir='ltr'>secunda,</span> <span class='ocrx_word' id='word_1_7' title='bbox 828 424 886 469; x_wconf 80' lang='lat'>26</span> <span class='ocrx_word' id='word_1_8' title='bbox 917 419 1158 479; x_wconf 89' lang='lat' dir='ltr'>februarii,</span> <span class='ocrx_word' id='word_1_9' title='bbox 1192 418 1241 466; x_wconf 92' lang='lat' dir='ltr'>in</span> <span class='ocrx_word' id='word_1_10' title='bbox 1274 418 1601 482; x_wconf 81' lang='lat' dir='ltr'>carnisprivio,</span> <span class='ocrx_word' id='word_1_11' title='bbox 1634 420 1683 468; x_wconf 92' lang='lat' dir='ltr'>in</span> <span class='ocrx_word' id='word_1_12' title='bbox 1713 420 1870 484; x_wconf 79' lang='lat' dir='ltr'>platea</span> <span class='ocrx_word' id='word_1_13' title='bbox 1897 437 1936 468; x_wconf 81' lang='lat' dir='ltr'>s,</span> <span class='ocrx_word' id='word_1_14' title='bbox 1975 420 2103 469; x_wconf 90' lang='lat' dir='ltr'>Petri</span> 
     </span>
     <span class='ocr_line' id='line_1_3' title="bbox 336 500 2104 566; baseline -0.002 -11"><span class='ocrx_word' id='word_1_15' title='bbox 336 508 586 556; x_wconf 88' lang='lat' dir='ltr'>hastilusio</span> <span class='ocrx_word' id='word_1_16' title='bbox 614 522 748 555; x_wconf 89' lang='lat' dir='ltr'>more</span> <span class='ocrx_word' id='word_1_17' title='bbox 774 503 950 563; x_wconf 88' lang='lat' dir='ltr'>italico,</span> <span class='ocrx_word' id='word_1_18' title='bbox 977 507 1023 551; x_wconf 90' lang='lat' dir='ltr'>et</span> <span class='ocrx_word' id='word_1_19' title='bbox 1046 502 1121 550; x_wconf 93' lang='lat' dir='ltr'>die</span> <span class='ocrx_word' id='word_1_20' title='bbox 1148 500 1369 565; x_wconf 78' lang='lat' dir='ltr'>sequenti</span> <span class='ocrx_word' id='word_1_21' title='bbox 1391 501 1559 549; x_wconf 87' lang='lat' dir='ltr'>ultimo</span> <span class='ocrx_word' id='word_1_22' title='bbox 1577 501 1871 565; x_wconf 84' lang='lat' dir='ltr'>carnisprivii</span> <span class='ocrx_word' id='word_1_23' title='bbox 1900 518 1986 566; x_wconf 88' lang='lat' dir='ltr'>pro</span> <span class='ocrx_word' id='word_1_24' title='bbox 2008 518 2104 551; x_wconf 92' lang='lat' dir='ltr'>uno</span> 
     </span>
     <span class='ocr_line' id='line_1_4' title="bbox 335 585 2106 654; baseline -0.002 -16"><span class='ocrx_word' id='word_1_25' title='bbox 335 591 479 654; x_wconf 91' lang='lat' dir='ltr'>pallio</span> <span class='ocrx_word' id='word_1_26' title='bbox 513 589 725 638; x_wconf 90' lang='lat' dir='ltr'>bruccati</span> <span class='ocrx_word' id='word_1_27' title='bbox 761 587 946 652; x_wconf 83' lang='lat' dir='ltr'>argenti</span> <span class='ocrx_word' id='word_1_28' title='bbox 975 586 1289 651; x_wconf 77' lang='lat' dir='ltr'>longitudinis</span> <span class='ocrx_word' id='word_1_29' title='bbox 1325 585 1466 634; x_wconf 88' lang='lat' dir='ltr'>trium</span> <span class='ocrx_word' id='word_1_30' title='bbox 1506 601 1770 635; x_wconf 88' lang='lat' dir='ltr'>cannarum</span> <span class='ocrx_word' id='word_1_31' title='bbox 1803 590 1850 635; x_wconf 91' lang='lat' dir='ltr'>et</span> <span class='ocrx_word' id='word_1_32' title='bbox 1879 587 2003 636; x_wconf 91' lang='lat' dir='ltr'>ultra</span> <span class='ocrx_word' id='word_1_33' title='bbox 2034 586 2106 636; x_wconf 91' lang='lat' dir='ltr'>vel</span> 
     </span>
     <span class='ocr_line' id='line_1_5' title="bbox 344 669 2104 735; baseline -0.001 -14"><span class='ocrx_word' id='word_1_34' title='bbox 344 674 487 732; x_wconf 88' lang='lat' dir='ltr'>circa,</span> <span class='ocrx_word' id='word_1_35' title='bbox 525 673 759 720; x_wconf 89' lang='lat' dir='ltr'>subducto</span> <span class='ocrx_word' id='word_1_36' title='bbox 784 670 996 735; x_wconf 88' lang='lat' dir='ltr'>panteris</span> <span class='ocrx_word' id='word_1_37' title='bbox 1029 670 1187 729; x_wconf 87' lang='lat' dir='ltr'>variis,</span> <span class='ocrx_word' id='word_1_38' title='bbox 1219 669 1348 733; x_wconf 89' lang='lat' dir='ltr'>quod</span> <span class='ocrx_word' id='word_1_39' title='bbox 1373 669 1540 717; x_wconf 90' lang='lat' dir='ltr'>habuit</span> <span class='ocrx_word' id='word_1_40' title='bbox 1577 669 1771 732; x_wconf 89' lang='lat' dir='ltr'>quidam</span> <span class='ocrx_word' id='word_1_41' title='bbox 1807 671 2016 734; x_wconf 84' lang='lat' dir='ltr'>armiger</span> <span class='ocrx_word' id='word_1_42' title='bbox 2045 670 2104 719; x_wconf 92' lang='lat' dir='ltr'>de</span> 
     </span>
     <span class='ocr_line' id='line_1_6' title="bbox 341 753 1290 803; baseline -0.002 0"><span class='ocrx_word' id='word_1_43' title='bbox 341 754 571 803; x_wconf 87' lang='lat' dir='ltr'>Columna</span> <span class='ocrx_word' id='word_1_44' title='bbox 592 754 761 802; x_wconf 90' lang='lat' dir='ltr'>eadem</span> <span class='ocrx_word' id='word_1_45' title='bbox 788 754 863 802; x_wconf 92' lang='lat' dir='ltr'>die</span> <span class='ocrx_word' id='word_1_46' title='bbox 892 753 1057 801; x_wconf 86' lang='lat' dir='ltr'>martis</span> <span class='ocrx_word' id='word_1_47' title='bbox 1084 753 1134 801; x_wconf 92' lang='lat' dir='ltr'>in</span> <span class='ocrx_word' id='word_1_48' title='bbox 1164 769 1290 802; x_wconf 89' lang='lat' dir='ltr'>sero.</span> 
     </span>
    </p>

    <p class='ocr_par' dir='ltr' id='par_1_3' title="bbox 326 836 2169 3474">
     <span class='ocr_line' id='line_1_7' title="bbox 396 836 2100 900; baseline -0.001 -15"><span class='ocrx_word' id='word_1_49' title='bbox 396 837 534 886; x_wconf 89' lang='lat' dir='ltr'>Feria</span> <span class='ocrx_word' id='word_1_50' title='bbox 557 840 741 900; x_wconf 88' lang='lat' dir='ltr'>quarta,</span> <span class='ocrx_word' id='word_1_51' title='bbox 775 840 833 884; x_wconf 78' lang='lat'>28</span> <span class='ocrx_word' id='word_1_52' title='bbox 864 841 910 884; x_wconf 90' lang='lat' dir='ltr'>et</span> <span class='ocrx_word' id='word_1_53' title='bbox 944 836 1111 884; x_wconf 86' lang='lat' dir='ltr'>ultima</span> <span class='ocrx_word' id='word_1_54' title='bbox 1142 836 1387 896; x_wconf 88' lang='lat' dir='ltr'>februarii,</span> <span class='ocrx_word' id='word_1_55' title='bbox 1419 837 1521 885; x_wconf 89' lang='lat' dir='ltr'>dies</span> <span class='ocrx_word' id='word_1_56' title='bbox 1556 836 1793 897; x_wconf 89' lang='lat' dir='ltr'>cinerum,</span> <span class='ocrx_word' id='word_1_57' title='bbox 1827 839 1913 886; x_wconf 88' lang='lat' dir='ltr'>SS.</span> <span class='ocrx_word' id='word_1_58' title='bbox 1943 841 1997 887; x_wconf 92' lang='lat' dir='ltr'>D.</span> <span class='ocrx_word' id='word_1_59' title='bbox 2022 840 2100 897; x_wconf 89' lang='lat' dir='ltr'>N.‚</span> 
     </span>
     <span class='ocr_line' id='line_1_8' title="bbox 330 918 2102 984; baseline -0.001 -16"><span class='ocrx_word' id='word_1_60' title='bbox 330 921 523 969; x_wconf 88' lang='lat' dir='ltr'>indutus</span> <span class='ocrx_word' id='word_1_61' title='bbox 562 920 757 979; x_wconf 90' lang='lat' dir='ltr'>amictu,</span> <span class='ocrx_word' id='word_1_62' title='bbox 800 920 924 978; x_wconf 92' lang='lat' dir='ltr'>alba,</span> <span class='ocrx_word' id='word_1_63' title='bbox 969 919 1179 984; x_wconf 87' lang='lat' dir='ltr'>cingulo,</span> <span class='ocrx_word' id='word_1_64' title='bbox 1223 919 1346 967; x_wconf 89' lang='lat' dir='ltr'>stola</span> <span class='ocrx_word' id='word_1_65' title='bbox 1381 918 1611 979; x_wconf 90' lang='lat' dir='ltr'>violacea,</span> <span class='ocrx_word' id='word_1_66' title='bbox 1651 919 1841 984; x_wconf 88' lang='lat' dir='ltr'>pluviali</span> <span class='ocrx_word' id='word_1_67' title='bbox 1879 920 2029 968; x_wconf 89' lang='lat' dir='ltr'>rubeo</span> <span class='ocrx_word' id='word_1_68' title='bbox 2057 922 2102 968; x_wconf 89' lang='lat' dir='ltr'>et</span> 
     </span>
     <span class='ocr_line' id='line_1_9' title="bbox 330 1000 2103 1067; baseline -0.001 -16"><span class='ocrx_word' id='word_1_69' title='bbox 330 1004 469 1051; x_wconf 90' lang='lat' dir='ltr'>mitra</span> <span class='ocrx_word' id='word_1_70' title='bbox 505 1003 562 1051; x_wconf 92' lang='lat' dir='ltr'>de</span> <span class='ocrx_word' id='word_1_71' title='bbox 596 1002 740 1067; x_wconf 90' lang='lat' dir='ltr'>perlis</span> <span class='ocrx_word' id='word_1_72' title='bbox 770 1002 1003 1066; x_wconf 85' lang='lat' dir='ltr'>simplice,</span> <span class='ocrx_word' id='word_1_73' title='bbox 1034 1002 1164 1051; x_wconf 84' lang='lat' dir='ltr'>venit</span> <span class='ocrx_word' id='word_1_74' title='bbox 1197 1003 1256 1050; x_wconf 90' lang='lat' dir='ltr'>ad</span> <span class='ocrx_word' id='word_1_75' title='bbox 1285 1003 1520 1066; x_wconf 89' lang='lat' dir='ltr'>capellam</span> <span class='ocrx_word' id='word_1_76' title='bbox 1556 1004 1795 1067; x_wconf 88' lang='lat' dir='ltr'>majorem</span> <span class='ocrx_word' id='word_1_77' title='bbox 1828 1001 1991 1066; x_wconf 88' lang='lat' dir='ltr'>palatii</span> <span class='ocrx_word' id='word_1_78' title='bbox 2029 1000 2103 1050; x_wconf 91' lang='lat' dir='ltr'>sui</span> 
     </span>
     <span class='ocr_line' id='line_1_10' title="bbox 335 1071 2121 1150; baseline -0.001 -16"><span class='ocrx_word' id='word_1_79' title='bbox 335 1086 459 1150; x_wconf 90' lang='lat' dir='ltr'>apud</span> <span class='ocrx_word' id='word_1_80' title='bbox 481 1103 517 1134; x_wconf 91' lang='lat' dir='ltr'>s.</span> <span class='ocrx_word' id='word_1_81' title='bbox 550 1088 761 1144; x_wconf 85' lang='lat' dir='ltr'>Petrum,</span> <span class='ocrx_word' id='word_1_82' title='bbox 798 1085 944 1133; x_wconf 88' lang='lat' dir='ltr'>oravit</span> <span class='ocrx_word' id='word_1_83' title='bbox 981 1085 1030 1133; x_wconf 90' lang='lat' dir='ltr'>in</span> <span class='ocrx_word' id='word_1_84' title='bbox 1059 1085 1342 1144; x_wconf 88' lang='lat' dir='ltr'>faldistorio,</span> <span class='ocrx_word' id='word_1_85' title='bbox 1367 1083 1584 1134; x_wconf 89' lang='lat' dir='ltr'>ascendit</span> <span class='ocrx_word' id='word_1_86' title='bbox 1616 1087 1676 1134; x_wconf 89' lang='lat' dir='ltr'>ad</span> <span class='ocrx_word' id='word_1_87' title='bbox 1706 1085 1895 1143; x_wconf 79' lang='lat' dir='ltr'>solium,</span> <span class='ocrx_word' id='word_1_88' title='bbox 1919 1071 2121 1148; x_wconf 77' lang='lat' dir='ltr'>recepit</span> 
     </span>
     <span class='ocr_line' id='line_1_11' title="bbox 335 1168 2104 1231; baseline -0.001 -14"><span class='ocrx_word' id='word_1_89' title='bbox 335 1169 602 1218; x_wconf 83' lang='lat' dir='ltr'>cardinales</span> <span class='ocrx_word' id='word_1_90' title='bbox 623 1169 684 1216; x_wconf 91' lang='lat' dir='ltr'>ad</span> <span class='ocrx_word' id='word_1_91' title='bbox 704 1168 1021 1217; x_wconf 91' lang='lat' dir='ltr'>reverentiam</span> <span class='ocrx_word' id='word_1_92' title='bbox 1049 1183 1184 1217; x_wconf 90' lang='lat' dir='ltr'>more</span> <span class='ocrx_word' id='word_1_93' title='bbox 1207 1169 1362 1218; x_wconf 88' lang='lat' dir='ltr'>solito.</span> <span class='ocrx_word' id='word_1_94' title='bbox 1385 1169 1543 1218; x_wconf 89' lang='lat' dir='ltr'>Ultimi</span> <span class='ocrx_word' id='word_1_95' title='bbox 1570 1170 1661 1217; x_wconf 91' lang='lat' dir='ltr'>duo</span> <span class='ocrx_word' id='word_1_96' title='bbox 1690 1168 1974 1227; x_wconf 86' lang='lat' dir='ltr'>cardinales,</span> <span class='ocrx_word' id='word_1_97' title='bbox 1994 1171 2104 1231; x_wconf 88' lang='lat' dir='ltr'>post</span> 
     </span>
     <span class='ocr_line' id='line_1_12' title="bbox 335 1251 2104 1316; baseline -0.001 -17"><span class='ocrx_word' id='word_1_98' title='bbox 335 1252 649 1301; x_wconf 89' lang='lat' dir='ltr'>reverentiam</span> <span class='ocrx_word' id='word_1_99' title='bbox 668 1251 841 1299; x_wconf 89' lang='lat' dir='ltr'>factam</span> <span class='ocrx_word' id='word_1_100' title='bbox 863 1251 1147 1300; x_wconf 85' lang='lat' dir='ltr'>assisterunt</span> <span class='ocrx_word' id='word_1_101' title='bbox 1166 1252 1396 1316; x_wconf 85' lang='lat' dir='ltr'>pontifici.</span> <span class='ocrx_word' id='word_1_102' title='bbox 1420 1252 1632 1311; x_wconf 86' lang='lat' dir='ltr'>Interim,</span> <span class='ocrx_word' id='word_1_103' title='bbox 1654 1252 1733 1316; x_wconf 89' lang='lat' dir='ltr'>qui</span> <span class='ocrx_word' id='word_1_104' title='bbox 1754 1251 2038 1299; x_wconf 85' lang='lat' dir='ltr'>assistebant</span> <span class='ocrx_word' id='word_1_105' title='bbox 2056 1254 2104 1299; x_wconf 90' lang='lat' dir='ltr'>et</span> 
     </span>
     <span class='ocr_line' id='line_1_13' title="bbox 331 1334 2103 1399; baseline -0.001 -17"><span class='ocrx_word' id='word_1_106' title='bbox 331 1334 408 1382; x_wconf 91' lang='lat' dir='ltr'>alii</span> <span class='ocrx_word' id='word_1_107' title='bbox 431 1350 599 1383; x_wconf 91' lang='lat' dir='ltr'>omnes</span> <span class='ocrx_word' id='word_1_108' title='bbox 620 1339 911 1399; x_wconf 83' lang='lat' dir='ltr'>acceperunt</span> <span class='ocrx_word' id='word_1_109' title='bbox 938 1338 1216 1398; x_wconf 87' lang='lat' dir='ltr'>paramenta</span> <span class='ocrx_word' id='word_1_110' title='bbox 1245 1339 1493 1394; x_wconf 85' lang='lat' dir='ltr'>consueta,</span> <span class='ocrx_word' id='word_1_111' title='bbox 1521 1335 1694 1398; x_wconf 90' lang='lat' dir='ltr'>quibus</span> <span class='ocrx_word' id='word_1_112' title='bbox 1715 1334 1908 1398; x_wconf 89' lang='lat' dir='ltr'>paratis,</span> <span class='ocrx_word' id='word_1_113' title='bbox 1933 1349 2103 1382; x_wconf 89' lang='lat' dir='ltr'>ascen-</span> 
     </span>
     <span class='ocr_line' id='line_1_14' title="bbox 331 1413 2103 1483; baseline -0.002 -18"><span class='ocrx_word' id='word_1_114' title='bbox 331 1417 504 1466; x_wconf 89' lang='lat' dir='ltr'>derunt</span> <span class='ocrx_word' id='word_1_115' title='bbox 523 1418 664 1483; x_wconf 77' lang='lat' dir='ltr'>prImi</span> <span class='ocrx_word' id='word_1_116' title='bbox 686 1417 780 1466; x_wconf 90' lang='lat' dir='ltr'>duo</span> <span class='ocrx_word' id='word_1_117' title='bbox 809 1418 869 1466; x_wconf 89' lang='lat' dir='ltr'>ad</span> <span class='ocrx_word' id='word_1_118' title='bbox 895 1418 1193 1482; x_wconf 88' lang='lat' dir='ltr'>pontificem,</span> <span class='ocrx_word' id='word_1_119' title='bbox 1226 1422 1273 1467; x_wconf 89' lang='lat' dir='ltr'>et</span> <span class='ocrx_word' id='word_1_120' title='bbox 1300 1418 1378 1466; x_wconf 90' lang='lat' dir='ltr'>alii</span> <span class='ocrx_word' id='word_1_121' title='bbox 1406 1419 1502 1467; x_wconf 92' lang='lat' dir='ltr'>duo</span> <span class='ocrx_word' id='word_1_122' title='bbox 1531 1416 1882 1466; x_wconf 88' lang='lat' dir='ltr'>descendentes</span> <span class='ocrx_word' id='word_1_123' title='bbox 1908 1416 1958 1464; x_wconf 92' lang='lat' dir='ltr'>in</span> <span class='ocrx_word' id='word_1_124' title='bbox 1983 1413 2103 1464; x_wconf 86' lang='lat' dir='ltr'>locis</span> 
     </span>
     <span class='ocr_line' id='line_1_15' title="bbox 333 1499 2103 1565; baseline -0.001 -18"><span class='ocrx_word' id='word_1_125' title='bbox 333 1501 428 1549; x_wconf 89' lang='lat' dir='ltr'>suis</span> <span class='ocrx_word' id='word_1_126' title='bbox 457 1501 600 1550; x_wconf 89' lang='lat' dir='ltr'>etiam</span> <span class='ocrx_word' id='word_1_127' title='bbox 627 1504 910 1565; x_wconf 89' lang='lat' dir='ltr'>paramenta</span> <span class='ocrx_word' id='word_1_128' title='bbox 938 1505 1186 1564; x_wconf 85' lang='lat' dir='ltr'>ceperunt.</span> <span class='ocrx_word' id='word_1_129' title='bbox 1219 1501 1449 1550; x_wconf 87' lang='lat' dir='ltr'>Omnibus</span> <span class='ocrx_word' id='word_1_130' title='bbox 1478 1500 1673 1565; x_wconf 90' lang='lat' dir='ltr'>paratis,</span> <span class='ocrx_word' id='word_1_131' title='bbox 1701 1503 1757 1548; x_wconf 93' lang='lat' dir='ltr'>D.</span> <span class='ocrx_word' id='word_1_132' title='bbox 1784 1499 2103 1564; x_wconf 85' lang='lat' dir='ltr'>Hieronymus</span> 
     </span>
     <span class='ocr_line' id='line_1_16' title="bbox 332 1580 2104 1650; baseline -0.002 -18"><span class='ocrx_word' id='word_1_133' title='bbox 332 1585 621 1649; x_wconf 86' lang='lat' dir='ltr'>Calagranus</span> <span class='ocrx_word' id='word_1_134' title='bbox 643 1586 962 1634; x_wconf 90' lang='lat' dir='ltr'>subdiaconus</span> <span class='ocrx_word' id='word_1_135' title='bbox 985 1586 1294 1650; x_wconf 91' lang='lat' dir='ltr'>apostolicus,</span> <span class='ocrx_word' id='word_1_136' title='bbox 1317 1588 1515 1649; x_wconf 89' lang='lat' dir='ltr'>accepto</span> <span class='ocrx_word' id='word_1_137' title='bbox 1537 1584 1595 1633; x_wconf 88' lang='lat' dir='ltr'>ab</span> <span class='ocrx_word' id='word_1_138' title='bbox 1617 1582 1752 1632; x_wconf 88' lang='lat' dir='ltr'>altari</span> <span class='ocrx_word' id='word_1_139' title='bbox 1772 1581 1914 1631; x_wconf 89' lang='lat' dir='ltr'>bacili</span> <span class='ocrx_word' id='word_1_140' title='bbox 1935 1580 2104 1630; x_wconf 88' lang='lat' dir='ltr'>cineri-</span> 
     </span>
     <span class='ocr_line' id='line_1_17' title="bbox 329 1663 2103 1733; baseline -0.002 -19"><span class='ocrx_word' id='word_1_141' title='bbox 329 1667 416 1715; x_wconf 90' lang='lat' dir='ltr'>bus</span> <span class='ocrx_word' id='word_1_142' title='bbox 450 1669 611 1733; x_wconf 92' lang='lat' dir='ltr'>pleno,</span> <span class='ocrx_word' id='word_1_143' title='bbox 645 1669 760 1717; x_wconf 90' lang='lat' dir='ltr'>illud</span> <span class='ocrx_word' id='word_1_144' title='bbox 792 1669 851 1717; x_wconf 89' lang='lat' dir='ltr'>ad</span> <span class='ocrx_word' id='word_1_145' title='bbox 879 1669 1127 1717; x_wconf 87' lang='lat' dir='ltr'>dexteram</span> <span class='ocrx_word' id='word_1_146' title='bbox 1153 1669 1396 1733; x_wconf 85' lang='lat' dir='ltr'>pontificis</span> <span class='ocrx_word' id='word_1_147' title='bbox 1423 1668 1592 1717; x_wconf 87' lang='lat' dir='ltr'>tenuit.</span> <span class='ocrx_word' id='word_1_148' title='bbox 1625 1670 1754 1732; x_wconf 89' lang='lat' dir='ltr'>Papa</span> <span class='ocrx_word' id='word_1_149' title='bbox 1784 1665 1957 1715; x_wconf 91' lang='lat' dir='ltr'>sedens</span> <span class='ocrx_word' id='word_1_150' title='bbox 1985 1663 2103 1713; x_wconf 86' lang='lat' dir='ltr'>dixit</span> 
     </span>
     <span class='ocr_line' id='line_1_18' title="bbox 330 1746 2101 1816; baseline -0.001 -19"><span class='ocrx_word' id='word_1_151' title='bbox 330 1750 642 1815; x_wconf 85' lang='lat' dir='ltr'>antiphonam</span> <span class='ocrx_word' id='word_1_152' title='bbox 664 1768 773 1800; x_wconf 91' lang='lat' dir='ltr'>cum</span> <span class='ocrx_word' id='word_1_153' title='bbox 796 1753 953 1800; x_wconf 89' lang='lat' dir='ltr'>mitra.</span> <span class='ocrx_word' id='word_1_154' title='bbox 971 1754 1110 1811; x_wconf 91' lang='lat' dir='ltr'>Tum,</span> <span class='ocrx_word' id='word_1_155' title='bbox 1131 1752 1348 1816; x_wconf 90' lang='lat' dir='ltr'>deposita</span> <span class='ocrx_word' id='word_1_156' title='bbox 1368 1751 1525 1812; x_wconf 86' lang='lat' dir='ltr'>mitra,</span> <span class='ocrx_word' id='word_1_157' title='bbox 1558 1749 1761 1799; x_wconf 87' lang='lat' dir='ltr'>surrexit</span> <span class='ocrx_word' id='word_1_158' title='bbox 1782 1752 1830 1797; x_wconf 88' lang='lat' dir='ltr'>et</span> <span class='ocrx_word' id='word_1_159' title='bbox 1856 1747 1972 1797; x_wconf 86' lang='lat' dir='ltr'>dixit</span> <span class='ocrx_word' id='word_1_160' title='bbox 1997 1746 2101 1796; x_wconf 82' lang='lat' dir='ltr'>illas</span> 
     </span>
     <span class='ocr_line' id='line_1_19' title="bbox 331 1829 2101 1899; baseline -0.003 -17"><span class='ocrx_word' id='word_1_161' title='bbox 331 1839 536 1896; x_wconf 90' lang='lat' dir='ltr'>quatuor</span> <span class='ocrx_word' id='word_1_162' title='bbox 571 1836 830 1894; x_wconf 89' lang='lat' dir='ltr'>orationes,</span> <span class='ocrx_word' id='word_1_163' title='bbox 873 1839 1016 1899; x_wconf 88' lang='lat' dir='ltr'>prout</span> <span class='ocrx_word' id='word_1_164' title='bbox 1055 1835 1102 1883; x_wconf 93' lang='lat' dir='ltr'>in</span> <span class='ocrx_word' id='word_1_165' title='bbox 1143 1835 1401 1890; x_wconf 89' lang='lat' dir='ltr'>ordinario,</span> <span class='ocrx_word' id='word_1_166' title='bbox 1443 1834 1721 1883; x_wconf 90' lang='lat' dir='ltr'>cantoribus</span> <span class='ocrx_word' id='word_1_167' title='bbox 1750 1831 1944 1880; x_wconf 89' lang='lat' dir='ltr'>interim</span> <span class='ocrx_word' id='word_1_168' title='bbox 1981 1829 2101 1878; x_wconf 90' lang='lat' dir='ltr'>nihil</span> 
     </span>
     <span class='ocr_line' id='line_1_20' title="bbox 331 1911 2100 1982; baseline -0.003 -18"><span class='ocrx_word' id='word_1_169' title='bbox 331 1918 651 1978; x_wconf 88' lang='lat' dir='ltr'>cantantibus,</span> <span class='ocrx_word' id='word_1_170' title='bbox 677 1918 786 1981; x_wconf 85' lang='lat' dir='ltr'>quia</span> <span class='ocrx_word' id='word_1_171' title='bbox 807 1918 874 1966; x_wconf 91' lang='lat' dir='ltr'>sic</span> <span class='ocrx_word' id='word_1_172' title='bbox 892 1919 1074 1982; x_wconf 86' lang='lat' dir='ltr'>justum</span> <span class='ocrx_word' id='word_1_173' title='bbox 1097 1922 1184 1966; x_wconf 87' lang='lat' dir='ltr'>est.</span> <span class='ocrx_word' id='word_1_174' title='bbox 1212 1917 1416 1965; x_wconf 90' lang='lat' dir='ltr'>Domino</span> <span class='ocrx_word' id='word_1_175' title='bbox 1446 1916 1671 1981; x_wconf 88' lang='lat' dir='ltr'>episcopo</span> <span class='ocrx_word' id='word_1_176' title='bbox 1693 1913 1930 1972; x_wconf 91' lang='lat' dir='ltr'>Pientino,</span> <span class='ocrx_word' id='word_1_177' title='bbox 1955 1911 2100 1973; x_wconf 86' lang='lat' dir='ltr'>finitis</span> 
     </span>
     <span class='ocr_line' id='line_1_21' title="bbox 330 1992 2098 2066; baseline -0.002 -19"><span class='ocrx_word' id='word_1_178' title='bbox 330 2000 643 2060; x_wconf 89' lang='lat' dir='ltr'>orationibus,</span> <span class='ocrx_word' id='word_1_179' title='bbox 695 2001 995 2050; x_wconf 87' lang='lat' dir='ltr'>ministrante</span> <span class='ocrx_word' id='word_1_180' title='bbox 1022 1992 1324 2066; x_wconf 67' lang='lat' dir='ltr'>⁴presbytero</span> <span class='ocrx_word' id='word_1_181' title='bbox 1358 2001 1598 2048; x_wconf 87' lang='lat' dir='ltr'>cardinale</span> <span class='ocrx_word' id='word_1_182' title='bbox 1638 1998 1922 2057; x_wconf 86' lang='lat' dir='ltr'>naviculam,</span> <span class='ocrx_word' id='word_1_183' title='bbox 1974 1999 2098 2061; x_wconf 84' lang='lat' dir='ltr'>Papa</span> 
     </span>
     <span class='ocr_line' id='line_1_22' title="bbox 331 2078 2103 2147; baseline -0.001 -19"><span class='ocrx_word' id='word_1_184' title='bbox 331 2081 504 2129; x_wconf 89' lang='lat' dir='ltr'>sedens</span> <span class='ocrx_word' id='word_1_185' title='bbox 527 2082 629 2130; x_wconf 94' lang='lat' dir='ltr'>sine</span> <span class='ocrx_word' id='word_1_186' title='bbox 651 2082 791 2130; x_wconf 89' lang='lat' dir='ltr'>mitra</span> <span class='ocrx_word' id='word_1_187' title='bbox 811 2082 1038 2146; x_wconf 91' lang='lat' dir='ltr'>imposuit</span> <span class='ocrx_word' id='word_1_188' title='bbox 1059 2083 1323 2130; x_wconf 91' lang='lat' dir='ltr'>incensum.</span> <span class='ocrx_word' id='word_1_189' title='bbox 1339 2084 1539 2147; x_wconf 88' lang='lat' dir='ltr'>Detecto</span> <span class='ocrx_word' id='word_1_190' title='bbox 1554 2081 1709 2144; x_wconf 86' lang='lat' dir='ltr'>capite</span> <span class='ocrx_word' id='word_1_191' title='bbox 1726 2084 1874 2140; x_wconf 90' lang='lat' dir='ltr'>stans,</span> <span class='ocrx_word' id='word_1_192' title='bbox 1900 2078 2103 2144; x_wconf 86' lang='lat' dir='ltr'>aspersit</span> 
     </span>
     <span class='ocr_line' id='line_1_23' title="bbox 329 2163 2099 2225; baseline -0.003 -12"><span class='ocrx_word' id='word_1_193' title='bbox 329 2165 516 2213; x_wconf 89' lang='lat' dir='ltr'>cineres</span> <span class='ocrx_word' id='word_1_194' title='bbox 540 2169 586 2213; x_wconf 89' lang='lat' dir='ltr'>et</span> <span class='ocrx_word' id='word_1_195' title='bbox 607 2166 898 2225; x_wconf 82' lang='lat' dir='ltr'>incensavit3</span> <span class='ocrx_word' id='word_1_196' title='bbox 924 2165 1097 2213; x_wconf 91' lang='lat' dir='ltr'>deinde</span> <span class='ocrx_word' id='word_1_197' title='bbox 1122 2165 1325 2214; x_wconf 87' lang='lat' dir='ltr'>accessit</span> <span class='ocrx_word' id='word_1_198' title='bbox 1352 2165 1411 2213; x_wconf 91' lang='lat' dir='ltr'>de</span> <span class='ocrx_word' id='word_1_199' title='bbox 1438 2164 1702 2212; x_wconf 86' lang='lat' dir='ltr'>faldistorio</span> <span class='ocrx_word' id='word_1_200' title='bbox 1734 2178 1821 2212; x_wconf 91' lang='lat' dir='ltr'>suo</span> <span class='ocrx_word' id='word_1_201' title='bbox 1852 2165 2015 2211; x_wconf 89' lang='lat' dir='ltr'>Rmus.</span> <span class='ocrx_word' id='word_1_202' title='bbox 2040 2163 2099 2210; x_wconf 88' lang='lat' dir='ltr'>D.</span> 
     </span>
     <span class='ocr_line' id='line_1_24' title="bbox 329 2244 2103 2310; baseline -0.001 -15"><span class='ocrx_word' id='word_1_203' title='bbox 329 2248 583 2296; x_wconf 87' lang='lat' dir='ltr'>cardinalis</span> <span class='ocrx_word' id='word_1_204' title='bbox 615 2266 652 2297; x_wconf 92' lang='lat' dir='ltr'>s.</span> <span class='ocrx_word' id='word_1_205' title='bbox 686 2249 814 2297; x_wconf 85' lang='lat' dir='ltr'>Petri</span> <span class='ocrx_word' id='word_1_206' title='bbox 852 2249 911 2297; x_wconf 93' lang='lat' dir='ltr'>ad</span> <span class='ocrx_word' id='word_1_207' title='bbox 942 2248 1148 2298; x_wconf 82' lang='lat' dir='ltr'>Vincula</span> <span class='ocrx_word' id='word_1_208' title='bbox 1179 2265 1282 2296; x_wconf 92' lang='lat' dir='ltr'>rem</span> <span class='ocrx_word' id='word_1_209' title='bbox 1313 2248 1519 2296; x_wconf 90' lang='lat' dir='ltr'>divinam</span> <span class='ocrx_word' id='word_1_210' title='bbox 1549 2250 1848 2310; x_wconf 88' lang='lat' dir='ltr'>peracturus,</span> <span class='ocrx_word' id='word_1_211' title='bbox 1880 2244 2103 2294; x_wconf 87' lang='lat' dir='ltr'>omnibus</span> 
     </span>
     <span class='ocr_line' id='line_1_25' title="bbox 327 2326 2101 2396; baseline -0.002 -17"><span class='ocrx_word' id='word_1_212' title='bbox 327 2332 641 2395; x_wconf 85' lang='lat' dir='ltr'>paramentis,</span> <span class='ocrx_word' id='word_1_213' title='bbox 666 2332 961 2380; x_wconf 81' lang='lat' dir='ltr'>chirothecis</span> <span class='ocrx_word' id='word_1_214' title='bbox 984 2335 1031 2380; x_wconf 90' lang='lat' dir='ltr'>et</span> <span class='ocrx_word' id='word_1_215' title='bbox 1052 2331 1230 2379; x_wconf 91' lang='lat' dir='ltr'>annulo</span> <span class='ocrx_word' id='word_1_216' title='bbox 1251 2331 1514 2396; x_wconf 85' lang='lat' dir='ltr'>pontificali</span> <span class='ocrx_word' id='word_1_217' title='bbox 1537 2330 1767 2394; x_wconf 90' lang='lat' dir='ltr'>exceptis,</span> <span class='ocrx_word' id='word_1_218' title='bbox 1792 2329 1986 2377; x_wconf 90' lang='lat' dir='ltr'>indutus</span> <span class='ocrx_word' id='word_1_219' title='bbox 2006 2344 2016 2388; x_wconf 92' lang='lat'>;</span> <span class='ocrx_word' id='word_1_220' title='bbox 2042 2326 2101 2376; x_wconf 89' lang='lat' dir='ltr'>ad</span> 
     </span>
     <span class='ocr_line' id='line_1_26' title="bbox 327 2409 2099 2476; baseline -0.001 -16"><span class='ocrx_word' id='word_1_221' title='bbox 327 2414 607 2476; x_wconf 88' lang='lat' dir='ltr'>pontificem</span> <span class='ocrx_word' id='word_1_222' title='bbox 662 2430 826 2462; x_wconf 90' lang='lat' dir='ltr'>coram</span> <span class='ocrx_word' id='word_1_223' title='bbox 870 2415 971 2462; x_wconf 88' lang='lat' dir='ltr'>sine</span> <span class='ocrx_word' id='word_1_224' title='bbox 1013 2414 1156 2462; x_wconf 90' lang='lat' dir='ltr'>mitra</span> <span class='ocrx_word' id='word_1_225' title='bbox 1204 2415 1453 2462; x_wconf 89' lang='lat' dir='ltr'>sedentem</span> <span class='ocrx_word' id='word_1_226' title='bbox 1493 2416 1640 2472; x_wconf 91' lang='lat' dir='ltr'>stans,</span> <span class='ocrx_word' id='word_1_227' title='bbox 1681 2412 1874 2468; x_wconf 88' lang='lat' dir='ltr'>detecto</span> <span class='ocrx_word' id='word_1_228' title='bbox 1916 2409 2099 2474; x_wconf 89' lang='lat' dir='ltr'>capite,</span> 
     </span>
     <span class='ocr_line' id='line_1_27' title="bbox 327 2492 2103 2561; baseline -0.002 -17"><span class='ocrx_word' id='word_1_229' title='bbox 327 2497 554 2561; x_wconf 86' lang='lat' dir='ltr'>imposuit</span> <span class='ocrx_word' id='word_1_230' title='bbox 579 2497 646 2544; x_wconf 91' lang='lat' dir='ltr'>illi</span> <span class='ocrx_word' id='word_1_231' title='bbox 675 2498 862 2546; x_wconf 90' lang='lat' dir='ltr'>cineres</span> <span class='ocrx_word' id='word_1_232' title='bbox 894 2497 1014 2544; x_wconf 90' lang='lat' dir='ltr'>nihil</span> <span class='ocrx_word' id='word_1_233' title='bbox 1042 2497 1224 2544; x_wconf 88' lang='lat' dir='ltr'>dicens.</span> <span class='ocrx_word' id='word_1_234' title='bbox 1255 2499 1374 2544; x_wconf 91' lang='lat' dir='ltr'>Tum</span> <span class='ocrx_word' id='word_1_235' title='bbox 1399 2495 1630 2558; x_wconf 83' lang='lat' dir='ltr'>pontifex,</span> <span class='ocrx_word' id='word_1_236' title='bbox 1664 2496 1862 2556; x_wconf 89' lang='lat' dir='ltr'>accepta</span> <span class='ocrx_word' id='word_1_237' title='bbox 1888 2492 2028 2541; x_wconf 90' lang='lat' dir='ltr'>mitra</span> <span class='ocrx_word' id='word_1_238' title='bbox 2054 2496 2103 2541; x_wconf 87' lang='lat' dir='ltr'>et</span> 
     </span>
     <span class='ocr_line' id='line_1_28' title="bbox 330 2574 2098 2643; baseline -0.003 -16"><span class='ocrx_word' id='word_1_239' title='bbox 330 2579 551 2643; x_wconf 90' lang='lat' dir='ltr'>imposito</span> <span class='ocrx_word' id='word_1_240' title='bbox 575 2580 662 2627; x_wconf 92' lang='lat' dir='ltr'>sibi</span> <span class='ocrx_word' id='word_1_241' title='bbox 682 2579 916 2643; x_wconf 86' lang='lat' dir='ltr'>gremiali,</span> <span class='ocrx_word' id='word_1_242' title='bbox 941 2579 1169 2643; x_wconf 91' lang='lat' dir='ltr'>imposuit</span> <span class='ocrx_word' id='word_1_243' title='bbox 1190 2578 1377 2627; x_wconf 87' lang='lat' dir='ltr'>cineres</span> <span class='ocrx_word' id='word_1_244' title='bbox 1393 2577 1633 2635; x_wconf 78' lang='lat' dir='ltr'>omnibUS,</span> <span class='ocrx_word' id='word_1_245' title='bbox 1655 2576 1812 2639; x_wconf 88' lang='lat' dir='ltr'>primo</span> <span class='ocrx_word' id='word_1_246' title='bbox 1834 2574 2098 2624; x_wconf 91' lang='lat' dir='ltr'>celebranti</span> 
     </span>
     <span class='ocr_line' id='line_1_29' title="bbox 328 2660 2095 2722; baseline -0.001 -12"><span class='ocrx_word' id='word_1_247' title='bbox 328 2662 500 2710; x_wconf 89' lang='lat' dir='ltr'>deinde</span> <span class='ocrx_word' id='word_1_248' title='bbox 540 2662 662 2722; x_wconf 91' lang='lat' dir='ltr'>aliis,</span> <span class='ocrx_word' id='word_1_249' title='bbox 700 2662 976 2710; x_wconf 90' lang='lat' dir='ltr'>cantoribus</span> <span class='ocrx_word' id='word_1_250' title='bbox 1011 2662 1202 2710; x_wconf 90' lang='lat' dir='ltr'>interim</span> <span class='ocrx_word' id='word_1_251' title='bbox 1236 2661 1536 2710; x_wconf 85' lang='lat' dir='ltr'>cantantibus</span> <span class='ocrx_word' id='word_1_252' title='bbox 1571 2676 1581 2708; x_wconf 77' lang='grc' dir='ltr'>ε</span> <span class='ocrx_word' id='word_1_253' title='bbox 1612 2660 1944 2719; x_wconf 81' lang='lat' dir='ltr'>Immutemur,</span> <span class='ocrx_word' id='word_1_254' title='bbox 1983 2667 2095 2718; x_wconf 80' lang='lat' dir='ltr'>et0.;</span> 
     </span>
     <span class='ocr_line' id='line_1_30' title="bbox 327 2742 2094 2809; baseline -0.002 -17"><span class='ocrx_word' id='word_1_255' title='bbox 327 2761 419 2809; x_wconf 92' lang='lat' dir='ltr'>quo</span> <span class='ocrx_word' id='word_1_256' title='bbox 446 2746 589 2805; x_wconf 87' lang='lat' dir='ltr'>facto,</span> <span class='ocrx_word' id='word_1_257' title='bbox 622 2749 749 2809; x_wconf 90' lang='lat' dir='ltr'>Papa</span> <span class='ocrx_word' id='word_1_258' title='bbox 774 2745 885 2793; x_wconf 88' lang='lat' dir='ltr'>lavit</span> <span class='ocrx_word' id='word_1_259' title='bbox 909 2761 1078 2793; x_wconf 89' lang='lat' dir='ltr'>manus</span> <span class='ocrx_word' id='word_1_260' title='bbox 1106 2751 1153 2794; x_wconf 93' lang='lat' dir='ltr'>et</span> <span class='ocrx_word' id='word_1_261' title='bbox 1184 2745 1300 2794; x_wconf 83' lang='lat' dir='ltr'>dixit</span> <span class='ocrx_word' id='word_1_262' title='bbox 1341 2744 1609 2792; x_wconf 90' lang='lat' dir='ltr'>orationem</span> <span class='ocrx_word' id='word_1_263' title='bbox 1635 2743 1722 2792; x_wconf 89' lang='lat' dir='ltr'>sub</span> <span class='ocrx_word' id='word_1_264' title='bbox 1751 2742 2058 2791; x_wconf 86' lang='lat' dir='ltr'>conclusione</span> <span class='ocrx_word' id='word_1_265' title='bbox 2084 2758 2094 2790; x_wconf 75' lang='grc' dir='ltr'>ε</span> 
     </span>
     <span class='ocr_line' id='line_1_31' title="bbox 327 2825 2096 2891; baseline -0.003 -13"><span class='ocrx_word' id='word_1_266' title='bbox 327 2831 426 2878; x_wconf 80' lang='lat' dir='ltr'>Per</span> <span class='ocrx_word' id='word_1_267' title='bbox 469 2830 707 2878; x_wconf 70' lang='lat' dir='ltr'>Christum</span> <span class='ocrx_word' id='word_1_268' title='bbox 758 2831 1017 2878; x_wconf 76' lang='lat' dir='ltr'>Dominum</span> <span class='ocrx_word' id='word_1_269' title='bbox 1063 2837 1292 2877; x_wconf 73' lang='lat' dir='ltr'>noslrum.</span> <span class='ocrx_word' id='word_1_270' title='bbox 1334 2830 1453 2876; x_wconf 92' lang='lat' dir='ltr'>Tum</span> <span class='ocrx_word' id='word_1_271' title='bbox 1500 2825 1731 2891; x_wconf 82' lang='lat' dir='ltr'>depositis</span> <span class='ocrx_word' id='word_1_272' title='bbox 1773 2826 1831 2874; x_wconf 90' lang='lat' dir='ltr'>ab</span> <span class='ocrx_word' id='word_1_273' title='bbox 1875 2825 2096 2874; x_wconf 91' lang='lat' dir='ltr'>omnibus</span> 
     </span>
     <span class='ocr_line' id='line_1_32' title="bbox 327 2907 2096 2976; baseline -0.002 -17"><span class='ocrx_word' id='word_1_274' title='bbox 327 2911 636 2976; x_wconf 87' lang='lat' dir='ltr'>paramentis,</span> <span class='ocrx_word' id='word_1_275' title='bbox 655 2915 784 2975; x_wconf 89' lang='lat' dir='ltr'>Papa</span> <span class='ocrx_word' id='word_1_276' title='bbox 803 2912 931 2961; x_wconf 89' lang='lat' dir='ltr'>venit</span> <span class='ocrx_word' id='word_1_277' title='bbox 945 2912 1005 2960; x_wconf 90' lang='lat' dir='ltr'>ad</span> <span class='ocrx_word' id='word_1_278' title='bbox 1019 2911 1376 2961; x_wconf 90' lang='lat' dir='ltr'>confessionem</span> <span class='ocrx_word' id='word_1_279' title='bbox 1391 2914 1438 2958; x_wconf 88' lang='lat' dir='ltr'>et</span> <span class='ocrx_word' id='word_1_280' title='bbox 1453 2910 1785 2958; x_wconf 90' lang='lat' dir='ltr'>continuatum</span> <span class='ocrx_word' id='word_1_281' title='bbox 1800 2911 1873 2958; x_wconf 86' lang='lat' dir='ltr'>est</span> <span class='ocrx_word' id='word_1_282' title='bbox 1886 2907 2096 2957; x_wconf 82' lang='lat' dir='ltr'>officium</span> 
     </span>
     <span class='ocr_line' id='line_1_33' title="bbox 328 2988 2169 3059; baseline -0.003 -16"><span class='ocrx_word' id='word_1_283' title='bbox 328 3011 461 3044; x_wconf 92' lang='lat' dir='ltr'>more</span> <span class='ocrx_word' id='word_1_284' title='bbox 490 2995 646 3044; x_wconf 92' lang='lat' dir='ltr'>solito.</span> <span class='ocrx_word' id='word_1_285' title='bbox 677 2997 870 3059; x_wconf 90' lang='lat' dir='ltr'>Incepto</span> <span class='ocrx_word' id='word_1_286' title='bbox 900 3000 1071 3056; x_wconf 87' lang='lat' dir='ltr'>tracto,</span> <span class='ocrx_word' id='word_1_287' title='bbox 1102 2995 1331 3043; x_wconf 90' lang='lat' dir='ltr'>diaconus</span> <span class='ocrx_word' id='word_1_288' title='bbox 1359 2993 1518 3059; x_wconf 85' lang='lat' dir='ltr'>posuit</span> <span class='ocrx_word' id='word_1_289' title='bbox 1542 2993 1716 3041; x_wconf 91' lang='lat' dir='ltr'>librum</span> <span class='ocrx_word' id='word_1_290' title='bbox 1743 2990 2096 3056; x_wconf 90' lang='lat' dir='ltr'>evangeliorum</span> <span class='ocrx_word' id='word_1_291' title='bbox 2167 2988 2169 2990; x_wconf 70' lang='grc'><strong>’</strong></span> 
     </span>
     <span class='ocr_line' id='line_1_34' title="bbox 329 3075 2098 3143; baseline -0.002 -17"><span class='ocrx_word' id='word_1_292' title='bbox 329 3095 475 3143; x_wconf 92' lang='lat' dir='ltr'>super</span> <span class='ocrx_word' id='word_1_293' title='bbox 494 3079 660 3138; x_wconf 89' lang='lat' dir='ltr'>altare,</span> <span class='ocrx_word' id='word_1_294' title='bbox 681 3078 924 3127; x_wconf 89' lang='lat' dir='ltr'>osculatus</span> <span class='ocrx_word' id='word_1_295' title='bbox 946 3083 1018 3127; x_wconf 83' lang='lat' dir='ltr'>est</span> <span class='ocrx_word' id='word_1_296' title='bbox 1035 3079 1209 3143; x_wconf 91' lang='lat' dir='ltr'>pedem</span> <span class='ocrx_word' id='word_1_297' title='bbox 1226 3081 1369 3141; x_wconf 87' lang='lat' dir='ltr'>Pape,</span> <span class='ocrx_word' id='word_1_298' title='bbox 1389 3076 1504 3125; x_wconf 86' lang='lat' dir='ltr'>dixit</span> <span class='ocrx_word' id='word_1_299' title='bbox 1522 3093 1532 3124; x_wconf 90' lang='lat'><strong>:</strong></span> <span class='ocrx_word' id='word_1_300' title='bbox 1549 3075 1755 3134; x_wconf 79' lang='lat' dir='ltr'>Munda,</span> <span class='ocrx_word' id='word_1_301' title='bbox 1774 3082 1881 3135; x_wconf 57' lang='lat' dir='ltr'>etc„</span> <span class='ocrx_word' id='word_1_302' title='bbox 1902 3077 1950 3124; x_wconf 87' lang='lat' dir='ltr'>et</span> <span class='ocrx_word' id='word_1_303' title='bbox 1963 3087 2098 3123; x_wconf 81' lang='lat' dir='ltr'>acce-</span> 
     </span>
     <span class='ocr_line' id='line_1_35' title="bbox 326 3146 2096 3226; baseline -0.003 -16"><span class='ocrx_word' id='word_1_304' title='bbox 326 3162 394 3226; x_wconf 91' lang='lat' dir='ltr'>pit</span> <span class='ocrx_word' id='word_1_305' title='bbox 414 3162 802 3210; x_wconf 88' lang='lat' dir='ltr'>benedictionem</span> <span class='ocrx_word' id='word_1_306' title='bbox 829 3178 856 3210; x_wconf 87' lang='lat' dir='ltr'>a</span> <span class='ocrx_word' id='word_1_307' title='bbox 876 3146 1101 3226; x_wconf 83' lang='lat' dir='ltr'>pontifice</span> <span class='ocrx_word' id='word_1_308' title='bbox 1130 3166 1386 3224; x_wconf 91' lang='lat' dir='ltr'>antequam</span> <span class='ocrx_word' id='word_1_309' title='bbox 1415 3159 1598 3208; x_wconf 83' lang='lat' dir='ltr'>veniret</span> <span class='ocrx_word' id='word_1_310' title='bbox 1627 3158 1687 3207; x_wconf 88' lang='lat' dir='ltr'>ad</span> <span class='ocrx_word' id='word_1_311' title='bbox 1713 3157 2096 3222; x_wconf 86' lang='lat' dir='ltr'>genuflexionem</span> 
     </span>
     <span class='ocr_line' id='line_1_36' title="bbox 326 3240 2096 3308; baseline -0.003 -16"><span class='ocrx_word' id='word_1_312' title='bbox 326 3260 412 3308; x_wconf 90' lang='lat' dir='ltr'>pro</span> <span class='ocrx_word' id='word_1_313' title='bbox 439 3261 575 3294; x_wconf 85' lang='lat' dir='ltr'>versu</span> <span class='ocrx_word' id='word_1_314' title='bbox 600 3261 610 3293; x_wconf 93' lang='lat'>:</span> <span class='ocrx_word' id='word_1_315' title='bbox 634 3244 835 3308; x_wconf 81' lang='lat' dir='ltr'>Adjuva</span> <span class='ocrx_word' id='word_1_316' title='bbox 858 3261 941 3293; x_wconf 77' lang='lat' dir='ltr'>nos</span> <span class='ocrx_word' id='word_1_317' title='bbox 967 3246 1110 3307; x_wconf 64' lang='lat' dir='ltr'>Deua,</span> <span class='ocrx_word' id='word_1_318' title='bbox 1145 3252 1252 3304; x_wconf 85' lang='lat' dir='ltr'>etc.;</span> <span class='ocrx_word' id='word_1_319' title='bbox 1278 3260 1370 3307; x_wconf 87' lang='lat' dir='ltr'>quo</span> <span class='ocrx_word' id='word_1_320' title='bbox 1394 3258 1533 3292; x_wconf 87' lang='lat' dir='ltr'>versu</span> <span class='ocrx_word' id='word_1_321' title='bbox 1561 3242 1714 3303; x_wconf 88' lang='lat' dir='ltr'>finito,</span> <span class='ocrx_word' id='word_1_322' title='bbox 1745 3240 2096 3305; x_wconf 89' lang='lat' dir='ltr'>quamprimum</span> 
     </span>
     <span class='ocr_line' id='line_1_37' title="bbox 327 3324 2094 3393; baseline -0.002 -19"><span class='ocrx_word' id='word_1_323' title='bbox 327 3330 454 3391; x_wconf 89' lang='lat' dir='ltr'>Papa</span> <span class='ocrx_word' id='word_1_324' title='bbox 474 3332 600 3378; x_wconf 88' lang='lat' dir='ltr'>esset</span> <span class='ocrx_word' id='word_1_325' title='bbox 621 3328 669 3376; x_wconf 92' lang='lat' dir='ltr'>in</span> <span class='ocrx_word' id='word_1_326' title='bbox 697 3328 810 3377; x_wconf 90' lang='lat' dir='ltr'>sede</span> <span class='ocrx_word' id='word_1_327' title='bbox 840 3345 984 3393; x_wconf 87' lang='lat' dir='ltr'>supra</span> <span class='ocrx_word' id='word_1_328' title='bbox 1011 3329 1199 3387; x_wconf 91' lang='lat' dir='ltr'>solium,</span> <span class='ocrx_word' id='word_1_329' title='bbox 1236 3326 1414 3391; x_wconf 84' lang='lat' dir='ltr'>incepit</span> <span class='ocrx_word' id='word_1_330' title='bbox 1439 3342 1448 3375; x_wconf 93' lang='lat'><strong>:</strong></span> <span class='ocrx_word' id='word_1_331' title='bbox 1474 3325 1702 3376; x_wconf 78' lang='lat' dir='ltr'>Dominus</span> <span class='ocrx_word' id='word_1_332' title='bbox 1730 3324 1979 3382; x_wconf 78' lang='lat' dir='ltr'>vobiscum,</span> <span class='ocrx_word' id='word_1_333' title='bbox 2008 3337 2094 3387; x_wconf 91' lang='lat' dir='ltr'>pro</span> 
     </span>
     <span class='ocr_line' id='line_1_38' title="bbox 329 3405 2094 3474; baseline -0.003 -17"><span class='ocrx_word' id='word_1_334' title='bbox 329 3411 596 3474; x_wconf 84' lang='lat' dir='ltr'>evangelie.</span> <span class='ocrx_word' id='word_1_335' title='bbox 629 3413 912 3460; x_wconf 87' lang='lat' dir='ltr'>Sermonem</span> <span class='ocrx_word' id='word_1_336' title='bbox 948 3412 1062 3460; x_wconf 85' lang='lat' dir='ltr'>fecit</span> <span class='ocrx_word' id='word_1_337' title='bbox 1089 3410 1282 3474; x_wconf 87' lang='lat' dir='ltr'>quidam</span> <span class='ocrx_word' id='word_1_338' title='bbox 1309 3409 1527 3474; x_wconf 79' lang='lat' dir='ltr'>Aloysius</span> <span class='ocrx_word' id='word_1_339' title='bbox 1554 3411 1786 3468; x_wconf 76' lang='lat' dir='ltr'>Venetu5,</span> <span class='ocrx_word' id='word_1_340' title='bbox 1820 3405 2094 3470; x_wconf 86' lang='lat' dir='ltr'>capellanus</span> 
     </span>
    </p>
   </div>
  </div>
 </body>
</html>
