2262 3958
348 329 413 362 178
951 332 1183 369 JOHANNIS
1211 331 1505 378 BURCHARD1‚
1898 334 1999 374 [Mars
2022 332 2112 374 1486]

345 432 445 481 sine
477 451 637 496 cruce,
674 440 720 483 et
751 433 1060 497 sequentibus
1087 433 1243 496 ipsum
1272 433 1593 482 cardinalibus
1620 434 1915 499 dignioribus
1939 434 2113 498 primo,

342 516 513 565 deinde
552 519 672 566 aliis.
710 517 943 565 Fimbrias
990 533 1158 565 omnes
1200 517 1341 564 simul
1390 518 1616 566 collectas
1664 518 1866 582 portavit
1903 521 2012 582 post
2055 519 2113 565 D.

340 603 555 648 nostrum
594 604 649 648 R.
684 603 735 648 P.
770 602 827 647 D.
863 600 1147 648 Eustachius
1181 600 1573 665 archiepiscopus
1603 601 1895 650 Arelatensis
1929 599 2118 664 dignior

340 697 397 728 ex
436 683 764 731 assistentibus
805 688 905 732 tum
944 685 1246 748 presentibus
1272 704 1281 733 ;
1306 686 1355 733 in
1383 686 1565 750 capella
1592 685 1852 750 genuflexit
1879 684 2115 734 Sanctitas

339 781 424 812 sua
445 770 492 813 et
510 766 659 814 oravit
680 783 815 815 more
838 772 1089 829 consueto,
1117 752 1354 833 episcopis
1373 768 1708 817 assistentibus
1730 767 1943 815 fimbrias
1962 782 2113 831 cappe

336 848 630 910 aptantibus3
657 850 735 913 qui
764 854 1021 914 postquam
1044 850 1394 914 aliquantulum
1426 856 1611 900 orasset
1641 867 1750 900 cum
1769 848 2110 909 cardinalibus,

333 930 468 980 finita
494 933 727 993 oratione,
759 933 975 982 ascendit
1000 935 1061 983 ad
1086 935 1250 983 sedem
1279 935 1571 983 eminentem
1598 937 1814 998 paratam
1839 932 1983 997 pallio
2009 931 2112 980 vio-
2147 975 2149 978 .

331 1014 484 1075 laceo,
509 1032 644 1065 more
663 1022 913 1082 consueto,
945 1016 1024 1066 ubi
1053 1017 1191 1078 sedit,
1224 1017 1362 1065 dictis
1388 1016 1624 1082 episcopis
1653 1015 1986 1064 assistentibus
2008 1013 2112 1062 fim-

332 1098 458 1147 brias
489 1116 637 1165 cappe
670 1102 939 1165 aptantibus
965 1119 973 1149 :
1000 1101 1099 1165 qui,
1133 1106 1388 1166 postquam
1413 1100 1759 1164 aliquantulum
1789 1098 1980 1163 quievit,
2013 1097 2109 1147 feci

333 1183 522 1246 signum
546 1185 793 1232 Sanctitati
827 1201 911 1233 sue
940 1186 1222 1249 genuflexus
1245 1201 1409 1234 coram
1438 1200 1496 1233 eo
1525 1184 1605 1247 qui
1635 1183 1855 1243 surrexit,
1880 1187 1943 1242 et,
1968 1181 2109 1230 semi-

328 1268 518 1316 detecto
547 1269 671 1317 sibi
659 1269 750 1332 1psi
775 1270 950 1332 capite,
977 1270 1262 1318 semiversus
1290 1270 1350 1317 ad
1377 1269 1542 1327 altare,
1571 1267 1688 1316 dixit
1715 1270 1934 1315 seciete:
1958 1266 2107 1314 Pater

326 1359 513 1410 noster,-
542 1368 636 1415 quo
664 1367 751 1416 pel
779 1352 936 1416 ipsum
971 1358 1156 1402 secrete
1195 1353 1454 1417 completo,
1488 1351 1607 1415 tegit
1643 1350 1732 1398 sibi
1764 1350 1854 1413 ipsi
1881 1354 2026 1413 caput
2058 1352 2107 1397 et

328 1434 494 1482 sedit:
535 1435 742 1484 debebat
774 1439 936 1484 tamen
969 1440 1113 1496 stare,
1152 1451 1404 1499 quousque
1446 1438 1686 1493 cantoreS,
1720 1432 1961 1496 completa
1989 1431 2107 1480 anti-

325 1517 505 1580 phona,
536 1518 829 1582 incepissent
855 1519 1113 1583 psalmum.
1146 1523 1374 1568 Cantores
1403 1519 1687 1582 inceperunt
1720 1515 2032 1579 antiphonam
2057 1520 2105 1563 et

324 1602 565 1663 prosecuti
587 1607 698 1650 sunt
719 1603 977 1651 matutinas
995 1606 1136 1667 prout
1150 1603 1199 1650 in
1221 1602 1480 1651 ordinario.
1497 1601 1591 1665 Ipsi
1609 1603 1832 1648 cantores
1851 1602 2107 1649 cantarunt

323 1684 693 1744 lamentationes
715 1690 762 1734 et
781 1686 1015 1734 lectiones
1038 1686 1086 1734 in
1105 1687 1214 1735 loco
1243 1701 1429 1745 eorum,
1465 1685 1545 1733 ubi
1573 1683 1666 1732 alia
1689 1686 1900 1732 cantant.
1936 1682 2102 1731 Finitis

325 1769 569 1818 versiculis
587 1769 746 1833 primi,
774 1770 973 1818 secundi
995 1774 1043 1818 et
1068 1771 1194 1819 tertii
1216 1770 1456 1828 nocturni,
1481 1768 1572 1817 feci
1595 1768 1784 1831 signum
1807 1769 1933 1830 Pape
1955 1781 2108 1830 genu-.

326 1852 475 1900 ssexus
498 1868 662 1899 coram
684 1868 740 1899 eo
763 1852 844 1914 qui
868 1852 1093 1911 surrexit,
1118 1856 1166 1900 et
1186 1852 1376 1900 detecto
1398 1851 1591 1914 sibiipsi
1613 1850 1786 1914 capite,
1813 1849 2099 1898 semiversus

324 1935 382 1982 ad
403 1935 549 1983 altare
571 1938 718 1994 stans,
745 1935 861 1982 dixit
889 1939 1073 1983 secrete
1101 1952 1110 1983 :
1134 1936 1284 1983 Pater
1307 1942 1478 1994 noster,
1510 1949 1602 1997 quo
1630 1949 1718 1997 per
1734 1932 1890 1996 ipsum
1912 1934 2097 1980 secrete

258 2002 262 2006 ⁴
324 2019 583 2082 completo,
609 2018 747 2079 sedit,
774 2019 890 2082 tegit
912 2018 1001 2066 sibi
1023 2019 1112 2083 ipsi
1141 2023 1298 2082 caput,
1325 2017 1539 2082 episcopi
1566 2016 1847 2064 assistentes
1876 2017 2099 2079 aptarunt

324 2102 413 2149 sibi
435 2101 648 2149 fimbrias
670 2117 840 2166 cappe,
866 2107 912 2150 et
934 2106 1156 2150 cantores
1178 2106 1486 2150 cantaverunt
1501 2100 1751 2149 lectiones.
1781 2098 1932 2147 Simili
1952 2097 2097 2147 modo

324 2185 527 2234 surrexit
549 2201 657 2233 cum
679 2185 972 2249 inciperetur
983 2188 1091 2250 post
1111 2185 1419 2244 Benedictus;
1440 2200 1532 2247 quo
1548 2183 1701 2242 finito,
1727 2181 1906 2231 resedit
1927 2197 2100 2245 quous-

323 2284 413 2332 que
428 2269 723 2333 inciperetur
743 2269 1005 2333 antiphona
1035 2288 1044 2317 z
1075 2269 1286 2317 Christus
1311 2270 1470 2334 faetus
1498 2275 1581 2327 est,
1612 2275 1718 2327 ete„
1750 2271 1863 2315 tunc
1891 2265 2098 2314 surrexit

323 2357 371 2400 et
415 2352 663 2400 descendit
700 2352 759 2400 ad
787 2352 1127 2413 faldistorium,
1169 2353 1248 2401 ubi
1277 2351 1537 2416 genuflexit
1573 2351 1764 2399 detecto
1805 2349 1979 2413 capite,
2024 2348 2093 2397 sic

321 2451 540 2494 manens,
575 2451 824 2497 quousque
859 2435 1077 2484 finiretur
1110 2436 1298 2484 Clez‘stzcs
1332 2437 1492 2500 faetus
1525 2441 1607 2493 est,
1653 2441 1738 2481 ete.
1784 2436 1831 2480 et
1873 2436 2096 2479 cantores

322 2516 538 2564 dicerent
564 2522 749 2566 secrete
771 2532 784 2564 ι
808 2518 956 2565 Pater
977 2526 1153 2578 noster,
1189 2518 1360 2566 deinde
1389 2514 1675 2580 intelligibili
1705 2531 1822 2563 voce
1848 2514 2092 2573 Miserere,

319 2608 435 2658 ete.‚·
453 2616 545 2662 quo
571 2601 829 2664 completo,
862 2603 988 2664 Papa
1010 2601 1076 2648 sic
1104 2600 1402 2664 genuflexus,
1429 2600 1545 2648 dixit
1573 2598 1842 2647 orationem
1865 2615 1874 2644 :
1903 2595 2093 2661 Ricespe

319 2700 589 2747 queszcmuS,
635 2684 853 2743 Domine,
905 2691 989 2731 ete.
1043 2684 1138 2732 Sed
1179 2687 1292 2731 nota
1336 2683 1465 2746 quod
1503 2698 1670 2731 omnes
1710 2697 1806 2729 non
1849 2681 2091 2729 debebant

317 2767 661 2830 genuflectere,
683 2767 775 2815 nisi
796 2766 931 2815 finita
951 2767 1227 2831 antiphona,
1253 2766 1463 2815 Christus
1483 2768 1642 2832 faetus
1667 2765 1745 2831 (1)

384 2851 467 2899 His
488 2850 748 2911 matutinis,
773 2850 1090 2898 interfuerunt
1115 2850 1254 2914 pauci
1283 2849 1568 2908 cardinales,
1592 2848 1815 2898 videlicet
1839 2864 1849 2896 ε
1874 2847 2092 2896 vicecan-

319 2934 556 2994 cellarius,
592 2933 966 2998 Andegavensis,
1004 2950 1042 2982 s.
1080 2933 1208 2982 Petri
1245 2933 1304 2982 ad
1343 2933 1546 2984 Vincula
1579 2937 1627 2981 et
1654 2932 1799 2981 credo
1832 2935 1929 2980 tres
1958 2947 2090 2995 pres-

318 3018 471 3082 byteri
510 3022 559 3066 et
596 3021 798 3081 quatuor
836 3017 1023 3065 diaconi
1069 3017 1351 3066 cardinales.
1391 3016 1496 3064 Alia
1539 3017 1663 3064 facta
1709 3018 1819 3063 sunt
1857 3017 2000 3078 prout
2035 3013 2085 3061 in

318 3101 643 3150 ceremoniali.
670 3104 798 3165 Papa
818 3100 975 3159 rediit,
1000 3101 1146 3165 finitis
1167 3099 1430 3158 matutinis,
1456 3099 1515 3147 ad
1533 3113 1794 3158 cameram,
1820 3097 1900 3144 ubi
1924 3113 2089 3145 sacras

368 3282 401 3317 1.
417 3280 466 3317 Le
496 3291 587 3317 mss.
610 3281 677 3316 147
693 3285 729 3316 et
753 3278 786 3315 le
812 3290 902 3316 mss,
925 3277 1030 3326 Chigi
1045 3278 1101 3326 (L.
1128 3279 1161 3314 1.
1185 3279 1246 3316 10.
1268 3276 1293 3313 f.
1311 3276 1411 3324 241),
1432 3274 1743 3313 immediatement
1766 3276 1870 3324 apres
1889 3284 1897 3311 z
1913 3273 2087 3310 Christus

316 3341 460 3385 factus,
477 3340 639 3376 donnent
661 3347 670 3376 ι
691 3353 710 3373 «
731 3338 807 3376 Hoc
822 3346 877 3375 est
890 3338 1031 3384 falsum,
1051 3336 1222 3386 quoniam
1236 3335 1283 3372 ad
1298 3335 1397 3373 istud
1416 3335 1599 3372 vinculum
1616 3335 1713 3384 quod
1734 3333 1936 3372 obedientie
1957 3332 2083 3370 vincu-

316 3396 390 3433 lum
407 3398 497 3434 dixit
513 3399 609 3446 (sic),
627 3399 728 3447 Papa
747 3403 784 3435 et
796 3410 922 3436 omnes
936 3398 973 3435 in
992 3398 1138 3446 signum
1157 3395 1361 3434 obedientie
1380 3395 1643 3443 genuflectunt.
1660 3409 1679 3429 »
1706 3415 1751 3424 —
1772 3394 1874 3433 Cette
1895 3401 2084 3440 remarque

315 3468 471 3506 manque
488 3457 579 3494 dans
593 3458 624 3495 le
637 3468 726 3495 mss.
741 3458 849 3496 5521.
