2262 3958
97 333 318 379 [Septembre
338 331 429 375 1484]
554 330 725 368 RERUM
757 330 1064 369 URssANARUM
1101 331 1452 369 COMMENTARII.
1838 332 1882 369 91

97 433 428 500 sequentibuS,
462 433 750 483 officialibus
787 450 980 499 quoque
1018 434 1237 484 similiter
1268 434 1318 482 in
1353 434 1451 482 suis
1485 434 1655 483 ordine
1691 438 1740 483 et
1774 435 1885 483 loco

99 518 342 577 euntibus,
359 521 413 583 ut
432 517 568 577 alias,
592 518 808 581 pervenit
825 519 886 566 ad
899 519 1104 582 primam
1125 524 1316 583 portam
1337 519 1498 583 palatii
1519 519 1569 567 in
1590 519 1704 568 sede
1725 518 1775 567 in
1794 535 1888 582 qua

98 601 397 668 portabatur,
421 601 644 650 dimissus
671 602 796 650 intra
822 602 999 651 dictam
1020 607 1210 667 portam
1236 603 1380 666 palati
1403 603 1597 664 sedens,
1623 618 1793 652 omnes
1813 618 1890 652 ca-

99 687 302 736 nonicos
323 686 452 736 dicte
471 687 670 736 basilice
691 687 752 735 ad
767 685 904 751 pedis
923 686 1145 734 osculum
1164 686 1366 750 recepit.

166 771 351 820 Deinde
371 774 589 836 portatus
617 774 691 818 est
709 770 760 817 in
778 770 892 817 sede
916 770 1134 833 predicta
1154 786 1242 834 per
1263 774 1453 833 portam
1475 774 1762 819 consuetam
1783 786 1889 820 me-

99 855 247 916 diam,
271 854 492 904 videlicet
511 854 573 903 ad
588 853 838 902 basilicam
852 853 1120 917 predictam
1142 869 1295 917 usque
1315 853 1375 901 ad
1388 854 1655 901 secundum
1674 854 1888 919 lapidem

100 954 333 1004 magnum
352 938 666 1003 porphireum
679 938 730 985 in
749 941 879 986 terra
895 938 1126 1002 positum,
1151 937 1231 986 ubi
1246 937 1295 984 in
1314 942 1483 1000 parato
1506 936 1596 984 sibi
1616 937 1886 986 faldistorio

102 1038 214 1072 cum
235 1038 323 1072 suo
344 1021 554 1072 scabello
574 1025 622 1071 et
654 1021 859 1070 cussinis
887 1037 943 1069 ac
973 1025 1136 1086 tapeto
1161 1021 1327 1069 subtus
1349 1020 1600 1069 interram
1626 1025 1886 1085 prostrato,

101 1106 321 1172 deposita
350 1105 512 1164 mitra,
546 1106 849 1169 genuflexuS,
879 1105 941 1153 ad
972 1105 1121 1153 altare
1161 1106 1320 1170 majus
1353 1105 1528 1164 oravit;
1570 1104 1890 1154 faldistorium

100 1205 213 1240 cum
238 1189 468 1250 scabello,
500 1189 705 1237 cussinis
727 1193 775 1237 et
795 1193 978 1254 tapeto,
997 1189 1262 1238 servientes
1283 1205 1531 1238 armorum
1551 1189 1666 1239 hinc
1703 1195 1751 1239 et
1777 1190 1889 1239 inde

100 1283 196 1337 quo
213 1288 336 1343 opus
358 1275 479 1332 erat,
509 1277 838 1336 portaverunt.
1932 1257 1935 1261 ’

165 1359 312 1406 Facta
328 1356 566 1415 oratione,
601 1356 829 1421 imposita
857 1361 931 1406 est
961 1357 1105 1406 mitra
1136 1357 1355 1422 pontifici
1385 1358 1465 1422 qui
1492 1359 1672 1407 resedit
1697 1359 1746 1407 in
1775 1354 1891 1409 se'de

99 1441 319 1508 predicta
337 1440 387 1488 in
408 1456 503 1504 qua
524 1444 741 1505 portatus
763 1446 837 1490 est
867 1442 928 1491 ad
948 1441 1186 1506 capellam
1215 1459 1253 1490 S.
1281 1442 1523 1506 Gregorii,
1561 1442 1642 1490 ubi
1673 1443 1893 1493 similiter

98 1526 149 1574 in
168 1523 432 1575 faldistorio
451 1524 754 1587 genuflexuS,
775 1525 878 1574 sine
887 1526 1030 1574 mitra
1050 1525 1204 1574 oravit
1223 1541 1360 1574 more
1380 1526 1546 1585 solito;
1568 1526 1891 1576 faldistorium

100 1625 214 1659 cum
241 1609 340 1658 suis
373 1609 639 1668 attinentiis
669 1612 925 1673 portarunt
953 1610 1207 1658 servitores
1236 1625 1500 1670 armorum,
1535 1616 1588 1658 ut
1616 1611 1768 1660 moris
1798 1616 1889 1660 est.

101 1697 248 1743 Facta
267 1693 504 1753 oratione,
529 1695 657 1757 Papa
678 1698 878 1757 accepta
903 1693 1045 1741 mitra
1073 1693 1195 1741 sedit
1213 1693 1263 1741 in
1285 1694 1401 1742 sede
1422 1693 1686 1758 pontificali
1711 1694 1891 1743 ibidem

100 1777 190 1826 sibi
198 1770 388 1842 parata,
411 1776 493 1825 ubi
510 1777 698 1841 accepit
710 1792 880 1826 omnes
896 1777 1165 1826 cardinales
1184 1782 1233 1826 et
1250 1778 1460 1841 prelatos
1475 1778 1524 1825 in
1540 1793 1708 1826 eorum
1725 1779 1892 1843 cappis

99 1861 161 1910 ad
188 1861 528 1921 reverentiam,
561 1860 718 1925 primo
746 1861 1033 1922 cardinaleS,
1064 1861 1146 1925 qui
1173 1850 1516 1911 osculabantur
1547 1878 1745 1911 manum
1769 1879 1892 1928 pape

100 1945 190 1994 sub
206 1945 454 2010 aurifrigio
475 1945 546 1994 eis
566 1950 857 2010 porrectam.
885 1946 1059 1996 Prelati
1079 1946 1273 2008 deinde,
1296 1946 1556 2011 genuflexi,
1576 1947 1754 2012 pedem
1776 1949 1894 1997 dex-

98 2035 258 2079 terum
277 2045 403 2095 pape
425 2029 785 2079 osculabantur.
811 2031 1116 2092 Reverentia,
1142 2035 1196 2079 ut
1214 2031 1473 2095 prefertur,
1499 2032 1717 2096 prestita,
1740 2033 1893 2097 depo-

99 2114 192 2163 sita
220 2114 311 2162 sibi
343 2114 503 2174 mitra,
540 2114 764 2174 surrexit,
796 2119 844 2163 et
875 2118 1006 2163 stans
1037 2115 1228 2163 detecto
1266 2115 1423 2179 capite
1453 2131 1622 2163 versus
1655 2116 1716 2164 ad
1744 2116 1893 2165 altare

99 2197 226 2247 dicte
247 2198 449 2262 capelle,
478 2197 596 2245 dixit
617 2202 806 2247 secrete
832 2217 840 2246 :
865 2199 1016 2247 Pater
1040 2206 1215 2257 noster,
1242 2206 1325 2247 eto.
1349 2201 1467 2255 Quo·
1482 2199 1745 2263 complete,
1777 2215 1893 2249 voce

98 2281 384 2346 intelligibili
405 2281 522 2329 dixit
547 2282 808 2342 cantando,
844 2287 891 2331 et
919 2298 970 2331 se
995 2299 1023 2331 a
1049 2283 1173 2332 facie
1198 2283 1258 2331 ad
1277 2287 1448 2346 pectus
1470 2283 1707 2347 signando
1733 2300 1743 2332 :
1769 2285 1894 2333 Deus

98 2367 149 2414 in
169 2366 464 2430 adjutorium
484 2381 642 2414 meum
662 2366 868 2426 intende,
893 2375 999 2428 eta,
1020 2383 1109 2430 pro
1132 2367 1284 2416 tertiis
1306 2367 1374 2416 sic
1391 2383 1595 2416 manens
1607 2384 1760 2433 usque
1778 2368 1894 2417 dum

98 2453 323 2499 cantores
359 2449 657 2515 incepissent
685 2452 930 2516 psalmum
959 2469 968 2501 :
994 2451 1175 2516 Leqem
1196 2467 1348 2515 pone.
1385 2454 1491 2508 Quo
1526 2452 1721 2517 incepto
1751 2452 1891 2512 sedit,

98 2535 380 2600 impositum
403 2538 477 2584 est
498 2535 542 2584 ei
567 2535 801 2585 birretum
819 2540 869 2586 et
885 2536 1045 2596 mitra,
1075 2540 1122 2585 et
1146 2539 1371 2585 cantores
1392 2536 1638 2601 prosecuti
1661 2541 1774 2585 sunt
1796 2541 1895 2585 ter-

97 2618 232 2668 tiam.

163 2705 284 2752 Tum
303 2703 627 2753 subdiaconus
649 2705 827 2754 latinus
861 2704 1068 2754 accessit
1097 2705 1159 2754 ad
1185 2705 1335 2754 altare
1366 2704 1447 2753 ubi
1472 2704 1674 2753 sacrista
1707 2705 1892 2770 capelle

97 2790 261 2836 nostre
281 2788 561 2852 mappulam
585 2789 824 2838 sericeam
853 2806 1003 2857 super
1030 2789 1248 2850 brachia,
1272 2788 1321 2840 e't
1344 2790 1490 2838 etiam
1510 2790 1689 2854 caligas
1712 2795 1761 2839 et
1782 2806 1894 2838 san-

96 2871 222 2919 dalia
240 2871 290 2919 in
305 2887 480 2920 manus
495 2871 644 2932 dedit,
669 2888 788 2936 quas
806 2873 904 2934 ille,
929 2875 1154 2923 manibus
1176 2875 1430 2924 adfaciem
1453 2875 1666 2934 elevatis,
1690 2875 1894 2938 portavit

95 2959 206 3005 ante
226 2955 533 3020 pontificem;
567 2957 794 3005 eumdem
818 2957 1170 3007 subdiaconum
1207 2959 1359 3008 secuti
1388 2964 1501 3008 sunt
1524 2959 1729 3024 accolyti
1751 2974 1894 3022 apos-

94 3040 225 3090 tolici
245 3055 418 3090 omnes
443 3040 618 3105 quibus
647 3040 865 3090 fimbrias
901 3044 1028 3107 Pape
1057 3043 1446 3104 extendentibus,
1475 3043 1892 3106 retinentibusque

93 3123 421 3184 subdiaconis,
454 3125 558 3190 ipse
583 3141 697 3174 cum
720 3141 817 3174 uno
843 3141 902 3174 ex
934 3127 1135 3175 secretis
1161 3126 1469 3176 cubiculariis
1487 3131 1621 3191 -Pape
1644 3127 1703 3175 de
1724 3127 1894 3174 subtus

96 3205 288 3255 intravit
327 3211 375 3255 et
410 3208 734 3272 caligamenta
777 3211 1056 3259 communia
1102 3213 1230 3274 Pape
1268 3212 1577 3260 extrahentes
1623 3210 1801 3273 caligas
1848 3218 1896 3263 et

94 3291 310 3339 sandalia
329 3291 543 3355 predicta
567 3292 611 3342 ei
632 3293 985 3358 imposuerunt.
1012 3294 1213 3348 Interim
1236 3295 1455 3359 episcopi
1476 3294 1759 3342 assistentes
1778 3294 1893 3343 hinc

98 3379 146 3423 et
165 3375 277 3424 inde
299 3391 408 3424 cum
434 3376 661 3440 pontifice
702 3377 927 3427 dixerunt
969 3394 1105 3427 more
1138 3378 1279 3427 solito
1305 3395 1316 3438 ;
1340 3378 1417 3426 Ne
1446 3378 1782 3440 reminiscaris,
1803 3387 1890 3427 ete.

94 3457 258 3521 ,Quam
278 3458 462 3520 dilecta,
487 3467 596 3519 ete„
619 3476 675 3510 ac
696 3462 806 3520 alia,
831 3467 974 3526 prout
996 3464 1042 3511 in
1076 3463 1250 3511 eodem
1278 3462 1403 3511 libro
1428 3461 1693 3512 ordinatur.
