2262 3958
121 318 230 367 [Rom
248 315 342 364 ¹⁴91]
570 314 743 353 RERUM
776 315 1080 354 URBANARUM
1111 315 1461 354 COMMENTARII.
1835 315 1906 352 417

122 422 287 469 terunt
309 417 456 482 igitur
482 417 763 468 immediate
780 423 887 484 post
909 434 1102 484 corpuS,
1127 423 1175 468 et
1196 419 1592 484 archiepiscopus
1612 419 1908 468 Arelatensis

121 501 335 568 Μῦς
352 502 519 566 palatii
537 519 565 551 a
581 503 762 552 dextris
778 508 826 552 et
840 504 1095 568 episcopus
1110 503 1337 552 Pacensis
1354 506 1518 552 orator
1536 503 1665 567 regis
1680 503 1909 567 Hispanie

121 601 154 636 a
167 585 375 635 sinistris
388 605 410 645 ;·
420 587 597 637 deinde
610 588 689 636 alii
711 587 908 652 palatini
922 587 1038 646 bini,
1061 591 1170 651 post
1185 603 1287 647 eoS,
1308 587 1483 636 eodem
1504 587 1692 647 ordine,
1711 587 1790 635 alii
1802 603 1909 652 pre-

119 668 204 718 lati
229 685 241 718 z
263 674 550 721 executores
578 671 854 721 testamenti
880 671 1070 718 fuerunt
1092 671 1347 733 Agatensis
1367 677 1414 718 et
1436 671 1766 720 Urbinatensis
1785 672 1909 735 epis-

121 757 249 822 copi.
266 759 389 806 Ante
406 772 580 821 corpus
599 757 901 804 incesserunt
915 754 1084 801 fratres
1100 757 1426 801 conventuum
1443 755 1651 813 Araceli,
1669 756 1901 815 Minerve,

122 840 183 890 de
216 841 419 905 Populo,
452 858 493 889 s.
533 838 802 903 Crisogoni,
841 854 880 885 s.
915 836 1066 884 Marie
1100 837 1436 900 transpontine
1473 843 1521 885 et
1545 838 1820 887 beneficiati
1848 856 1904 887 ac

120 923 204 973 alii
235 923 399 973 clerici
427 923 626 972 basilice
652 920 885 986 principis
908 918 1241 983 apostolorum
1272 918 1332 968 de
1355 920 1481 968 Urbe
1513 936 1523 967 :
1552 922 1772 970 canonici
1790 938 1904 970 vero

124 1008 347 1073 ejusdem
368 1006 575 1056 ecclesie
606 1021 757 1068 usque
784 1003 846 1052 ad
871 1008 1079 1069 quatuor
1103 1003 1179 1052 vel
1209 1003 1339 1051 circa
1365 1008 1600 1052 venerunt
1631 1009 1767 1053 extra
1800 1019 1910 1067 pro-

121 1091 394 1141 oessionem
415 1089 522 1138 sine
540 1088 709 1137 habitu
727 1092 776 1137 et
794 1095 1049 1152 questores
1068 1102 1220 1150 usque
1240 1087 1300 1135 ad
1318 1087 1576 1136 ecclesiam
1600 1088 1741 1137 beate
1759 1087 1909 1136 Marie

112 1173 185 1224 de
195 1172 380 1239 Populo
393 1190 405 1232 ;
419 1187 515 1236 quo
527 1171 868 1236 pervenientes
884 1175 1179 1236 acceperunt
1195 1171 1537 1236 superpellicia
1549 1177 1596 1221 et
1611 1173 1913 1221 associarunt

125 1251 390 1307 intrantem
417 1256 679 1306 ecclesiam
706 1256 990 1305 defunctum
1018 1256 1067 1303 in
1092 1255 1202 1304 loco
1228 1271 1333 1304 suo.
1359 1259 1553 1305 Portata
1580 1256 1774 1305 fuerunt
1799 1260 1911 1304 ante

47 1331 49 1333 ¹
120 1340 281 1407 ipsum
307 1339 628 1405 quadraginta
660 1340 904 1389 intorticia
929 1356 1018 1405 per
1050 1340 1216 1404 viginti
1250 1340 1512 1389 familiares
1537 1340 1701 1405 palatii
1731 1357 1741 1388 ε
1774 1340 1912 1388 fami-

117 1423 266 1474 liares
286 1414 501 1474 defuncti
522 1440 621 1472 non
642 1425 947 1473 associarunt
967 1425 1146 1489 ipsum,
1172 1425 1283 1487 quia
1302 1429 1461 1473 vestes
1485 1440 1655 1473 eorum
1676 1423 1907 1487 lugubres

120 1507 340 1558 nondum
353 1507 574 1556 ordinate
591 1513 746 1556 erant.
765 1511 819 1556 In
833 1512 973 1572 porta
991 1508 1196 1557 ecclesie
1213 1508 1470 1558 distribute
1488 1513 1599 1556 sunt
1618 1508 1819 1556 candele
1836 1524 1910 1557 re-
1978 1508 1982 1513 ’

120 1591 327 1656 ligiosiS,
343 1607 482 1640 more
498 1591 666 1653 solito;
685 1597 733 1641 et
751 1592 844 1640 alia
864 1592 1029 1640 omnia
1050 1592 1302 1640 observata
1325 1597 1436 1641 sunt
1460 1592 1629 1640 ordine
1653 1596 1905 1640 consueto.

187 1675 462 1735 Dominica,
493 1680 548 1724 21
588 1677 772 1725 mensis
799 1677 1010 1740 augusti,
1042 1677 1173 1725 circa
1192 1677 1363 1725 horam
1385 1693 1716 1742 vesperorum,
1746 1680 1912 1741 porta-

127 1763 232 1808 tum
253 1762 327 1809 est
346 1759 552 1810 cadaver
573 1763 631 1809 D.
656 1760 785 1809 Petri
806 1760 1088 1809 Altissensis
1110 1761 1447 1825 sepeliendum
1469 1761 1519 1808 in
1541 1761 1750 1810 ecclesia
1771 1761 1910 1810 beate

122 1843 274 1893 Mai-ie
295 1841 356 1892 de
375 1859 498 1909 pace
533 1844 592 1893 de
627 1844 754 1894 Urbe
782 1860 871 1908 per
896 1845 1162 1893 confratres
1193 1845 1438 1894 societatis
1467 1845 1745 1904 SalvatoriS,
1777 1860 1914 1893 asso-

127 1926 281 1978 cintus
302 1942 414 1976 cum
434 1928 740 1990 officialibuS,
766 1928 1058 1989 secretariiS,
1084 1928 1400 1993 scriptoribus
1422 1927 1722 1991 apostoliciS,
1747 1927 1917 1976 abbre-

123 2012 384 2063 viatoribus
422 2017 472 2063 et
509 2012 902 2062 sollicitatoribus
934 2012 1186 2060 literarum
1239 2013 1635 2076 apostolicarum,
1683 2012 1914 2060 collecto-

125 2095 259 2145 ribus
320 2097 505 2162 plumbi
549 2101 599 2146 et
651 2096 970 2160 scriptoribus
1016 2097 1207 2161 registri
1253 2097 1492 2146 bullarum
1541 2097 1669 2162 (nam
1721 2101 1770 2144 et
1807 2096 1910 2160 ipse

123 2179 432 2238 secretarius,
481 2179 690 2244 scriptor
721 2180 1034 2243 apostolicus,
1076 2181 1382 2229 abbreviator
1418 2181 1477 2229 de
1514 2181 1672 2245 prima
1702 2180 1906 2237 visione,

123 2263 412 2313 sollicitator
428 2262 681 2312 literarum
703 2263 1099 2327 apostolicarum,
1133 2264 1367 2313 collector
1391 2264 1576 2328 plumbi
1604 2269 1652 2313 et
1677 2265 1911 2328 magister

124 2346 318 2412 registri
345 2346 588 2395 bullarum
634 2347 741 2406 fuit,
785 2362 878 2410 que
921 2347 1085 2395 omnia
1115 2363 1200 2396 sex
1241 2348 1400 2396 officia
1435 2364 1523 2412 per
1549 2348 1736 2396 obitum
1768 2364 1909 2396 suum

121 2429 386 2495 vacarunt),
409 2433 458 2479 et
476 2445 567 2494 per
586 2429 792 2478 familias
813 2430 1086 2494 aliquorum
1109 2431 1427 2479 cardinalium
1455 2448 1465 2479 ε
1492 2432 1751 2496 scriptores
1767 2446 1912 2494 apos-

120 2512 254 2562 tolici
273 2513 534 2562 noluerunt
570 2513 751 2562 feretro
785 2529 985 2562 manum
1013 2530 1278 2579 apponere,
1311 2519 1455 2579 prout
1492 2515 1609 2563 alias
1643 2530 1910 2563 consueve-

123 2599 253 2656 runt,
282 2596 500 2647 dicentes
533 2596 583 2644 id
614 2613 714 2645 non
750 2598 1027 2658 convenire,
1072 2602 1329 2662 postquam
1361 2600 1629 2648 confratres
1665 2598 1910 2647 societatis

124 2678 383 2729 Salvatoris
410 2681 571 2745 ipsum
598 2685 865 2744 portarent.
900 2681 974 2728 Ad
1000 2681 1151 2746 pedes
1181 2683 1270 2730 sibi
1299 2683 1444 2747 positi
1466 2684 1660 2731 fuerunt
1683 2682 1778 2731 duo
1799 2682 1908 2730 libri

123 2767 173 2812 et
194 2778 344 2812 unum
371 2762 433 2812 ad
464 2769 625 2828 caput,
659 2764 771 2827 quia
799 2763 993 2823 doctor;
1023 2766 1270 2830 caputium
1300 2767 1512 2815 habebat
1540 2767 1826 2823 involutum,
1859 2772 1909 2812 ut

123 2846 430 2907 secretarius,
474 2862 621 2910 supra
659 2847 945 2895 mantellum
972 2848 1263 2896 violaceum.
1304 2849 1632 2913 Quadraginta
1668 2848 1909 2896 intorticia

122 2933 464 2995 precesserunt
505 2945 680 2993 corpus
720 2930 852 2993 quod
884 2931 1037 2978 secuti
1067 2937 1178 2979 sunt
1215 2932 1441 2981 undecim
1481 2932 1659 2981 funesti
1700 2947 1907 2996 quorum

124 3014 297 3064 decem
319 3017 457 3063 erant
476 3013 756 3073 familiareS,
780 3013 1068 3063 undecimus
1089 3031 1241 3079 nepos
1265 3032 1376 3063 suus
1399 3017 1480 3079 qui
1502 3016 1698 3065 incessit
1720 3015 1909 3064 medius

123 3098 251 3147 inter
295 3097 417 3146 duos
461 3097 644 3162 primos
695 3097 907 3162 prelatos
964 3099 1273 3157 secretarios,
1328 3100 1555 3147 omnibus
1604 3099 1910 3163 pedestribus

125 3181 370 3230 euntibus.
394 3181 720 3230 Interfuerunt
741 3181 913 3229 fratres
937 3186 1267 3230 conventuum
1290 3199 1330 3230 s.
1354 3183 1630 3246 Augustini,
1653 3182 1842 3230 Araceli
1865 3187 1913 3231 et

130 3281 171 3314 s.
195 3265 347 3314 Marie
371 3280 515 3329 supra
534 3265 799 3314 Minervam
819 3281 876 3313 ac
902 3265 1197 3329 principales
1228 3266 1499 3330 presbyteri
1522 3281 1580 3314 ex
1602 3265 1732 3314 clero
1756 3265 1911 3324 Urbis,

125 3349 301 3414 quibus
324 3347 551 3396 omnibus
585 3352 721 3397 extra
746 3353 936 3412 portam
970 3349 1178 3398 ecclesie
1213 3365 1252 3397 s.
1291 3348 1441 3397 Marie
1477 3349 1536 3397 de
1567 3365 1686 3413 pace
1715 3349 1915 3397 candele

127 3447 267 3483 more
290 3432 431 3482 solito
453 3431 708 3481 distribute
727 3436 852 3481 sunt.

315 3541 350 3567 τ.
377 3541 402 3566 1.
1675 3530 1722 3565 27
