<?xml version="1.0" encoding="UTF-8"?>
<!DOCTYPE html PUBLIC "-//W3C//DTD XHTML 1.0 Transitional//EN"
    "http://www.w3.org/TR/xhtml1/DTD/xhtml1-transitional.dtd">
<html xmlns="http://www.w3.org/1999/xhtml" xml:lang="en" lang="en">
 <head>
  <title>
</title>
<meta http-equiv="Content-Type" content="text/html;charset=utf-8" />
  <meta name='ocr-system' content='tesseract 3.04.00' />
  <meta name='ocr-capabilities' content='ocr_page ocr_carea ocr_par ocr_line ocrx_word'/>
</head>
<body>
  <div class='ocr_page' id='page_1' title='image "./diariumsivererum01burcuoft_0034.png"; bbox 0 0 2262 3958; ppageno 0'>
   <div class='ocr_carea' id='block_1_1' title="bbox 372 306 2140 362">
    <p class='ocr_par' dir='ltr' id='par_1_1' title="bbox 372 306 2140 362">
     <span class='ocr_line' id='line_1_1' title="bbox 372 306 2140 362; baseline 0.007 -21"><span class='ocrx_word' id='word_1_1' title='bbox 372 321 420 356; x_wconf 58' lang='lat'>24</span> <span class='ocrx_word' id='word_1_2' title='bbox 979 309 1211 348; x_wconf 80' lang='lat' dir='ltr'><strong>JOHANNIS</strong></span> <span class='ocrx_word' id='word_1_3' title='bbox 1244 306 1538 354; x_wconf 82' lang='lat' dir='ltr'>BURCHARDI,</span> <span class='ocrx_word' id='word_1_4' title='bbox 1932 315 2035 357; x_wconf 61' lang='lat' dir='ltr'>[Aoni</span> <span class='ocrx_word' id='word_1_5' title='bbox 2050 319 2140 362; x_wconf 73' lang='lat'><strong>1484]</strong></span> 
     </span>
    </p>
   </div>
   <div class='ocr_carea' id='block_1_2' title="bbox 372 412 2144 1146">
    <p class='ocr_par' dir='ltr' id='par_1_2' title="bbox 372 412 2144 1146">
     <span class='ocr_line' id='line_1_2' title="bbox 373 412 2144 482; baseline 0.001 -14"><span class='ocrx_word' id='word_1_6' title='bbox 373 418 691 468; x_wconf 79' lang='lat' dir='ltr'>cardinalibus</span> <span class='ocrx_word' id='word_1_7' title='bbox 725 415 847 480; x_wconf 81' lang='lat' dir='ltr'>dedi)</span> <span class='ocrx_word' id='word_1_8' title='bbox 884 413 1062 478; x_wconf 82' lang='lat' dir='ltr'>portari</span> <span class='ocrx_word' id='word_1_9' title='bbox 1089 413 1321 461; x_wconf 88' lang='lat' dir='ltr'>fecerunt.</span> <span class='ocrx_word' id='word_1_10' title='bbox 1357 413 1408 459; x_wconf 91' lang='lat' dir='ltr'>In</span> <span class='ocrx_word' id='word_1_11' title='bbox 1435 412 1617 475; x_wconf 86' lang='lat' dir='ltr'>capella</span> <span class='ocrx_word' id='word_1_12' title='bbox 1648 414 1831 466; x_wconf 91' lang='lat' dir='ltr'>minore</span> <span class='ocrx_word' id='word_1_13' title='bbox 1864 423 2027 482; x_wconf 83' lang='lat' dir='ltr'>parata</span> <span class='ocrx_word' id='word_1_14' title='bbox 2058 421 2144 471; x_wconf 85' lang='lat' dir='ltr'>fuit</span> 
     </span>
     <span class='ocr_line' id='line_1_3' title="bbox 372 496 2142 563; baseline 0.002 -13"><span class='ocrx_word' id='word_1_15' title='bbox 372 519 466 550; x_wconf 85' lang='lat' dir='ltr'>una</span> <span class='ocrx_word' id='word_1_16' title='bbox 492 516 657 549; x_wconf 90' lang='lat' dir='ltr'>mensa</span> <span class='ocrx_word' id='word_1_17' title='bbox 682 515 825 563; x_wconf 87' lang='lat' dir='ltr'>parva</span> <span class='ocrx_word' id='word_1_18' title='bbox 849 496 1157 561; x_wconf 82' lang='lat' dir='ltr'>longitudinis</span> <span class='ocrx_word' id='word_1_19' title='bbox 1185 499 1293 544; x_wconf 87' lang='lat' dir='ltr'>octo</span> <span class='ocrx_word' id='word_1_20' title='bbox 1320 496 1604 559; x_wconf 88' lang='lat' dir='ltr'>palmorum,</span> <span class='ocrx_word' id='word_1_21' title='bbox 1634 499 1708 547; x_wconf 90' lang='lat' dir='ltr'>vel</span> <span class='ocrx_word' id='word_1_22' title='bbox 1734 500 1878 561; x_wconf 86' lang='lat' dir='ltr'>circa,</span> <span class='ocrx_word' id='word_1_23' title='bbox 1900 507 1956 551; x_wconf 74' lang='lat' dir='ltr'>vet</span> <span class='ocrx_word' id='word_1_24' title='bbox 1982 504 2142 555; x_wconf 88' lang='lat' dir='ltr'>latitu-</span> 
     </span>
     <span class='ocr_line' id='line_1_4' title="bbox 372 580 2143 648; baseline 0.003 -15"><span class='ocrx_word' id='word_1_25' title='bbox 372 586 495 633; x_wconf 83' lang='lat' dir='ltr'>dinis</span> <span class='ocrx_word' id='word_1_26' title='bbox 525 585 792 648; x_wconf 87' lang='lat' dir='ltr'>palmorum</span> <span class='ocrx_word' id='word_1_27' title='bbox 819 584 1042 644; x_wconf 82' lang='lat' dir='ltr'>quatuor3</span> <span class='ocrx_word' id='word_1_28' title='bbox 1075 583 1121 628; x_wconf 91' lang='lat' dir='ltr'>et</span> <span class='ocrx_word' id='word_1_29' title='bbox 1147 580 1385 628; x_wconf 87' lang='lat' dir='ltr'>debebant</span> <span class='ocrx_word' id='word_1_30' title='bbox 1418 595 1523 628; x_wconf 89' lang='lat' dir='ltr'>esse</span> <span class='ocrx_word' id='word_1_31' title='bbox 1553 581 1771 644; x_wconf 88' lang='lat' dir='ltr'>spallerie</span> <span class='ocrx_word' id='word_1_32' title='bbox 1792 588 1919 634; x_wconf 88' lang='lat' dir='ltr'>retro</span> <span class='ocrx_word' id='word_1_33' title='bbox 1948 603 2143 638; x_wconf 87' lang='lat' dir='ltr'>scamna</span> 
     </span>
     <span class='ocr_line' id='line_1_5' title="bbox 373 663 2142 729; baseline 0.002 -12"><span class='ocrx_word' id='word_1_34' title='bbox 373 667 685 718; x_wconf 75' lang='lat' dir='ltr'>cardinalium</span> <span class='ocrx_word' id='word_1_35' title='bbox 726 682 784 713; x_wconf 84' lang='lat' dir='ltr'>ex</span> <span class='ocrx_word' id='word_1_36' title='bbox 821 679 979 729; x_wconf 83' lang='lat' dir='ltr'>panno</span> <span class='ocrx_word' id='word_1_37' title='bbox 1018 663 1179 722; x_wconf 87' lang='lat' dir='ltr'>viridi,</span> <span class='ocrx_word' id='word_1_38' title='bbox 1221 678 1311 726; x_wconf 89' lang='lat' dir='ltr'>que</span> <span class='ocrx_word' id='word_1_39' title='bbox 1350 679 1447 710; x_wconf 90' lang='lat' dir='ltr'>non</span> <span class='ocrx_word' id='word_1_40' title='bbox 1487 663 1677 713; x_wconf 87' lang='lat' dir='ltr'>fuorunt</span> <span class='ocrx_word' id='word_1_41' title='bbox 1718 666 1889 729; x_wconf 81' lang='lat' dir='ltr'>posite.</span> <span class='ocrx_word' id='word_1_42' title='bbox 1935 671 2142 721; x_wconf 87' lang='lat' dir='ltr'>Sacrista</span> 
     </span>
     <span class='ocr_line' id='line_1_6' title="bbox 374 746 2142 816; baseline 0.003 -17"><span class='ocrx_word' id='word_1_43' title='bbox 374 750 552 816; x_wconf 84' lang='lat' dir='ltr'>portari</span> <span class='ocrx_word' id='word_1_44' title='bbox 587 750 700 797; x_wconf 86' lang='lat' dir='ltr'>fecit</span> <span class='ocrx_word' id='word_1_45' title='bbox 740 748 901 796; x_wconf 89' lang='lat' dir='ltr'>omnia</span> <span class='ocrx_word' id='word_1_46' title='bbox 944 748 1057 807; x_wconf 87' lang='lat' dir='ltr'>sibi,</span> <span class='ocrx_word' id='word_1_47' title='bbox 1096 751 1143 796; x_wconf 89' lang='lat' dir='ltr'>et</span> <span class='ocrx_word' id='word_1_48' title='bbox 1179 762 1265 811; x_wconf 86' lang='lat' dir='ltr'>pro</span> <span class='ocrx_word' id='word_1_49' title='bbox 1304 746 1549 795; x_wconf 86' lang='lat' dir='ltr'>vestiendo</span> <span class='ocrx_word' id='word_1_50' title='bbox 1597 747 1754 797; x_wconf 87' lang='lat' dir='ltr'>futuro</span> <span class='ocrx_word' id='word_1_51' title='bbox 1793 751 2018 814; x_wconf 87' lang='lat' dir='ltr'>pontifice</span> <span class='ocrx_word' id='word_1_52' title='bbox 2053 771 2142 805; x_wconf 89' lang='lat' dir='ltr'>ne—</span> 
     </span>
     <span class='ocr_line' id='line_1_7' title="bbox 373 830 2141 895; baseline 0.003 -14"><span class='ocrx_word' id='word_1_53' title='bbox 373 833 598 891; x_wconf 86' lang='lat' dir='ltr'>cessaria,</span> <span class='ocrx_word' id='word_1_54' title='bbox 629 836 676 880; x_wconf 89' lang='lat' dir='ltr'>et</span> <span class='ocrx_word' id='word_1_55' title='bbox 712 847 800 879; x_wconf 92' lang='lat' dir='ltr'>nos</span> <span class='ocrx_word' id='word_1_56' title='bbox 833 831 924 879; x_wconf 89' lang='lat' dir='ltr'>alia</span> <span class='ocrx_word' id='word_1_57' title='bbox 957 847 1043 895; x_wconf 88' lang='lat' dir='ltr'>pro</span> <span class='ocrx_word' id='word_1_58' title='bbox 1078 830 1236 879; x_wconf 90' lang='lat' dir='ltr'>officio</span> <span class='ocrx_word' id='word_1_59' title='bbox 1272 834 1455 890; x_wconf 81' lang='lat' dir='ltr'>nostro,</span> <span class='ocrx_word' id='word_1_60' title='bbox 1491 846 1582 894; x_wconf 92' lang='lat' dir='ltr'>que</span> <span class='ocrx_word' id='word_1_61' title='bbox 1622 831 1766 880; x_wconf 83' lang='lat' dir='ltr'>etiam</span> <span class='ocrx_word' id='word_1_62' title='bbox 1801 833 1882 881; x_wconf 88' lang='lat' dir='ltr'><strong>fol.</strong></span> <span class='ocrx_word' id='word_1_63' title='bbox 1914 851 1992 884; x_wconf 75' lang='lat' dir='ltr'>xm</span> <span class='ocrx_word' id='word_1_64' title='bbox 2032 841 2141 886; x_wconf 89' lang='lat' dir='ltr'>sunt</span> 
     </span>
     <span class='ocr_line' id='line_1_8' title="bbox 372 914 2137 980; baseline 0.002 -15"><span class='ocrx_word' id='word_1_65' title='bbox 372 922 550 966; x_wconf 82' lang='lat' dir='ltr'>notata.</span> <span class='ocrx_word' id='word_1_66' title='bbox 602 921 717 966; x_wconf 85' lang='lat' dir='ltr'>Tres</span> <span class='ocrx_word' id='word_1_67' title='bbox 778 933 889 966; x_wconf 87' lang='lat' dir='ltr'>vero</span> <span class='ocrx_word' id='word_1_68' title='bbox 942 914 1211 980; x_wconf 88' lang='lat' dir='ltr'>supradicte</span> <span class='ocrx_word' id='word_1_69' title='bbox 1253 914 1357 963; x_wconf 91' lang='lat' dir='ltr'>aule</span> <span class='ocrx_word' id='word_1_70' title='bbox 1405 930 1502 962; x_wconf 92' lang='lat' dir='ltr'>non</span> <span class='ocrx_word' id='word_1_71' title='bbox 1543 915 1732 964; x_wconf 79' lang='lat' dir='ltr'>fuerunt</span> <span class='ocrx_word' id='word_1_72' title='bbox 1779 916 1919 965; x_wconf 87' lang='lat' dir='ltr'>aliter</span> <span class='ocrx_word' id='word_1_73' title='bbox 1952 923 2137 980; x_wconf 86' lang='lat' dir='ltr'>ornate,</span> 
     </span>
     <span class='ocr_line' id='line_1_9' title="bbox 372 998 2136 1064; baseline 0.002 -15"><span class='ocrx_word' id='word_1_74' title='bbox 372 1002 456 1049; x_wconf 90' lang='lat' dir='ltr'>sed</span> <span class='ocrx_word' id='word_1_75' title='bbox 484 1001 637 1049; x_wconf 91' lang='lat' dir='ltr'>solum</span> <span class='ocrx_word' id='word_1_76' title='bbox 657 1016 744 1064; x_wconf 92' lang='lat' dir='ltr'>pro</span> <span class='ocrx_word' id='word_1_77' title='bbox 769 1000 996 1049; x_wconf 80' lang='lat' dir='ltr'>exercitio</span> <span class='ocrx_word' id='word_1_78' title='bbox 1037 1003 1084 1048; x_wconf 89' lang='lat' dir='ltr'>et</span> <span class='ocrx_word' id='word_1_79' title='bbox 1114 998 1497 1047; x_wconf 81' lang='lat' dir='ltr'>deambulatione</span> <span class='ocrx_word' id='word_1_80' title='bbox 1531 999 1841 1048; x_wconf 76' lang='lat' dir='ltr'>cardinalium</span> <span class='ocrx_word' id='word_1_81' title='bbox 1880 1007 2136 1052; x_wconf 87' lang='lat' dir='ltr'>reservate.</span> 
     </span>
     <span class='ocr_line' id='line_1_10' title="bbox 372 1081 2134 1146; baseline 0.001 -14"><span class='ocrx_word' id='word_1_82' title='bbox 372 1084 548 1132; x_wconf 87' lang='lat' dir='ltr'>Cellule</span> <span class='ocrx_word' id='word_1_83' title='bbox 570 1088 747 1143; x_wconf 86' lang='lat' dir='ltr'>autem,</span> <span class='ocrx_word' id='word_1_84' title='bbox 766 1083 861 1131; x_wconf 93' lang='lat' dir='ltr'>sive</span> <span class='ocrx_word' id='word_1_85' title='bbox 884 1098 1074 1131; x_wconf 88' lang='lat' dir='ltr'>camere</span> <span class='ocrx_word' id='word_1_86' title='bbox 1095 1085 1303 1145; x_wconf 87' lang='lat' dir='ltr'>utsupra</span> <span class='ocrx_word' id='word_1_87' title='bbox 1324 1081 1590 1141; x_wconf 81' lang='lat' dir='ltr'>distribute,</span> <span class='ocrx_word' id='word_1_88' title='bbox 1604 1082 1906 1146; x_wconf 84' lang='lat' dir='ltr'>contigerunt</span> <span class='ocrx_word' id='word_1_89' title='bbox 1923 1088 1973 1133; x_wconf 88' lang='lat' dir='ltr'>ut</span> <span class='ocrx_word' id='word_1_90' title='bbox 1991 1085 2134 1135; x_wconf 82' lang='lat' dir='ltr'>infra:</span> 
     </span>
    </p>
   </div>
   <div class='ocr_carea' id='block_1_3' title="bbox 438 1193 2134 1248">
    <p class='ocr_par' dir='ltr' id='par_1_3' title="bbox 438 1193 2134 1248">
     <span class='ocr_line' id='line_1_11' title="bbox 438 1193 2134 1248; baseline 0.003 -6"><span class='ocrx_word' id='word_1_91' title='bbox 438 1197 878 1245; x_wconf 90' lang='lat' dir='ltr'>Reverendissimus</span> <span class='ocrx_word' id='word_1_92' title='bbox 935 1193 1153 1242; x_wconf 91' lang='lat' dir='ltr'>dominus</span> <span class='ocrx_word' id='word_1_93' title='bbox 1206 1193 1458 1242; x_wconf 88' lang='lat' dir='ltr'>cardinalis</span> <span class='ocrx_word' id='word_1_94' title='bbox 1511 1195 1926 1245; x_wconf 80' lang='lat' dir='ltr'>vicecancellarius</span> <span class='ocrx_word' id='word_1_95' title='bbox 1969 1199 2134 1248; x_wconf 85' lang='lat' dir='ltr'>habuit</span> 
     </span>
    </p>
   </div>
   <div class='ocr_carea' id='block_1_4' title="bbox 328 1279 2131 3313">
    <p class='ocr_par' dir='ltr' id='par_1_4' title="bbox 373 1279 2131 1346">
     <span class='ocr_line' id='line_1_12' title="bbox 373 1279 2131 1346; baseline 0.002 -21"><span class='ocrx_word' id='word_1_96' title='bbox 373 1294 615 1326; x_wconf 88' lang='lat' dir='ltr'>cameram</span> <span class='ocrx_word' id='word_1_97' title='bbox 624 1313 1353 1326; x_wconf 91' lang='grc'><strong>...................</strong></span> <span class='ocrx_word' id='word_1_98' title='bbox 1587 1280 1625 1324; x_wconf 84' lang='lat' dir='ltr'>Y</span> <span class='ocrx_word' id='word_1_99' title='bbox 1670 1282 1717 1326; x_wconf 90' lang='lat' dir='ltr'>et</span> <span class='ocrx_word' id='word_1_100' title='bbox 1743 1279 2031 1343; x_wconf 80' lang='lat' dir='ltr'>superfluam</span> <span class='ocrx_word' id='word_1_101' title='bbox 2053 1279 2131 1346; x_wconf 69' lang='lat'><strong>(1).</strong></span> 
     </span>
    </p>

    <p class='ocr_par' dir='ltr' id='par_1_5' title="bbox 431 1360 1638 2242">
     <span class='ocr_line' id='line_1_13' title="bbox 437 1360 1626 1424; baseline -0.001 -15"><span class='ocrx_word' id='word_1_102' title='bbox 437 1365 603 1410; x_wconf 89' lang='lat' dir='ltr'>Rmus.</span> <span class='ocrx_word' id='word_1_103' title='bbox 629 1365 686 1410; x_wconf 90' lang='lat' dir='ltr'>D.</span> <span class='ocrx_word' id='word_1_104' title='bbox 713 1365 763 1411; x_wconf 89' lang='lat' dir='ltr'>C.</span> <span class='ocrx_word' id='word_1_105' title='bbox 825 1360 1162 1424; x_wconf 86' lang='lat' dir='ltr'>Neapolitanus</span> <span class='ocrx_word' id='word_1_106' title='bbox 1182 1360 1231 1407; x_wconf 91' lang='lat' dir='ltr'>h.</span> <span class='ocrx_word' id='word_1_107' title='bbox 1258 1374 1301 1406; x_wconf 91' lang='lat' dir='ltr'><strong>c.</strong></span> <span class='ocrx_word' id='word_1_108' title='bbox 1591 1363 1626 1408; x_wconf 92' lang='grc' dir='ltr'><strong>Ο</strong></span> 
     </span>
     <span class='ocr_line' id='line_1_14' title="bbox 435 1442 1628 1493; baseline -0.001 -1"><span class='ocrx_word' id='word_1_109' title='bbox 435 1448 600 1492; x_wconf 90' lang='lat' dir='ltr'>Rmus.</span> <span class='ocrx_word' id='word_1_110' title='bbox 627 1448 683 1492; x_wconf 93' lang='lat' dir='ltr'>D.</span> <span class='ocrx_word' id='word_1_111' title='bbox 709 1442 780 1493; x_wconf 49' lang='lat' dir='ltr'>C(</span> <span class='ocrx_word' id='word_1_112' title='bbox 824 1461 862 1492; x_wconf 93' lang='lat' dir='ltr'><strong>s.</strong></span> <span class='ocrx_word' id='word_1_113' title='bbox 888 1442 1035 1491; x_wconf 91' lang='lat' dir='ltr'>Marci</span> <span class='ocrx_word' id='word_1_114' title='bbox 1056 1443 1106 1490; x_wconf 89' lang='lat' dir='ltr'>h.</span> <span class='ocrx_word' id='word_1_115' title='bbox 1133 1458 1176 1490; x_wconf 93' lang='lat' dir='ltr'><strong>c.</strong></span> <span class='ocrx_word' id='word_1_116' title='bbox 1591 1445 1628 1491; x_wconf 91' lang='lat' dir='ltr'><strong>N</strong></span> 
     </span>
     <span class='ocr_line' id='line_1_15' title="bbox 439 1524 1634 1576; baseline -0.002 0"><span class='ocrx_word' id='word_1_117' title='bbox 439 1531 605 1576; x_wconf 90' lang='lat' dir='ltr'>Rmus.</span> <span class='ocrx_word' id='word_1_118' title='bbox 632 1531 689 1576; x_wconf 90' lang='lat' dir='ltr'>D.</span> <span class='ocrx_word' id='word_1_119' title='bbox 715 1530 765 1576; x_wconf 91' lang='lat' dir='ltr'>C.</span> <span class='ocrx_word' id='word_1_120' title='bbox 828 1544 866 1574; x_wconf 93' lang='lat' dir='ltr'><strong>s.</strong></span> <span class='ocrx_word' id='word_1_121' title='bbox 893 1525 1022 1574; x_wconf 86' lang='lat' dir='ltr'>Petri</span> <span class='ocrx_word' id='word_1_122' title='bbox 1045 1526 1104 1573; x_wconf 89' lang='lat' dir='ltr'>ad</span> <span class='ocrx_word' id='word_1_123' title='bbox 1125 1524 1327 1575; x_wconf 86' lang='lat' dir='ltr'>Vincula</span> <span class='ocrx_word' id='word_1_124' title='bbox 1346 1525 1396 1572; x_wconf 93' lang='lat' dir='ltr'>h.</span> <span class='ocrx_word' id='word_1_125' title='bbox 1423 1540 1465 1572; x_wconf 89' lang='lat' dir='ltr'><strong>c.</strong></span> <span class='ocrx_word' id='word_1_126' title='bbox 1579 1529 1634 1574; x_wconf 87' lang='lat' dir='ltr'>AE</span> 
     </span>
     <span class='ocr_line' id='line_1_16' title="bbox 431 1607 1620 1659; baseline -0.003 0"><span class='ocrx_word' id='word_1_127' title='bbox 431 1615 596 1659; x_wconf 91' lang='lat' dir='ltr'>Rmus.</span> <span class='ocrx_word' id='word_1_128' title='bbox 622 1613 678 1659; x_wconf 92' lang='lat' dir='ltr'>D.</span> <span class='ocrx_word' id='word_1_129' title='bbox 706 1613 756 1658; x_wconf 91' lang='lat' dir='ltr'>C.</span> <span class='ocrx_word' id='word_1_130' title='bbox 819 1626 857 1657; x_wconf 91' lang='lat' dir='ltr'><strong>s.</strong></span> <span class='ocrx_word' id='word_1_131' title='bbox 883 1608 1032 1656; x_wconf 88' lang='lat' dir='ltr'>Marie</span> <span class='ocrx_word' id='word_1_132' title='bbox 1053 1607 1102 1654; x_wconf 93' lang='lat' dir='ltr'>in</span> <span class='ocrx_word' id='word_1_133' title='bbox 1123 1607 1314 1655; x_wconf 90' lang='lat' dir='ltr'>Porticu</span> <span class='ocrx_word' id='word_1_134' title='bbox 1334 1608 1384 1654; x_wconf 90' lang='lat' dir='ltr'>h.</span> <span class='ocrx_word' id='word_1_135' title='bbox 1410 1624 1452 1655; x_wconf 93' lang='lat' dir='ltr'><strong>c.</strong></span> <span class='ocrx_word' id='word_1_136' title='bbox 1584 1612 1620 1656; x_wconf 89' lang='lat' dir='ltr'><strong>E</strong></span> 
     </span>
     <span class='ocr_line' id='line_1_17' title="bbox 437 1689 1622 1743; baseline -0.003 0"><span class='ocrx_word' id='word_1_137' title='bbox 437 1699 604 1743; x_wconf 88' lang='lat' dir='ltr'>Rmus.</span> <span class='ocrx_word' id='word_1_138' title='bbox 629 1697 687 1742; x_wconf 93' lang='lat' dir='ltr'>D.</span> <span class='ocrx_word' id='word_1_139' title='bbox 713 1695 763 1742; x_wconf 90' lang='lat' dir='ltr'>C.</span> <span class='ocrx_word' id='word_1_140' title='bbox 824 1689 1194 1740; x_wconf 88' lang='lat' dir='ltr'>Mediolanensis</span> <span class='ocrx_word' id='word_1_141' title='bbox 1214 1691 1263 1737; x_wconf 93' lang='lat' dir='ltr'>h.</span> <span class='ocrx_word' id='word_1_142' title='bbox 1290 1705 1332 1738; x_wconf 93' lang='lat' dir='ltr'><strong>c.</strong></span> <span class='ocrx_word' id='word_1_143' title='bbox 1588 1694 1622 1739; x_wconf 91' lang='lat' dir='ltr'><strong>F</strong></span> 
     </span>
     <span class='ocr_line' id='line_1_18' title="bbox 437 1773 1630 1825; baseline -0.007 0"><span class='ocrx_word' id='word_1_144' title='bbox 437 1781 603 1825; x_wconf 91' lang='lat' dir='ltr'>Rmus.</span> <span class='ocrx_word' id='word_1_145' title='bbox 629 1779 686 1824; x_wconf 91' lang='lat' dir='ltr'>D.</span> <span class='ocrx_word' id='word_1_146' title='bbox 713 1778 763 1824; x_wconf 92' lang='lat' dir='ltr'>C.</span> <span class='ocrx_word' id='word_1_147' title='bbox 824 1773 1126 1823; x_wconf 86' lang='lat' dir='ltr'>Novariensis</span> <span class='ocrx_word' id='word_1_148' title='bbox 1146 1773 1196 1820; x_wconf 97' lang='lat' dir='ltr'>h.</span> <span class='ocrx_word' id='word_1_149' title='bbox 1223 1788 1266 1820; x_wconf 92' lang='lat' dir='ltr'><strong>c.</strong></span> <span class='ocrx_word' id='word_1_150' title='bbox 1594 1777 1630 1822; x_wconf 88' lang='lat' dir='ltr'>L</span> 
     </span>
     <span class='ocr_line' id='line_1_19' title="bbox 437 1854 1638 1908; baseline -0.002 0"><span class='ocrx_word' id='word_1_151' title='bbox 437 1864 603 1908; x_wconf 90' lang='lat' dir='ltr'>Rmus.</span> <span class='ocrx_word' id='word_1_152' title='bbox 630 1861 686 1906; x_wconf 95' lang='lat' dir='ltr'>D.</span> <span class='ocrx_word' id='word_1_153' title='bbox 713 1859 763 1905; x_wconf 89' lang='lat' dir='ltr'>C.</span> <span class='ocrx_word' id='word_1_154' title='bbox 824 1854 1211 1904; x_wconf 86' lang='lat' dir='ltr'>Amalfitanensis</span> <span class='ocrx_word' id='word_1_155' title='bbox 1231 1856 1281 1902; x_wconf 90' lang='lat' dir='ltr'>h.</span> <span class='ocrx_word' id='word_1_156' title='bbox 1307 1871 1350 1903; x_wconf 92' lang='lat' dir='ltr'><strong>c.</strong></span> <span class='ocrx_word' id='word_1_157' title='bbox 1600 1860 1638 1905; x_wconf 93' lang='lat' dir='ltr'><strong>D</strong></span> 
     </span>
     <span class='ocr_line' id='line_1_20' title="bbox 437 1937 1630 1991; baseline -0.008 0"><span class='ocrx_word' id='word_1_158' title='bbox 437 1947 603 1991; x_wconf 90' lang='lat' dir='ltr'>Rmus.</span> <span class='ocrx_word' id='word_1_159' title='bbox 629 1944 686 1988; x_wconf 92' lang='lat' dir='ltr'>D.</span> <span class='ocrx_word' id='word_1_160' title='bbox 713 1942 763 1988; x_wconf 90' lang='lat' dir='ltr'>C.</span> <span class='ocrx_word' id='word_1_161' title='bbox 824 1937 1188 1986; x_wconf 87' lang='lat' dir='ltr'>Matisconensis</span> <span class='ocrx_word' id='word_1_162' title='bbox 1208 1937 1258 1984; x_wconf 92' lang='lat' dir='ltr'>h.</span> <span class='ocrx_word' id='word_1_163' title='bbox 1285 1953 1328 1985; x_wconf 88' lang='lat' dir='ltr'><strong>c.</strong></span> <span class='ocrx_word' id='word_1_164' title='bbox 1595 1942 1630 1987; x_wconf 93' lang='lat' dir='ltr'>T</span> 
     </span>
     <span class='ocr_line' id='line_1_21' title="bbox 436 2019 1628 2083; baseline -0.012 -8"><span class='ocrx_word' id='word_1_165' title='bbox 436 2030 602 2075; x_wconf 88' lang='lat' dir='ltr'>Rmus.</span> <span class='ocrx_word' id='word_1_166' title='bbox 628 2027 686 2072; x_wconf 94' lang='lat' dir='ltr'>D.</span> <span class='ocrx_word' id='word_1_167' title='bbox 712 2024 762 2070; x_wconf 90' lang='lat' dir='ltr'>C.</span> <span class='ocrx_word' id='word_1_168' title='bbox 825 2037 863 2068; x_wconf 92' lang='lat' dir='ltr'><strong>s.</strong></span> <span class='ocrx_word' id='word_1_169' title='bbox 887 2019 1058 2083; x_wconf 82' lang='lat' dir='ltr'>Angeli</span> <span class='ocrx_word' id='word_1_170' title='bbox 1077 2019 1128 2066; x_wconf 92' lang='lat' dir='ltr'>h.</span> <span class='ocrx_word' id='word_1_171' title='bbox 1154 2035 1197 2067; x_wconf 90' lang='lat' dir='ltr'><strong>c.</strong></span> <span class='ocrx_word' id='word_1_172' title='bbox 1595 2025 1628 2071; x_wconf 80' lang='lat' dir='ltr'>C</span> 
     </span>
     <span class='ocr_line' id='line_1_22' title="bbox 435 2102 1630 2160; baseline -0.012 -1"><span class='ocrx_word' id='word_1_173' title='bbox 435 2115 601 2160; x_wconf 86' lang='lat' dir='ltr'>Rmus.</span> <span class='ocrx_word' id='word_1_174' title='bbox 627 2110 684 2154; x_wconf 91' lang='lat' dir='ltr'>D.</span> <span class='ocrx_word' id='word_1_175' title='bbox 711 2107 761 2153; x_wconf 90' lang='lat' dir='ltr'>C.</span> <span class='ocrx_word' id='word_1_176' title='bbox 824 2102 1158 2152; x_wconf 84' lang='lat' dir='ltr'>Ulixbonensis</span> <span class='ocrx_word' id='word_1_177' title='bbox 1179 2102 1229 2149; x_wconf 92' lang='lat' dir='ltr'>h.</span> <span class='ocrx_word' id='word_1_178' title='bbox 1255 2118 1298 2150; x_wconf 93' lang='lat' dir='ltr'><strong>c.</strong></span> <span class='ocrx_word' id='word_1_179' title='bbox 1583 2109 1630 2154; x_wconf 89' lang='lat' dir='ltr'><strong>M</strong></span> 
     </span>
     <span class='ocr_line' id='line_1_23' title="bbox 434 2185 1619 2242; baseline -0.009 0"><span class='ocrx_word' id='word_1_180' title='bbox 434 2195 601 2242; x_wconf 92' lang='lat' dir='ltr'>Rmus.</span> <span class='ocrx_word' id='word_1_181' title='bbox 627 2194 684 2239; x_wconf 93' lang='lat' dir='ltr'>D.</span> <span class='ocrx_word' id='word_1_182' title='bbox 711 2190 762 2236; x_wconf 89' lang='lat' dir='ltr'>C.</span> <span class='ocrx_word' id='word_1_183' title='bbox 824 2185 1200 2235; x_wconf 86' lang='lat' dir='ltr'>Rachanatensis</span> <span class='ocrx_word' id='word_1_184' title='bbox 1219 2186 1269 2232; x_wconf 94' lang='lat' dir='ltr'>h.</span> <span class='ocrx_word' id='word_1_185' title='bbox 1295 2201 1338 2234; x_wconf 90' lang='lat' dir='ltr'><strong>c.</strong></span> <span class='ocrx_word' id='word_1_186' title='bbox 1580 2191 1619 2236; x_wconf 89' lang='lat' dir='ltr'><strong>A</strong></span> 
     </span>
    </p>

    <p class='ocr_par' dir='ltr' id='par_1_6' title="bbox 328 2259 2128 3313">
     <span class='ocr_line' id='line_1_24' title="bbox 328 2259 1618 2336; baseline -0.012 -9"><span class='ocrx_word' id='word_1_187' title='bbox 328 2259 335 2264; x_wconf 37' lang='grc'><strong><em>’</em></strong></span> <span class='ocrx_word' id='word_1_188' title='bbox 436 2283 603 2326; x_wconf 80' lang='lat' dir='ltr'><strong>RmuS.</strong></span> <span class='ocrx_word' id='word_1_189' title='bbox 627 2277 684 2321; x_wconf 95' lang='lat' dir='ltr'>D.</span> <span class='ocrx_word' id='word_1_190' title='bbox 710 2276 760 2321; x_wconf 90' lang='lat' dir='ltr'>C.</span> <span class='ocrx_word' id='word_1_191' title='bbox 820 2271 1066 2336; x_wconf 84' lang='lat' dir='ltr'>Agriensis</span> <span class='ocrx_word' id='word_1_192' title='bbox 1086 2271 1135 2318; x_wconf 93' lang='lat' dir='ltr'>h.</span> <span class='ocrx_word' id='word_1_193' title='bbox 1162 2285 1204 2317; x_wconf 91' lang='lat' dir='ltr'><strong>c.</strong></span> <span class='ocrx_word' id='word_1_194' title='bbox 1582 2275 1618 2320; x_wconf 91' lang='grc' dir='ltr'><strong>Β</strong></span> 
     </span>
     <span class='ocr_line' id='line_1_25' title="bbox 435 2354 1620 2408; baseline -0.004 0"><span class='ocrx_word' id='word_1_195' title='bbox 435 2365 599 2408; x_wconf 90' lang='lat' dir='ltr'>Rmus.</span> <span class='ocrx_word' id='word_1_196' title='bbox 625 2360 682 2404; x_wconf 93' lang='lat' dir='ltr'>D.</span> <span class='ocrx_word' id='word_1_197' title='bbox 708 2358 757 2404; x_wconf 88' lang='lat' dir='ltr'>C.</span> <span class='ocrx_word' id='word_1_198' title='bbox 821 2372 859 2402; x_wconf 93' lang='lat' dir='ltr'><strong>s.</strong></span> <span class='ocrx_word' id='word_1_199' title='bbox 886 2354 1143 2402; x_wconf 88' lang='lat' dir='ltr'>Clementis</span> <span class='ocrx_word' id='word_1_200' title='bbox 1163 2355 1213 2401; x_wconf 89' lang='lat' dir='ltr'>h.</span> <span class='ocrx_word' id='word_1_201' title='bbox 1239 2369 1282 2401; x_wconf 86' lang='lat' dir='ltr'><strong>c.</strong></span> <span class='ocrx_word' id='word_1_202' title='bbox 1577 2359 1620 2403; x_wconf 87' lang='grc' dir='ltr'><strong>Κ</strong></span> 
     </span>
     <span class='ocr_line' id='line_1_26' title="bbox 436 2436 1616 2499; baseline -0.007 -9"><span class='ocrx_word' id='word_1_203' title='bbox 436 2446 600 2490; x_wconf 90' lang='lat' dir='ltr'>Rmus.</span> <span class='ocrx_word' id='word_1_204' title='bbox 626 2442 683 2486; x_wconf 94' lang='lat' dir='ltr'>D.</span> <span class='ocrx_word' id='word_1_205' title='bbox 710 2440 759 2485; x_wconf 89' lang='lat' dir='ltr'>C.</span> <span class='ocrx_word' id='word_1_206' title='bbox 822 2438 880 2485; x_wconf 92' lang='lat' dir='ltr'>de</span> <span class='ocrx_word' id='word_1_207' title='bbox 901 2436 1141 2499; x_wconf 81' lang='lat' dir='ltr'>Aragonia</span> <span class='ocrx_word' id='word_1_208' title='bbox 1159 2437 1208 2483; x_wconf 93' lang='lat' dir='ltr'>h.</span> <span class='ocrx_word' id='word_1_209' title='bbox 1235 2453 1278 2484; x_wconf 94' lang='lat' dir='ltr'><strong>c.</strong></span> <span class='ocrx_word' id='word_1_210' title='bbox 1578 2443 1616 2487; x_wconf 92' lang='lat' dir='ltr'>R</span> 
     </span>
     <span class='ocr_line' id='line_1_27' title="bbox 436 2519 1621 2572; baseline -0.008 0"><span class='ocrx_word' id='word_1_211' title='bbox 436 2529 601 2572; x_wconf 91' lang='lat' dir='ltr'>Rmus.</span> <span class='ocrx_word' id='word_1_212' title='bbox 629 2524 685 2569; x_wconf 95' lang='lat' dir='ltr'>D.</span> <span class='ocrx_word' id='word_1_213' title='bbox 712 2523 762 2568; x_wconf 90' lang='lat' dir='ltr'>C.</span> <span class='ocrx_word' id='word_1_214' title='bbox 824 2520 881 2567; x_wconf 91' lang='lat' dir='ltr'>de</span> <span class='ocrx_word' id='word_1_215' title='bbox 905 2522 1110 2567; x_wconf 88' lang='lat' dir='ltr'>Foscaro</span> <span class='ocrx_word' id='word_1_216' title='bbox 1131 2519 1181 2566; x_wconf 93' lang='lat' dir='ltr'>h.</span> <span class='ocrx_word' id='word_1_217' title='bbox 1208 2534 1251 2566; x_wconf 92' lang='lat' dir='ltr'><strong>c.</strong></span> <span class='ocrx_word' id='word_1_218' title='bbox 1583 2524 1621 2569; x_wconf 88' lang='lat' dir='ltr'><strong>G</strong></span> 
     </span>
     <span class='ocr_line' id='line_1_28' title="bbox 437 2602 1612 2654; baseline -0.002 -1"><span class='ocrx_word' id='word_1_219' title='bbox 437 2610 599 2654; x_wconf 90' lang='lat' dir='ltr'>Rmus.</span> <span class='ocrx_word' id='word_1_220' title='bbox 626 2608 683 2652; x_wconf 89' lang='lat' dir='ltr'>D.</span> <span class='ocrx_word' id='word_1_221' title='bbox 709 2606 759 2651; x_wconf 89' lang='lat' dir='ltr'>C.</span> <span class='ocrx_word' id='word_1_222' title='bbox 821 2604 879 2650; x_wconf 88' lang='lat' dir='ltr'>de</span> <span class='ocrx_word' id='word_1_223' title='bbox 902 2602 1163 2650; x_wconf 89' lang='lat' dir='ltr'>Comitibus</span> <span class='ocrx_word' id='word_1_224' title='bbox 1183 2602 1232 2649; x_wconf 97' lang='lat' dir='ltr'>h.</span> <span class='ocrx_word' id='word_1_225' title='bbox 1259 2618 1302 2649; x_wconf 94' lang='lat' dir='ltr'><strong>c.</strong></span> <span class='ocrx_word' id='word_1_226' title='bbox 1578 2607 1612 2651; x_wconf 90' lang='lat' dir='ltr'>P</span> 
     </span>
     <span class='ocr_line' id='line_1_29' title="bbox 435 2685 1610 2736; baseline -0.005 -1"><span class='ocrx_word' id='word_1_227' title='bbox 435 2692 598 2736; x_wconf 89' lang='lat' dir='ltr'>Rmus.</span> <span class='ocrx_word' id='word_1_228' title='bbox 625 2690 681 2734; x_wconf 87' lang='lat' dir='ltr'>D.</span> <span class='ocrx_word' id='word_1_229' title='bbox 707 2688 757 2733; x_wconf 86' lang='lat' dir='ltr'>C.</span> <span class='ocrx_word' id='word_1_230' title='bbox 818 2685 1141 2733; x_wconf 88' lang='lat' dir='ltr'>Gerundensis</span> <span class='ocrx_word' id='word_1_231' title='bbox 1160 2685 1210 2732; x_wconf 94' lang='lat' dir='ltr'>h.</span> <span class='ocrx_word' id='word_1_232' title='bbox 1237 2700 1279 2732; x_wconf 90' lang='lat' dir='ltr'><strong>c.</strong></span> <span class='ocrx_word' id='word_1_233' title='bbox 1569 2689 1610 2734; x_wconf 94' lang='lat' dir='ltr'>H</span> 
     </span>
     <span class='ocr_line' id='line_1_30' title="bbox 435 2767 1608 2825; baseline -0.006 -7"><span class='ocrx_word' id='word_1_234' title='bbox 435 2775 598 2818; x_wconf 92' lang='lat' dir='ltr'>Rmus.</span> <span class='ocrx_word' id='word_1_235' title='bbox 625 2772 681 2816; x_wconf 95' lang='lat' dir='ltr'>D.</span> <span class='ocrx_word' id='word_1_236' title='bbox 708 2770 758 2815; x_wconf 88' lang='lat' dir='ltr'>C.</span> <span class='ocrx_word' id='word_1_237' title='bbox 820 2767 1092 2816; x_wconf 86' lang='lat' dir='ltr'>Parmensis</span> <span class='ocrx_word' id='word_1_238' title='bbox 1111 2768 1161 2814; x_wconf 91' lang='lat' dir='ltr'>h.</span> <span class='ocrx_word' id='word_1_239' title='bbox 1187 2782 1230 2815; x_wconf 88' lang='lat' dir='ltr'><strong>c.</strong></span> <span class='ocrx_word' id='word_1_240' title='bbox 1572 2771 1608 2825; x_wconf 83' lang='lat' dir='ltr'><strong>Q</strong></span> 
     </span>
     <span class='ocr_line' id='line_1_31' title="bbox 436 2850 2095 2915; baseline -0.004 -14"><span class='ocrx_word' id='word_1_241' title='bbox 436 2857 600 2901; x_wconf 91' lang='lat' dir='ltr'>Rmus.</span> <span class='ocrx_word' id='word_1_242' title='bbox 626 2855 686 2899; x_wconf 89' lang='lat' dir='ltr'>D.</span> <span class='ocrx_word' id='word_1_243' title='bbox 710 2854 761 2899; x_wconf 88' lang='lat' dir='ltr'>C.</span> <span class='ocrx_word' id='word_1_244' title='bbox 824 2867 862 2898; x_wconf 81' lang='lat' dir='ltr'>s,</span> <span class='ocrx_word' id='word_1_245' title='bbox 886 2850 1057 2915; x_wconf 85' lang='lat' dir='ltr'>Angeli</span> <span class='ocrx_word' id='word_1_246' title='bbox 1077 2851 1126 2897; x_wconf 91' lang='lat' dir='ltr'>h.</span> <span class='ocrx_word' id='word_1_247' title='bbox 1154 2866 1196 2898; x_wconf 92' lang='lat' dir='ltr'><strong>c.</strong></span> <span class='ocrx_word' id='word_1_248' title='bbox 1574 2855 1613 2901; x_wconf 91' lang='lat' dir='ltr'>U</span> <span class='ocrx_word' id='word_1_249' title='bbox 2092 2906 2095 2907; x_wconf 36' lang='lat'><strong>.</strong></span> 
     </span>
     <span class='ocr_line' id='line_1_32' title="bbox 435 2933 2128 2997; baseline -0.005 -14"><span class='ocrx_word' id='word_1_250' title='bbox 435 2939 599 2983; x_wconf 87' lang='lat' dir='ltr'>Rmus.</span> <span class='ocrx_word' id='word_1_251' title='bbox 625 2937 681 2982; x_wconf 95' lang='lat' dir='ltr'>D.</span> <span class='ocrx_word' id='word_1_252' title='bbox 707 2936 757 2981; x_wconf 91' lang='lat' dir='ltr'>C.</span> <span class='ocrx_word' id='word_1_253' title='bbox 820 2950 857 2981; x_wconf 94' lang='lat' dir='ltr'><strong>s.</strong></span> <span class='ocrx_word' id='word_1_254' title='bbox 884 2933 1075 2997; x_wconf 83' lang='lat' dir='ltr'>Georgii</span> <span class='ocrx_word' id='word_1_255' title='bbox 1095 2934 1144 2980; x_wconf 90' lang='lat' dir='ltr'>h.</span> <span class='ocrx_word' id='word_1_256' title='bbox 1171 2949 1213 2980; x_wconf 92' lang='lat' dir='ltr'><strong>c.</strong></span> <span class='ocrx_word' id='word_1_257' title='bbox 1582 2939 1601 2983; x_wconf 95' lang='grc' dir='ltr'>Ι</span> <span class='ocrx_word' id='word_1_258' title='bbox 1631 2940 1678 2984; x_wconf 79' lang='lat' dir='ltr'>et</span> <span class='ocrx_word' id='word_1_259' title='bbox 1690 2937 1850 2985; x_wconf 77' lang='lat' dir='ltr'>locum</span> <span class='ocrx_word' id='word_1_260' title='bbox 1864 2941 2128 2986; x_wconf 73' lang='lat' dir='ltr'>cantorum,</span> 
     </span>
     <span class='ocr_line' id='line_1_33' title="bbox 434 3015 1618 3065; baseline 0 0"><span class='ocrx_word' id='word_1_261' title='bbox 434 3020 599 3064; x_wconf 91' lang='lat' dir='ltr'>Rmus.</span> <span class='ocrx_word' id='word_1_262' title='bbox 625 3019 682 3063; x_wconf 91' lang='lat' dir='ltr'><strong>D.</strong></span> <span class='ocrx_word' id='word_1_263' title='bbox 708 3017 758 3062; x_wconf 87' lang='lat' dir='ltr'>C.</span> <span class='ocrx_word' id='word_1_264' title='bbox 819 3016 878 3062; x_wconf 90' lang='lat' dir='ltr'>de</span> <span class='ocrx_word' id='word_1_265' title='bbox 900 3015 1128 3062; x_wconf 89' lang='lat' dir='ltr'>Columna</span> <span class='ocrx_word' id='word_1_266' title='bbox 1147 3016 1195 3062; x_wconf 93' lang='lat' dir='ltr'>h.</span> <span class='ocrx_word' id='word_1_267' title='bbox 1222 3031 1264 3063; x_wconf 94' lang='lat' dir='ltr'><strong>c.</strong></span> <span class='ocrx_word' id='word_1_268' title='bbox 1577 3019 1618 3065; x_wconf 96' lang='lat' dir='ltr'>X</span> 
     </span>
     <span class='ocr_line' id='line_1_34' title="bbox 435 3098 1614 3147; baseline -0.002 1"><span class='ocrx_word' id='word_1_269' title='bbox 435 3104 600 3147; x_wconf 89' lang='lat' dir='ltr'>Rmus.</span> <span class='ocrx_word' id='word_1_270' title='bbox 625 3101 681 3146; x_wconf 94' lang='lat' dir='ltr'><strong>D.</strong></span> <span class='ocrx_word' id='word_1_271' title='bbox 707 3100 757 3145; x_wconf 88' lang='lat' dir='ltr'>C.</span> <span class='ocrx_word' id='word_1_272' title='bbox 819 3098 876 3144; x_wconf 90' lang='lat' dir='ltr'>de</span> <span class='ocrx_word' id='word_1_273' title='bbox 901 3098 1100 3144; x_wconf 87' lang='lat' dir='ltr'>Sabellis</span> <span class='ocrx_word' id='word_1_274' title='bbox 1119 3098 1169 3144; x_wconf 92' lang='lat' dir='ltr'>h.</span> <span class='ocrx_word' id='word_1_275' title='bbox 1196 3113 1239 3145; x_wconf 88' lang='lat' dir='ltr'><strong>c.</strong></span> <span class='ocrx_word' id='word_1_276' title='bbox 1582 3102 1614 3146; x_wconf 95' lang='lat' dir='ltr'><strong>Z</strong></span> 
     </span>
     <span class='ocr_line' id='line_1_35' title="bbox 435 3179 1612 3230; baseline -0.005 0"><span class='ocrx_word' id='word_1_277' title='bbox 435 3186 599 3230; x_wconf 84' lang='lat' dir='ltr'>Rmus.</span> <span class='ocrx_word' id='word_1_278' title='bbox 626 3183 682 3228; x_wconf 94' lang='lat' dir='ltr'>D.</span> <span class='ocrx_word' id='word_1_279' title='bbox 708 3182 758 3227; x_wconf 86' lang='lat' dir='ltr'>C.</span> <span class='ocrx_word' id='word_1_280' title='bbox 819 3180 876 3227; x_wconf 91' lang='lat' dir='ltr'>de</span> <span class='ocrx_word' id='word_1_281' title='bbox 899 3179 1081 3227; x_wconf 88' lang='lat' dir='ltr'>Ursinis</span> <span class='ocrx_word' id='word_1_282' title='bbox 1102 3180 1150 3226; x_wconf 92' lang='lat' dir='ltr'>h.</span> <span class='ocrx_word' id='word_1_283' title='bbox 1177 3195 1219 3227; x_wconf 92' lang='lat' dir='ltr'><strong>c.</strong></span> <span class='ocrx_word' id='word_1_284' title='bbox 1583 3184 1612 3229; x_wconf 90' lang='lat' dir='ltr'>S</span> 
     </span>
     <span class='ocr_line' id='line_1_36' title="bbox 435 3262 1625 3313; baseline -0.002 -3"><span class='ocrx_word' id='word_1_285' title='bbox 435 3267 600 3312; x_wconf 89' lang='lat' dir='ltr'>Rmus.</span> <span class='ocrx_word' id='word_1_286' title='bbox 626 3266 683 3311; x_wconf 97' lang='lat' dir='ltr'>D.</span> <span class='ocrx_word' id='word_1_287' title='bbox 710 3265 759 3310; x_wconf 90' lang='lat' dir='ltr'>C.</span> <span class='ocrx_word' id='word_1_288' title='bbox 820 3262 1050 3310; x_wconf 87' lang='lat' dir='ltr'>Ascanius</span> <span class='ocrx_word' id='word_1_289' title='bbox 1070 3263 1120 3309; x_wconf 90' lang='lat' dir='ltr'>h.</span> <span class='ocrx_word' id='word_1_290' title='bbox 1146 3278 1190 3310; x_wconf 91' lang='lat' dir='ltr'><strong>c.</strong></span> <span class='ocrx_word' id='word_1_291' title='bbox 1583 3267 1625 3313; x_wconf 89' lang='lat' dir='ltr'>V</span> 
     </span>
    </p>
   </div>
   <div class='ocr_carea' id='block_1_5' title="bbox 419 3412 976 3461">
    <p class='ocr_par' dir='ltr' id='par_1_7' title="bbox 419 3412 976 3461">
     <span class='ocr_line' id='line_1_37' title="bbox 419 3412 976 3461; baseline 0.002 -11"><span class='ocrx_word' id='word_1_292' title='bbox 419 3416 452 3450; x_wconf 81' lang='lat'>1.</span> <span class='ocrx_word' id='word_1_293' title='bbox 478 3412 566 3450; x_wconf 85' lang='lat' dir='ltr'>Voir</span> <span class='ocrx_word' id='word_1_294' title='bbox 586 3412 667 3460; x_wconf 90' lang='lat' dir='ltr'>plus</span> <span class='ocrx_word' id='word_1_295' title='bbox 683 3413 787 3460; x_wconf 84' lang='lat' dir='ltr'>haut,</span> <span class='ocrx_word' id='word_1_296' title='bbox 804 3424 899 3461; x_wconf 82' lang='lat' dir='ltr'>page</span> <span class='ocrx_word' id='word_1_297' title='bbox 919 3415 976 3451; x_wconf 73' lang='lat'>22.</span> 
     </span>
    </p>
   </div>
  </div>
 </body>
</html>
