2262 3958
121 301 335 351 {Novembre
355 298 447 345 1491]
568 296 738 334 RERUM
771 295 1073 334 URBANARUM
1106 294 1456 333 COMMENTARII.
1833 299 1904 334 427

116 414 308 454 marum
337 416 469 450 xxxu
502 400 632 466 (quia
664 400 861 449 exclusa
881 413 1046 447 earum
1077 395 1402 461 grossitudine
1427 397 1718 463 mensuravi)
1747 398 1899 448 altum

115 485 386 552 palmorum
426 484 659 534 tredecim
699 499 852 547 usque
891 483 951 531 ad
998 482 1158 532 trabes
1206 482 1550 530 transversales
1599 487 1647 530 et
1685 482 1778 530 hec
1811 482 1900 531 fuit

114 572 397 634 competens
418 569 667 633 proportio
692 584 701 615 :
728 567 814 616 sed
835 571 1017 615 tectum
1039 566 1129 614 fuit
1151 565 1361 629 desuper
1378 565 1516 616 valde
1538 566 1735 614 bassum
1757 570 1805 614 et
1827 567 1901 613 in-

115 652 404 718 dispositum
446 653 558 716 quia
591 652 732 717 juxta
751 650 1055 699 altitudinem
1077 666 1087 708 ;
1122 649 1335 711 quinque
1356 649 1431 697 vel
1453 665 1537 697 sex
1558 649 1832 714 palmorum
1854 655 1903 699 et

111 736 258 801 longe
278 735 452 784 melius
472 735 643 783 fuisset
662 733 831 782 decem
858 732 934 779 vel
963 730 1239 779 duodecim.
1265 733 1478 779 Fuerunt
1506 732 1662 794 posita
1689 748 1904 780 scamma

113 819 163 868 in
183 818 337 868 tribus
356 818 588 868 lateribus
609 817 738 865 circa
764 819 975 863 castrum
997 830 1085 878 pro
1113 812 1334 872 funestis,
1361 818 1409 862 et
1429 830 1597 862 versus
1626 820 1817 878 portam
1852 816 1901 863 in

113 907 441 952 transversum
480 898 875 965 quadruplicatis.
913 899 1066 962 Supra
1100 897 1351 946 columnas
1390 898 1441 945 in
1473 898 1569 946 fine
1610 899 1900 963 presbyterii

111 986 211 1035 sive
237 985 374 1034 chori
399 984 487 1033 fuit
521 985 846 1032 transversata
873 996 969 1029 una
997 981 1159 1029 trabes
1181 985 1229 1029 et
1258 980 1414 1044 posite
1443 980 1655 1044 desuper
1687 986 1902 1044 capsette

109 1082 284 1118 novem
303 1082 392 1132 pro
413 1065 687 1125 intorticiiS,
712 1064 863 1128 peciis
891 1063 1167 1113 tabularum
1195 1065 1363 1114 subtus
1390 1064 1560 1129 positis
1587 1080 1648 1113 ne
1677 1078 1790 1113 cera
1811 1065 1903 1113 dif—

108 1152 265 1202 fluens
282 1151 495 1216 prelatos
517 1150 688 1199 subtus
710 1148 973 1197 existentes
994 1147 1295 1197 molestaret.
1321 1150 1477 1212 Supra
1508 1153 1699 1212 portam
1720 1149 1902 1213 princi-

107 1234 482 1300 pulis'introitus
521 1233 582 1282 ad
612 1233 870 1282 ecclesiam
900 1232 1057 1296 posite
1092 1232 1286 1281 fuerunt
1315 1231 1518 1281 totidem
1549 1237 1765 1296 capsette
1796 1237 1844 1281 et
1874 1249 1902 1281 a

31 1351 34 1353 Δ
107 1317 322 1384 quolibet
340 1317 492 1368 latere
512 1317 681 1382 viginti
703 1317 933 1381 quinque.
968 1316 1066 1365 Sub
1097 1320 1255 1365 castro
1287 1316 1466 1364 doloris
1496 1316 1655 1381 posita
1683 1316 1772 1366 fuit
1799 1317 1900 1366 lec-

106 1402 203 1453 tica
220 1401 368 1467 longa
386 1402 659 1467 palmorum
680 1400 935 1458 tredecim,
958 1400 1094 1463 larga
1113 1415 1286 1449 novem
1309 1404 1357 1449 et
1378 1400 1474 1449 alta
1494 1400 1724 1464 quinque,
1744 1405 1791 1450 et
1813 1401 1900 1451 fuit

106 1490 266 1536 castro
294 1486 685 1551 proportionata;
711 1484 798 1534 sed
826 1484 1024 1548 pallium
1055 1483 1264 1547 desuper
1292 1484 1522 1547 positum,
1545 1484 1660 1533 licet
1681 1489 1810 1534 esset
1840 1501 1899 1534 ex

28 1573 34 1606 -’
103 1569 256 1634 peciis
277 1568 489 1634 quinque
511 1569 700 1618 brucati
720 1569 872 1629 aurei,
899 1569 1014 1618 satis
1036 1573 1224 1618 tantum
1251 1585 1451 1633 parvum
1473 1573 1575 1618 erat
1597 1570 1709 1633 quia
1730 1586 1758 1617 a
1775 1569 1899 1619 late-

105 1652 238 1702 ribus
253 1657 317 1702 -et
346 1653 408 1702 ad
435 1653 605 1718 pedeS,
631 1654 767 1717 quasi
799 1653 919 1702 duos
949 1653 1154 1717 palmOS,
1179 1653 1256 1701 vix
1283 1657 1463 1701 terram
1485 1653 1731 1718 tangebat.
1756 1658 1899 1703 Juxta

0 1745 5 1805 ξ
30 1727 32 1729 ’
105 1740 317 1786 castrum
336 1737 483 1802 positi
502 1737 697 1787 fuerunt
717 1737 831 1786 hinc
852 1742 900 1786 et
920 1737 1032 1785 inde
1055 1736 1277 1785 cavaletti
1297 1752 1384 1800 pro
1412 1737 1667 1786 intorticiis
1689 1737 1897 1801 quadra-

104 1820 256 1885 ginta,
278 1820 505 1871 videlicet
524 1821 692 1886 viginti
713 1837 801 1886 pro
823 1821 1039 1885 quolibet
1064 1822 1215 1870 latere
1244 1820 1339 1870 tele
1362 1836 1472 1868 cum
1494 1821 1641 1868 armis
1664 1837 1756 1885 que
1779 1838 1898 1870 con-

0 1893 3 1895 *
69 1905 240 1970 'tigna
258 1909 414 1966 erant,
439 1905 506 1955 ita
535 1905 665 1970 quod
695 1905 908 1969 quelibet
929 1905 1110 1954 chorde
1134 1904 1467 1969 dependentes
1489 1905 1677 1953 duobus
1699 1906 1896 1970 capellis

104 1987 406 2038 deservirent
431 1987 662 2052 depictis3
688 1989 870 2037 circum
893 1989 1021 2037 circa
1050 2005 1138 2053 per
1165 1988 1423 2037 ecclesiam
1455 1989 1602 2038 etiam
1631 2006 1718 2053 per
1744 1990 1897 2038 tribu-

102 2086 217 2120 nam
237 2071 374 2121 chori
394 2071 709 2120 cardinalium
732 2076 779 2120 et
802 2073 970 2121 subtus
991 2071 1179 2121 trabem
1201 2072 1572 2120 transversalem
1594 2088 1741 2136 super
1759 2089 1897 2137 pres-

103 2153 364 2220 byterium,
389 2154 631 2219 duplicate
670 2153 896 2204 videlicet
925 2171 1094 2203 versus
1125 2155 1383 2204 ecclesiam
1405 2171 1501 2203 una
1531 2160 1578 2204 et
1608 2156 1702 2204 alia
1730 2173 1896 2205 versus

103 2238 307 2287 chorum
329 2237 645 2287 cardinalium
673 2243 720 2288 et
747 2238 930 2286 circum
959 2239 1087 2286 circa
1112 2238 1262 2287 altare
1289 2238 1445 2303 majus
1474 2254 1619 2302 supra
1645 2239 1895 2288 columnas

102 2321 231 2370 illius
250 2337 306 2370 ac
328 2322 456 2371 intus
477 2322 661 2371 circum
683 2323 811 2370 circa
838 2322 1073 2386 capellam
1101 2322 1325 2370 columne
1354 2322 1530 2371 Christi
1556 2339 1767 2387 appense
1790 2324 1896 2373 fue-

99 2409 229 2456 runt.
269 2408 510 2455 Numerus
546 2423 659 2455 vero
696 2421 942 2454 armorum
973 2406 1023 2454 in
1053 2406 1161 2455 telis
1198 2405 1501 2469 depictorum
1539 2411 1642 2455 erat
1671 2407 1896 2457 videlicet

99 2489 284 2538 circum
306 2489 437 2538 circa
455 2506 543 2554 per
570 2490 830 2539 ecclesiam
861 2505 971 2537 cum
1003 2488 1195 2538 tribuna
1224 2489 1361 2538 chori
1391 2490 1602 2539 ducenta
1630 2492 1897 2557 nonaginta

99 2575 322 2635 quatuor,
348 2573 829 2636 quorum‘sexdecim
858 2577 995 2622 erant
1023 2572 1215 2638 depicta
1240 2573 1291 2621 in
1318 2573 1414 2623 tela
1441 2590 1479 2621 s.
1512 2574 1651 2635 Galli,
1677 2575 1770 2623 alia
1790 2591 1897 2624 om-

100 2654 181 2702 nia
201 2654 251 2702 in
276 2654 374 2703 tela
398 2670 591 2719 grossa3
617 2656 705 2703 suh
733 2656 867 2705 trabe
889 2657 1196 2705 transversali
1219 2674 1363 2722 supra
1382 2658 1739 2723 presbyterium
1762 2676 1897 2708 arma

100 2737 415 2802 quinquagita
458 2739 568 2798 tria,
608 2740 792 2788 circum
829 2740 960 2789 circa
1006 2756 1152 2804 supra
1191 2746 1403 2790 castrum
1449 2742 1627 2791 doloris
1672 2743 1722 2792 in
1767 2748 1897 2794 terra

100 2836 268 2886 grossa
301 2837 436 2871 arma
465 2823 787 2887 septuaginta,
824 2840 969 2888 supra
1002 2825 1251 2874 columnas
1285 2826 1447 2874 altaris
1477 2827 1675 2891 majoris
1711 2827 1894 2877 circum

99 2905 229 2954 circa
254 2903 479 2954 demedia
510 2906 606 2955 tela
626 2923 664 2954 S.
702 2907 823 2955 Galli
853 2922 988 2955 arma
1016 2908 1213 2972 triginta
1249 2924 1350 2969 seX,
1385 2910 1512 2958 intra
1543 2910 1779 2975 capellam
1816 2927 1895 2959 co-

96 2987 262 3037 lumne
297 2987 474 3038 Christi
505 2988 565 3038 de
588 2989 751 3038 media
792 2989 888 3039 tela
922 3006 961 3038 s.
1002 2990 1124 3038 Galli
1162 3007 1298 3040 arma
1332 2993 1650 3058 quadraginta
1684 2995 1805 3054 duo;
1843 2995 1891 3043 in

97 3071 276 3120 chartis
306 3087 441 3121 arma
467 3072 659 3138 depicta
685 3074 828 3122 affixa
854 3074 1048 3122 fuerunt
1068 3089 1157 3138 per
1185 3076 1442 3125 ecclesiam
1471 3082 1519 3126 et
1549 3082 1684 3126 extra
1713 3078 1890 3142 ubique

94 3171 182 3221 per
210 3171 375 3204 muros
411 3161 459 3206 et
494 3173 581 3221 per
609 3158 793 3222 plateas
823 3173 1026 3205 numero
1060 3162 1277 3207 trecenta
1301 3164 1444 3223 prout
1473 3160 1685 3223 pictores
1712 3161 1893 3210 retule-

94 3243 222 3299 runt,
257 3239 369 3303 quia
397 3239 478 3289 illa
506 3256 605 3290 non
632 3242 883 3291 numeravi
915 3241 1096 3290 sedalia
1123 3246 1311 3291 tantum
1339 3243 1447 3291 telis
1469 3243 1676 3307 depicta.
1710 3246 1893 3294 Funes-

94 3327 253 3372 torum
283 3323 476 3374 fuerunt
504 3341 708 3375 numero
736 3326 930 3375 circiter
955 3330 1152 3374 centum
1183 3326 1451 3390 sexaginta,
1476 3342 1680 3390 quorum
1707 3328 1892 3392 primus

93 3407 182 3456 fuit
201 3407 398 3472 quidam
419 3408 567 3459 abbas
588 3410 829 3475 generalis
850 3414 1154 3475 nuncupatus
1176 3410 1408 3476 magister
1429 3410 1620 3472 domuS,
1645 3416 1755 3477 post
1776 3428 1893 3462 eum.
