2262 3958
113 317 221 362 [Aoat
241 316 333 359 1484]
556 313 725 353 RERUM
757 311 1064 351 URBANARUM
1096 311 1448 351 COMMENTARII.
1858 315 1904 350 89

110 420 270 485 quiete
291 422 339 469 et
357 417 655 468 habitatione
678 417 988 467 dominorum
1010 432 1207 465 suorum
1228 416 1277 464 in
1304 415 1380 465 die
1402 415 1728 465 coronationis
1750 418 1896 481 Pape.

172 507 337 553 Rmus.
381 506 440 552 D.
489 502 912 552 vicecancellarius
951 501 1098 549 habet
1138 516 1383 550 cameram
1420 500 1720 565 signatam...
1767 503 1807 549 Y
1849 506 1897 550 et

109 588 422 654 superfluam.
448 587 623 654 (Ceteri
651 575 912 636 cardinales
942 586 1119 634 habent
1132 602 1360 645 cameras,
1388 589 1623 650 utsupra,
1654 602 1765 650 pag.
1794 585 1894 644 24.)

174 674 244 722 De
264 672 417 722 tribus
439 672 678 737 episcopis
700 670 1020 720 cardinalibus
1048 670 1127 734 qui
1151 673 1247 718 tres
1270 669 1512 731 orationes
1534 669 1696 718 dicent
1721 686 1731 718 ε

862 758 1030 803 Rmus.
1058 756 1113 801 D.
1134 754 1389 803 cardinalis
1404 771 1442 802 s.
1461 754 1628 815 Marci,
1650 754 1856 819 primam
1882 770 1892 801 :

683 893 692 902 ,
892 840 1018 888 Deus
1039 839 1122 902 qui
1142 838 1318 898 adesse,

478 897 786 945 penestrmus
859 925 1027 971 Rmus.
1085 925 1142 971 D.
1204 922 1459 971 cardinalis
1522 923 1892 988 Neapolitanus,

175 1004 388 1071 episcopi
474 996 752 1046 SabisseHSiS
892 1007 1155 1056 secundam
1199 1023 1209 1055 ;
1239 1006 1672 1070 &applicationibus
1705 1007 1892 1066 nostris,

473 1098 752 1148 portuensis
890 1091 1026 1139 Dezcs
1046 1091 1336 1154 omnipotens
1358 1098 1443 1138 ete.

858 1179 1024 1223 Rmus.
1063 1177 1121 1223 D.
1159 1173 1413 1223 cardinalis
1449 1172 1891 1232 vicecancellariuS,

893 1256 1101 1319 tertiam,
1113 1259 1238 1308 Deus
1247 1259 1330 1323 qai
1341 1258 1601 1323 apostolam
1617 1265 1769 1317 tuum,
1783 1265 1867 1306 ete.
1882 1296 1891 1318 ,

167 1345 238 1392 De
259 1344 512 1409 capitaneo
533 1349 671 1410 porte
702 1345 865 1410 palatii
886 1342 1139 1410 apostolici
1164 1361 1173 1391 ε

167 1428 446 1492 capitaneus
466 1434 604 1495 porte
625 1430 787 1495 palatii
809 1429 1060 1496 apostolici
1081 1428 1281 1493 deputet
1302 1431 1350 1476 et
1377 1427 1566 1478 ordinet
1593 1428 1722 1476 bono
1749 1442 1892 1477 mane

99 1510 264 1576 plures
285 1528 344 1560 ex
364 1513 462 1562 suis
482 1514 721 1578 peditibus
742 1515 823 1579 qui
852 1518 1135 1579 suggestum
1165 1528 1310 1577 supra
1337 1512 1491 1562 scalas
1514 1516 1624 1562 ante
1642 1512 1892 1562 basilicam

102 1611 147 1644 s.
167 1596 297 1645 Petri
324 1597 596 1647 ordinatum
624 1600 898 1648 custodiant
923 1604 970 1648 et
990 1598 1238 1647 neminem
1264 1597 1379 1646 illud
1406 1598 1671 1647 ascendere
1689 1596 1892 1662 permit-

100 1683 218 1739 tant,
252 1684 363 1730 ante
396 1685 605 1747 tempus.
636 1685 778 1743 Item,
815 1684 973 1732 mittat
1000 1682 1119 1732 alios
1158 1682 1334 1730 decem
1368 1683 1447 1747 qui
1478 1682 1753 1731 custodiant
1786 1681 1890 1730 bal-

98 1763 346 1827 trescham
381 1769 428 1815 et
452 1770 644 1830 portam
672 1767 883 1826 basilice,
905 1784 943 1816 s.
969 1768 1204 1818 Johannis
1228 1767 1585 1826 LateranensiS‚
1609 1770 1656 1815 et
1673 1766 1892 1815 similiter

98 1848 330 1899 neminen
350 1853 461 1900 ante
482 1854 673 1916 tempus
694 1852 875 1901 intrare
897 1854 1194 1918 permittant.
1220 1855 1359 1913 Item,
1380 1851 1499 1900 alios
1515 1850 1595 1914 qui
1618 1850 1890 1900 custodiant

99 1932 276 1982 ostium
291 1933 428 1983 chori
449 1935 612 1985 altaris
634 1936 833 2001 majoris
856 1937 1076 2001 ejusdem
1098 1937 1295 1986 basilice
1319 1953 1360 1985 S.
1383 1935 1529 1984 Petri.

163 2018 234 2068 De
255 2017 418 2067 officio
437 2019 729 2070 clericorum
751 2021 1173 2085 campanariorum
1195 2022 1380 2087 capelle
1404 2023 1486 2070 SS.
1516 2023 1574 2069 D.
1597 2023 1651 2070 N.
1680 2036 1804 2085 pape
1831 2037 1841 2069 :
1920 2072 1925 2077 ,

161 2102 325 2151 clerici
347 2104 642 2168 campanarii
670 2106 853 2170 capelle
880 2108 964 2156 SS.
991 2109 1050 2155 D.
1075 2109 1132 2156 N.
1160 2124 1283 2172 pape
1310 2107 1593 2172 provideant
1617 2106 1675 2154 de
1699 2109 1886 2169 septem

94 2185 263 2235 faculis
285 2185 382 2234 sive
403 2187 617 2236 candelis
638 2188 777 2236 unius
798 2189 918 2238 libre
941 2190 1153 2252 quelibet
1173 2207 1261 2255 pro
1283 2189 1597 2255 processione
1628 2189 1687 2238 de
1709 2188 1885 2253 palatio

94 2270 155 2319 ad
175 2270 412 2335 capellam
434 2287 473 2319 S.
501 2272 719 2336 Gregorii
741 2276 789 2321 et
810 2273 1010 2323 totidem
1033 2274 1356 2335 candelabriS‚

160 2356 283 2403 Item
314 2354 374 2403 de
415 2358 601 2420 septem
640 2356 808 2405 faculis
842 2357 1045 2407 duarum
1085 2357 1318 2408 librarum
1357 2357 1570 2422 quelibet
1607 2372 1696 2422 pro
1736 2356 1884 2407 altare

92 2437 286 2505 majori,

157 2526 278 2573 Item
292 2523 352 2572 de
374 2523 557 2573 duabus
579 2525 749 2575 faculis
773 2525 1008 2576 similibus
1030 2543 1117 2592 pro
1140 2528 1389 2577 credentia
1411 2527 1631 2588 sacriste,

154 2608 273 2657 item
293 2607 353 2656 de
371 2607 627 2658 intorticiis
655 2614 766 2659 octo
799 2627 886 2675 pro
909 2612 1175 2661 elevatione
1199 2611 1489 2661 sacramenti
1512 2615 1559 2661 et
1581 2611 1879 2675 evangelicO,

155 2691 274 2740 item
293 2691 354 2739 de
375 2690 630 2740 intorticiis
650 2693 909 2742 duodecim
930 2695 1178 2758 portandis
1201 2699 1311 2744 ante
1335 2698 1710 2756 sacramentum,

149 2775 200 2823 in
219 2774 534 2839 processione
556 2776 617 2824 ad
638 2792 677 2823 s,
701 2777 974 2826 Iohannem
997 2781 1393 2827 Lateranensem.

159 2859 229 2906 De
250 2857 493 2907 thuribulo
517 2862 565 2908 et
584 2860 815 2910 navicella
834 2878 922 2927 pro
943 2862 1256 2926 processione
1278 2863 1496 2928 predicta
1521 2882 1530 2912 ·.

157 2946 398 3007 ponantur
419 2942 513 2991 duo
532 2944 822 2993 candelabra
850 2961 992 3010 supra
1012 2947 1160 2995 altare
1183 2947 1242 2995 in.
1256 2948 1441 3012 capella
1463 2964 1501 2998 s,
1529 2945 1747 3011 Gregorii
1770 2961 1878 2994 cum

89 3027 274 3077 duabus
293 3028 461 3078 faculis
483 3027 626 3077 unius
646 3028 767 3078 libre
790 3029 1020 3093 quelibet,

157 3111 476 3161 faldistorium
496 3112 794 3179 parentsscum
816 3114 1026 3163 scabello
1050 3118 1097 3163 et
1119 3114 1324 3163 cussinis
1351 3131 1408 3164 ac
1436 3119 1594 3179 tapete
1617 3131 1704 3179 pro
1725 3114 1880 3179 ponti-

90 3195 182 3243 fice
204 3211 298 3259 quo
318 3195 420 3260 ipse
448 3196 646 3246 diversis
678 3198 798 3246 locis
829 3202 1007 3258 utetur,
1035 3198 1258 3247 videlicet
1285 3199 1409 3247 intra
1435 3203 1621 3264 portam
1649 3197 1811 3262 palatii
1834 3215 1873 3247 s.

87 3279 237 3339 Petri,
266 3278 316 3327 in
350 3281 533 3344 capella
563 3298 602 3330 s.
633 3283 851 3347 Gregorii
884 3286 994 3332 ante
1023 3283 1169 3331 altare
1198 3284 1352 3346 majus
1379 3283 1428 3330 in
1455 3282 1655 3330 basilica
1685 3284 1876 3331 Latera-

86 3362 244 3422 nensi,
296 3362 347 3410 in
386 3363 493 3412 aula
525 3365 716 3413 concilii
756 3371 866 3415 ante
903 3367 1070 3426 altare,
1114 3365 1162 3413 in
1193 3366 1392 3414 basilica
1431 3383 1474 3413 s.
1522 3366 1783 3426 Laurentii,
1826 3367 1875 3415 in

86 3447 397 3497 Lateranensi
444 3463 538 3512 que
581 3454 749 3499 sancta
800 3439 1078 3501 sanctorum
1131 3450 1320 3499 dicitur.
1372 3450 1658 3501 Provideant
1726 3450 1871 3499 etiam
