2262 3958
357 314 427 348 288
961 309 1194 347 ιῙΟΗΑΝΝΙΞ
1226 310 1519 357 BURCHARDI,
1853 316 2005 356 [Fevrier
2026 317 2119 358 1488]

359 413 586 462 cardinali
620 428 740 460 novo
778 416 825 458 et
851 410 1046 459 introitu
1081 412 1350 460 consistorii
1378 412 1595 461 fecerunt
1628 417 1960 477 reverentiam,
2007 433 2118 466 cum

357 496 528 559 capite,
555 510 722 542 omnes
737 493 970 557 profunde
987 510 1038 542 se
1056 495 1339 543 inclinantes
1365 512 1374 543 :
1397 495 1525 544 idem
1544 496 1760 546 fecerunt
1773 503 1883 548 ante
1898 500 2118 548 infimum

360 578 560 641 gradum
577 577 680 624 solii
698 593 707 636 ;
735 578 959 625 Senensis
974 579 1224 640 precessit,
1248 583 1440 627 secutus
1464 583 1536 626 est
1554 595 1665 628 eum
1685 581 1935 630 cardinalis
1950 598 2118 643 novus,

359 659 648 708 camerarius
659 675 770 708 vero
786 662 960 709 mansit
975 662 1097 710 infra
1111 662 1329 710 infimum
1345 663 1545 726 gradum
1561 663 1679 712 solii.
1697 665 1957 713 Cardinalis
1970 681 2120 715 novus

359 759 469 791 cum
494 747 619 791 esset
641 743 689 790 in
709 744 851 807 plano
874 745 980 793 solii
1001 750 1110 794 ante
1134 746 1430 809 pontificem,
1463 746 1762 810 genuflexuS,
1787 748 2028 797 osculatus
2049 754 2122 798 est

359 827 551 890 pedem,
576 826 749 876 deinde
770 844 984 888 manum,
1016 829 1210 878 tandem
1239 846 1314 888 os;
1340 830 1415 878 cui
1436 831 1650 893 pontifex
1677 830 1790 878 dixit
1814 830 1973 894 ipsum
1999 831 2123 881 bene

359 909 544 958 venisse
567 913 615 957 et
640 909 718 958 ille
741 909 784 957 ei
808 911 982 973 gratias
1010 911 1130 976 egit;
1167 912 1415 960 descendit
1442 913 1614 962 deinde
1647 913 1874 961 Senensis
1900 914 1959 963 de
1983 913 2122 973 solio,

360 996 408 1040 et
440 1007 589 1041 novus
608 993 766 1056 ipsum
790 1000 982 1043 secutus
1005 1000 1076 1044 est
1098 1000 1144 1044 et
1163 1010 1331 1044 omnes
1358 1001 1454 1044 tres
1478 996 1637 1055 simul,
1662 1002 1712 1044 ut
1734 997 1883 1061 prius,
1907 997 2122 1060 pontifici

360 1075 675 1123 reverentiam
692 1076 935 1137 secerunt;
969 1094 1064 1141 qua
1085 1077 1228 1137 facta,
1252 1078 1539 1142 precedente
1564 1079 1784 1138 Senensi,
1809 1079 1980 1128 deinde
2001 1095 2124 1129 novo

361 1162 407 1206 et
427 1158 531 1206 illos
552 1160 816 1208 camerario
852 1164 1100 1223 sequente,
1130 1176 1278 1208 novus
1302 1166 1524 1223 receptus
1546 1166 1617 1210 est
1644 1162 1703 1210 ab
1726 1162 1949 1210 omnibus
1970 1162 2126 1211 cardi—

359 1241 545 1288 nalibus
567 1241 615 1287 in
632 1241 752 1289 locis
776 1242 892 1301 suis,
925 1242 1239 1306 discoopertis
1271 1243 1505 1307 capitibus
1537 1244 1788 1305 stantibus,
1829 1245 1986 1308 primo
2008 1261 2035 1294 a
2056 1261 2128 1294 se-

360 1322 494 1370 niore
518 1322 612 1370 sive
629 1338 656 1370 a
677 1323 853 1387 priore,
878 1324 1098 1373 videlicet
1117 1325 1525 1385 vicecancellario,
1544 1327 1715 1375 deinde
1734 1343 1762 1375 a
1782 1327 1979 1390 singulis
2001 1327 2122 1376 aliis.

361 1409 619 1469 Postquam
660 1407 719 1453 ab
757 1407 993 1471 episcopis
1030 1412 1077 1455 et
1108 1408 1398 1472 presbyteris
1447 1409 1670 1457 omnihus
1720 1413 1942 1474 receptus
1981 1413 2125 1470 esset,

363 1489 588 1538 Senensis
609 1494 656 1538 et
682 1491 974 1539 camerarius
992 1491 1177 1540 iverunt
1201 1492 1261 1540 ad
1276 1492 1385 1540 loca
1402 1508 1504 1552 sua,
1530 1492 1609 1540 ubi
1639 1496 1819 1541 stantes
1840 1496 2132 1557 receperunt

361 1573 468 1638 ipsi,
497 1576 668 1624 deinde
692 1580 948 1639 sequentes
971 1576 1157 1625 diaconi
1177 1576 1464 1626 cardinales.
1487 1579 1616 1635 Post,
1642 1575 1938 1626 associarunt
1956 1592 2130 1626 novum

363 1657 658 1706 cardinalem
685 1659 811 1707 inter
837 1661 1101 1708 Senensem
1133 1665 1180 1709 et
1207 1660 1523 1709 camerarium
1549 1660 1598 1707 in
1631 1661 1799 1708 ultimo
1831 1660 1958 1721 loco,
1988 1663 2131 1725 prout

361 1740 567 1804 primum
606 1743 855 1801 venerunt,
899 1743 1169 1806 equitantes
1210 1759 1360 1806 usque
1400 1744 1461 1792 ad
1498 1744 1695 1792 domum
1726 1743 1986 1792 residentie
2021 1758 2126 1803 sue,

363 1823 644 1872 Ursinorum
659 1824 878 1873 videlicet
897 1825 946 1872 in
967 1841 1137 1890 campo
1160 1827 1321 1885 Flore;
1341 1827 1420 1873 ubi
1436 1842 1543 1875 cum
1566 1832 1727 1875 essent
1750 1825 1962 1891 episcopi
1977 1825 2129 1890 magis
2156 1877 2158 1881 ,

363 1921 511 1970 prope
541 1907 734 1967 ostium,
766 1908 939 1957 deinde
972 1909 1256 1973 presbyteri,
1290 1909 1478 1958 diaconi
1515 1925 1623 1958 vero
1659 1909 1924 1958 cardinales
1953 1909 2013 1958 ab
2039 1909 2132 1958 alia

362 1993 514 2053 parte,
540 2006 707 2051 novus,
730 2008 757 2040 a
783 1997 918 2056 parte
939 1993 1277 2058 episcoporum
1309 1994 1600 2058 incipiendo,
1626 1993 1929 2057 discooperto
1950 1993 2124 2057 capite,

365 2072 562 2135 singulis
579 2074 753 2137 gratias
771 2076 889 2139 egit,
915 2080 1016 2124 tum
1041 2077 1259 2139 equitans
1278 2082 1388 2126 ante
1411 2077 1587 2126 ostium
1607 2076 1770 2141 palatii
1792 2076 1864 2124 sui
1885 2091 2050 2124 versus
2071 2075 2132 2124 ad

364 2154 470 2203 illos
502 2156 655 2220 capite
686 2157 990 2222 discooperto
1028 2163 1175 2220 stans,
1216 2161 1484 2224 expectavit
1524 2160 1821 2224 singulorum
1857 2174 2126 2218 recessum3

365 2238 538 2287 deinde
559 2239 749 2288 intravit
769 2241 967 2290 domum
989 2243 1049 2290 ad
1064 2243 1336 2306 prandium.

430 2322 568 2370 Feria
586 2324 742 2384 tertia,
764 2327 823 2372 29
839 2325 1064 2388 januarii,
1082 2325 1204 2374 hora
1222 2343 1301 2374 xxl
1319 2326 1392 2374 vel
1413 2326 1558 2385 circa,
1576 2342 1662 2389 per
1680 2330 1868 2390 portam
1886 2325 2128 2386 viridarii,

364 2405 599 2454 intrarunt
638 2412 843 2469 quatuor
884 2412 1098 2456 oratores
1137 2409 1430 2458 serenissimi
1465 2409 1774 2457 Maximiliani
1807 2413 2132 2457 Romanorum

366 2488 512 2552 regis,
545 2488 764 2537 videlicet
800 2493 855 2537 R.
899 2491 1164 2539 in-Christo
1191 2494 1242 2539 P.
1278 2494 1333 2539 D.
1371 2495 1523 2540 Lucas
1553 2492 1808 2556 episcopus
1835 2491 2128 2551 Sirmiensis‚

366 2571 636 2619 Bernardus
665 2572 723 2620 de
747 2572 991 2637 Solehym,
1011 2574 1270 2637 Gregorius
1293 2574 1351 2622 de
1372 2577 1520 2623 Turre
1539 2580 1586 2623 et
1607 2575 1753 2623 frater
1771 2578 1978 2623 Joannes
1999 2574 2132 2638 prior

366 2658 629 2702 conventus
649 2654 1028 2718 Antuerpiensis,
1052 2655 1229 2702 ordinis
1253 2672 1290 2702 s.
1317 2656 1572 2715 Dominici,
1597 2656 1675 2719 qui
1697 2672 1725 2704 a
1750 2655 1940 2704 familiis
1958 2657 2044 2704 SS.
2067 2657 2125 2703 D.

366 2739 420 2786 N.
460 2753 600 2801 pape,
627 2742 673 2785 et
700 2741 990 2786 RRmorum.
1023 2741 1121 2786 DD.
1154 2739 1482 2801 cardinalium,
1510 2743 1737 2802 tanquam
1762 2743 1976 2787 oratores
2003 2738 2129 2802 regis

368 2823 712 2880 Romanorum,
749 2822 927 2885 recepti
957 2827 1083 2869 sunt.
1124 2823 1297 2870 Fuerat
1332 2823 1460 2871 enim
1499 2823 1580 2870 diu
1617 2827 1725 2872 ante
1758 2823 1807 2871 in
1846 2821 2130 2872 consistorio

369 2903 663 2967 disputatum
685 2908 731 2952 et
752 2905 947 2952 tandem
969 2905 1300 2965 deliberatum,
1323 2906 1451 2968 quod
1478 2906 1545 2954 sic
1566 2906 1714 2970 recipi
1739 2906 1984 2966 deberent,
2003 2909 2051 2954 et
2070 2905 2129 2954 ab

370 2985 592 3033 omnibus
615 3002 765 3049 usque
793 2987 853 3035 ad
875 2987 1069 3035 domum
1097 2987 1355 3035 residentie
1389 3004 1492 3049 sue,
1525 2989 1744 3038 videlicet
1767 2990 1903 3053 juxta
1923 2979 2129 3052 plateam

370 3084 408 3115 s.
433 3069 581 3118 Marie
602 3071 825 3130 rotunde,
852 3086 996 3133 quam
1017 3070 1257 3133 quondam
1291 3073 1347 3118 D.
1381 3071 1650 3120 Sinibaldus
1679 3072 1737 3120 de
1765 3074 1909 3135 Spata
1929 3071 2131 3135 scriptor

370 3151 658 3214 apostolicus
699 3153 911 3201 construi
962 3153 1158 3212 curavit,
1204 3152 1252 3199 in
1299 3169 1392 3216 qua
1429 3155 1640 3217 prefatus
1682 3155 1932 3218 episcopus
1971 3157 2132 3202 orator

369 3233 635 3297 hospitatus
658 3239 746 3296 est,
773 3235 850 3284 alii
872 3240 1027 3284 autem
1050 3237 1232 3300 college
1257 3236 1327 3284 sui
1354 3236 1401 3283 in
1424 3237 1526 3284 aliis
1547 3238 1764 3286 domibus
1784 3252 1933 3300 prope
1954 3237 2124 3300 ipsam.

433 3319 518 3366 Die
553 3321 762 3380 Sabbati,
811 3324 837 3367 2
877 3320 1056 3368 mensis
1099 3320 1344 3379 februarii,
1388 3320 1561 3368 testum
1602 3319 1943 3384 purificationis
1986 3319 2127 3367 beate

370 3401 517 3449 Marie
538 3385 750 3466 virginis,
771 3403 817 3450 in
849 3419 1008 3461 mane,
1045 3403 1166 3451 hora
1195 3408 1442 3462 consueta,
1475 3406 1558 3451 SS.
1597 3406 1653 3451 D.
1686 3406 1740 3452 N.
1776 3406 1965 3466 paratus
1995 3417 2128 3450 more
