2262 3958
371 335 439 372 364
969 328 1201 364 JOHANNIS
1234 300 1528 375 anscarium,
1808 331 2027 373 [Septembre
2046 332 2138 375 1489]

374 436 514 484 simul
539 451 681 483 manu
712 433 936 482 collectas
972 437 1069 479 tam
1099 430 1334 479 veniendo
1368 445 1513 494 quam
1550 431 1794 482 redeundo
1835 435 2134 498 deportante.

440 519 577 568 Feria
598 518 753 576 tertia,
791 516 966 581 festum
998 514 1254 562 nativitatis
1279 514 1417 562 beate
1447 514 1594 563 Marie
1626 515 1836 580 virginis,
1868 521 1996 582 Papa
2014 518 2143 568 venit

374 605 433 653 ad
472 602 703 666 capellam
734 614 957 662 magnam
996 598 1041 644 in
1077 600 1240 645 manto
1272 612 1329 645 eo
1362 597 1528 645 ordine
1559 613 1654 660 quo
1691 599 1765 648 die
1802 601 2143 665 assumptionis

374 686 591 749 ejusdem
614 685 750 733 beate
769 682 917 730 Marie
938 681 1131 745 virginis
1149 697 1158 740 ;
1178 679 1374 728 missam
1393 681 1650 729 celebravit
1666 684 1722 730 R.
1741 684 1793 731 P.
1817 685 1872 730 D.
1897 683 2143 734 Johannes

374 768 628 831 episcopus
670 765 987 815 Tornacensis
1019 783 1027 811 :
1060 763 1381 812 interfuerunt
1419 764 1584 811 RRmi.
1638 767 1739 812 DD.
1773 767 2139 816 Beneventanus

373 850 633 899 Aleriensis
674 855 721 898 et
766 866 804 897 s.
836 848 1084 896 Anastasie
1126 847 1409 896 cardinales.
1461 850 1826 896 Beneventanus
1861 847 2143 899 ministravit

374 933 658 992 naviculam,
693 935 821 996 Papa
849 932 1101 980 incensum
1132 931 1428 995 imponente,
1466 934 1512 979 et
1542 931 1804 980 incensavit
1826 948 1938 986 eum
1966 936 2014 982 et
2030 930 2144 998 poi-³

374 1016 492 1064 rexit
514 1016 557 1064 ei
578 1016 753 1065 librum
774 1015 1089 1064 osculandum
1112 1018 1220 1078 post
1241 1002 1541 1078 evangelium
1571 1020 1619 1063 et
1639 1030 1826 1078 pacem.
1863 1011 2145 1065 Omniaalia

373 1098 499 1147 facta
517 1103 625 1147 sunt
647 1104 788 1163 prout
811 1114 954 1163 supra
970 1099 1014 1146 in
1033 1098 1108 1147 die
1123 1097 1463 1162 assumptionis
1481 1098 1618 1146 beate
1638 1098 1786 1163 Marie
1809 1103 1882 1147 est
1902 1103 2140 1148 notatum.

374 1182 605 1231 Fimbrias
656 1185 739 1231 SS.
793 1185 850 1230 D.
905 1182 1056 1229 nostri
1102 1181 1260 1230 eundo
1307 1186 1353 1228 et
1395 1181 1639 1229 redeundo
1678 1181 1882 1245 portavit
1929 1181 2143 1246 prefatus

375 1265 767 1329 archiepiscopus
786 1265 1097 1314 Arelatensis,

441 1349 667 1408 Sabbato,
704 1352 763 1397 29
798 1349 978 1398 mensis
1024 1349 1232 1412 augusti,
1281 1348 1660 1396 anniversarium
1700 1348 2041 1412 assumptionis
2067 1351 2140 1398 D.

335 1495 339 1498 η
374 1432 525 1480 nostri
555 1435 803 1496 peractum
836 1437 926 1480 est.
964 1434 1047 1481 SS.
1080 1435 1137 1480 D.
1166 1436 1330 1481 noster
1359 1448 1493 1480 more
1528 1433 1667 1481 solito
1701 1427 1895 1496 paratus
1926 1432 2056 1481 venit
2086 1432 2147 1482 ad

376 1515 606 1581 capellam
628 1517 861 1580 majorem
883 1516 931 1563 in
963 1532 1057 1579 qua
1076 1515 1221 1564 misse
1248 1512 1450 1564 solemni
1483 1506 1699 1564 interfuit
1719 1531 1864 1579 quam
1893 1511 2059 1563 Rmus.
2084 1517 2142 1564 D.

377 1598 629 1647 cardinalis
659 1598 919 1646 Aleriensis
953 1597 1227 1646 celebravit.
1262 1598 1334 1646 Ad
1370 1614 1559 1646 versum
1595 1597 1805 1645 Alelluia
1831 1610 1982 1661 usque
2017 1594 2148 1646 'Veni

375 1690 531 1730 sancte
550 1682 759 1745 spiritus,
784 1684 910 1745 Papa
941 1681 1202 1744 genuflexit
1224 1681 1272 1728 in
1303 1680 1587 1741 faldistorio,
1618 1681 1892 1730 cantoribus
1918 1675 2147 1745 incipien-

377 1765 500 1813 tibus
541 1771 587 1812 et
619 1764 1035 1827 prosequentibus,
1073 1764 1256 1812 Deinde
1289 1768 1510 1813 cantores
1538 1765 1766 1813 dixerunt
1799 1779 2012 1828 prosam.
2041 1763 2146 1812 Alia

377 1847 538 1895 omnia
558 1863 691 1895 more
711 1847 851 1895 solito
874 1851 984 1894 sunt
1002 1847 1266 1895 observata.
1785 1846 1791 1850 ’
2125 1860 2129 1862 ’

438 1931 575 1979 Feria
608 1935 758 1988 sexta,
794 1934 850 1977 11·
878 1930 1058 1978 mensis
1093 1930 1396 1993 septembris,
1426 1931 1514 1980 fuit
1539 1930 1898 1988 consistorium,
1929 1930 1989 1978 ad
2015 1930 2145 1993 'quod

372 2013 524 2061 vocati
552 2013 743 2060 fuerunt
764 2016 812 2060 et
837 2012 1098 2060 intromissi
1126 2028 1294 2061 omnes
1321 2017 1534 2062 oratores
1563 2014 1778 2062 omnium
1806 2014 2076 2078 principum
2092 2014 2144 2062 'in

374 2110 572 2143 romana
592 2094 722 2143 curia
749 2094 1026 2155 existentes,
1064 2111 1118 2142 ac
1147 2098 1201 2142 R.
1228 2098 1279 2143 P.
1306 2098 1364 2143 D.
1387 2096 1631 2143 Johannes
1662 2095 1917 2160 episcopus
1937 2093 2144 2145 Alexan*

374 2177 555 2236 drinus,
595 2193 716 2224 unus
753 2193 811 2225 ex
861 2177 983 2226 sacri
1034 2177 1194 2241 palatii
1242 2178 1493 2242 apostolici
1544 2194 1799 2227 causarum
1847 2179 2144 2228 auditoribus

372 2259 827 2319 locumtenentibus,
853 2265 900 2308 et
922 2263 978 2308 D.
1004 2261 1194 2309 Felinus
1220 2261 1436 2310 Sandeus
1465 2261 1684 2325 ejusdem
1709 2262 1870 2325 palatii
1891 2268 2144 2311 causarum

374 2343 561 2390 auditor
598 2358 653 2390 ac
698 2346 755 2390 D.
798 2343 1021 2391 Nicolaus
1057 2344 1116 2391 de
1160 2346 1332 2391 Parma
1377 2349 1662 2407 procurator
1709 2345 1912 2404 fiscalis;
1949 2346 1995 2392 in
2050 2361 2144 2408 quo

376 2425 567 2487 quidem
589 2425 873 2473 consistorio
895 2425 1138 2487 predictus
1163 2426 1415 2488 episcopus
1438 2426 1787 2474 Alexandrinus
1808 2426 1919 2475 fecit
1938 2424 2143 2490 primam

376 2506 643 2555 orationem
683 2507 740 2554 de
774 2507 1099 2555 inobedientia
1131 2508 1257 2570 regis
1290 2508 1576 2556 Ferdinandi
1623 2509 1782 2557 Sicilie
1810 2524 1865 2557 ac
1902 2509 2142 2573 pontificis

375 2589 762 2648 mansuetudine,
787 2605 842 2637 ac
858 2589 1042 2652 justitia
1061 2591 1253 2638 tandem
1275 2590 1610 2649 ministranda;
1644 2591 1816 2639 deinde
1840 2594 1967 2656 Papa
1987 2592 2143 2640 decla-

376 2672 492 2720 ravit
525 2672 657 2720 illum
685 2672 1156 2720 excommunicatum
1202 2678 1248 2720 et
1290 2673 1523 2736 privatum
1563 2674 1725 2737 paucis
1764 2674 1937 2732 verbis3
1973 2679 2142 2737 postea

377 2755 582 2803 surrexit
612 2755 1032 2803 vicecancellarius
1061 2760 1108 2804 et
1141 2755 1188 2802 in
1218 2771 1303 2803 suo
1338 2755 1446 2804 loco
1476 2759 1605 2803 stans
1642 2755 1756 2819 legit
1785 2755 1964 2804 bullam
1997 2757 2141 2821 super

376 2838 471 2886 hoc
487 2838 662 2886 editam
682 2856 691 2886 :
713 2854 808 2901 qua
833 2838 973 2897 lecta,
1010 2840 1066 2885 D.
1103 2837 1322 2886 Nicolaus
1358 2839 1416 2886 de
1447 2841 1618 2886 Parma
1650 2842 1932 2901 procurator
1962 2838 2137 2887 fiscalis

379 2924 666 2983 protestatus
689 2926 759 2970 est
779 2921 943 2969 nescio
965 2921 1094 2984 quid,
1122 2924 1167 2969 et
1188 2923 1244 2968 D.
1275 2921 1511 2969 Antonius
1537 2921 1594 2969 de
1621 2921 1955 2969 Alexandrinis
1977 2925 2139 2969 orator

379 2994 548 3067 prefati
580 3005 706 3068 regis
728 3004 870 3053 etiam
893 3004 1098 3067 aliquam
1121 3003 1233 3051 fecit
1253 3004 1667 3067 protestationem.
1691 3004 2010 3052 cardinalium
2031 3019 2137 3052 sca-

379 3086 501 3134 bella
520 3087 674 3151 posita
704 3091 838 3135 erant
858 3091 999 3151 prout
1025 3087 1072 3134 in
1099 3091 1285 3135 secreto
1314 3086 1597 3135 consistorio
1618 3088 1731 3151 poni
1753 3088 1908 3136 solent
1935 3090 2043 3135 ante
2063 3087 2137 3134 in-

380 3170 575 3217 troitum
594 3170 862 3219 consistorii
878 3187 887 3226 ;
909 3170 958 3217 in
976 3174 1239 3234 conspectu
1257 3169 1497 3232 pontificis
1512 3170 1750 3232 genuflexi
1770 3171 1955 3218 stabant
1970 3185 2138 3218 omnes

380 3252 598 3313 predicti,
620 3256 667 3300 et
687 3253 765 3300 alii
787 3253 1074 3315 complures.
1101 3255 1204 3301 Non
1227 3252 1382 3301 refero
1397 3251 1731 3313 particularius
1750 3269 1806 3301 ac
1825 3253 1997 3301 clarius
2012 3258 2134 3311 acta,

383 3334 490 3394 quia
510 3350 607 3382 non
624 3335 835 3395 interfui,
860 3335 945 3383 sed
966 3336 1024 3384 ab
1045 3336 1148 3383 aliis
1169 3350 1271 3383 rem
1291 3334 1355 3383 ita
1375 3339 1531 3382 actam
1551 3351 1657 3384 esse
1684 3336 1893 3384 intellexi
1913 3335 1995 3400 (1).

430 3432 463 3466 1.
479 3433 572 3479 Voy.
595 3433 779 3470 Insessura
799 3434 890 3471 dans
910 3433 1058 3478 Eccard,
1080 3433 1148 3470 col.
1171 3433 1278 3470 1991.
