2262 3958
319 330 388 365 210
921 328 1153 365 JOHANNIS
1187 328 1480 373 BURCHARDI,
1757 335 1976 377 {septembre
1996 336 2085 377 1486]

317 430 376 477 de
399 431 597 478 Sabellis
620 431 745 478 etde
769 430 1016 488 Columna,
1046 434 1294 493 tamquam
1320 430 1630 494 particulares
1663 434 1823 494 amici,
1857 435 1936 499 qui
1971 452 2082 484 eum

315 529 465 575 usque
497 514 557 560 ad
583 513 811 576 palatium
849 513 1164 577 apostolicum
1195 514 1321 577 apud
1341 530 1376 561 s.
1405 517 1616 575 Petrum,
1643 532 1735 579 quo
1767 518 1988 581 primitus
2022 519 2083 567 ad

314 596 397 642 SS.
425 597 480 642 D.
503 597 556 643 N.
571 611 744 659 papam
763 596 1004 659 equitavit,
1030 596 1406 646 associaverunt.

376 678 515 726 Feria
535 683 719 741 quarta,
739 682 793 727 13
817 680 995 729 mensis
1018 681 1320 744 septembris,
1339 681 1458 729 hora
1477 698 1567 730 xm
1588 682 1661 730 vel
1682 682 1825 743 circa,
1845 690 2078 734 venerunt

309 761 369 808 ad
388 761 564 810 Urbem
589 762 870 826 magnificus
889 765 946 811 D.
966 766 1152 812 Enecus
1170 767 1325 828 Lopez
1346 765 1404 812 de
1426 765 1657 814 Mendoza
1679 781 1842 814 comes
1863 767 2075 816 Tendille

308 846 355 891 et
390 843 482 892 duo
522 846 838 908 protonotarii
873 847 1124 911 apostolici
1163 847 1210 894 in
1250 849 1488 896 mantellis
1532 848 1690 912 longis
1730 865 1840 897 cum
1880 849 2072 913 capellis

303 926 469 989 nigris,
494 930 808 990 protonotarii
831 929 932 979 sine
954 931 1163 994 capuciis
1186 935 1230 979 et
1247 932 1507 995 capucinis,
1526 936 1741 980 oratores
1763 931 2071 980 illustrissimi

303 1008 589 1058 Ferdinandi
623 1011 749 1075 regis
777 1016 825 1060 et
851 1012 1097 1061 Elisabeth
1130 1013 1294 1076 regine
1321 1015 1541 1074 Castelle,
1573 1015 1764 1074 Leonis,
1792 1016 2070 1079 Aragonum

303 1097 349 1140 et
374 1093 549 1154 Sicilie,
575 1110 661 1158 pro
691 1095 964 1145 obedientia
995 1098 1254 1160 prestanda
1280 1098 1429 1146 missi.
1468 1101 1702 1147 Fecerunt
1727 1098 1981 1162 prandium
2010 1099 2070 1147 ad

298 1176 457 1225 fontes
493 1177 764 1238 Mallianos;
800 1184 1034 1228 venerunt
1073 1180 1141 1228 eis
1182 1181 1369 1229 obviam
1402 1181 1579 1229 familie
1621 1183 1911 1229 RRmorum.
1961 1183 2062 1229 DD.

295 1259 626 1319 cardinalium,
653 1266 700 1309 et
719 1264 802 1310 SS.
829 1264 884 1310 D.
910 1265 965 1310 N.
987 1279 1109 1328 pape
1134 1279 1269 1312 more
1292 1264 1455 1323 solito;
1482 1268 1529 1312 et
1559 1263 1670 1327 quia
1691 1279 1854 1312 comes
1878 1264 2066 1313 nescie-

292 1347 372 1395 bat
405 1346 625 1412 expedite
663 1346 795 1410 loqui
821 1346 1040 1406 latinum,
1082 1346 1393 1411 protonotarii
1433 1347 1784 1410 responderunt
1814 1347 2061 1395 alternatis

290 1426 489 1489 vicibus,
518 1429 857 1494 recipientibus
880 1445 981 1478 eos.
1008 1433 1306 1478 Intraverunt
1327 1446 1414 1493 per
1428 1429 1850 1493 portamViridarii
1872 1433 1919 1478 et
1933 1444 2065 1478 asso-

291 1512 400 1560 ciati
441 1518 550 1561 sunt
591 1513 651 1561 ad
681 1513 909 1577 palatium
959 1513 1242 1562 Ursinorum
1286 1513 1335 1560 in
1375 1529 1544 1577 campo
1590 1513 1728 1561 Flore
1763 1528 1850 1575 pro
1891 1504 2059 1562 eorum

287 1594 496 1658 hospitio
519 1600 791 1660 preparato.

355 1677 562 1726 Sabbato
586 1682 643 1726 16
663 1678 843 1726 mensis
871 1679 1174 1743 septembriS,
1201 1680 1404 1744 equitavi
1424 1680 1578 1729 solatii
1601 1696 1744 1729 causa
1756 1679 1989 1730 Tiburtim
2011 1685 2058 1730 et

285 1775 476 1809 mecum
499 1765 666 1811 Petrus
687 1766 786 1812 N.
814 1767 860 1811 et
884 1763 1127 1812 familiaris
1153 1780 1305 1813 meus.

350 1845 486 1893 Redii
505 1846 675 1894 exinde
695 1836 873 1894 Urbem
901 1847 1142 1895 dominica
1166 1852 1220 1894 17
1245 1847 1532 1912 septembris
1548 1848 1676 1898 circa
1694 1849 1865 1898 horam
1886 1846 2055 1912 vigesi-

283 1940 413 1975 mam
430 1929 708 1977 secundam.

346 2013 506 2061 Inveni
528 2013 576 2060 in
593 2014 718 2062 Urbe
735 2014 946 2062 Ulricum
965 2015 1154 2064 Biresth
1181 2015 1259 2079 qui
1280 2016 1373 2064 hoc
1397 2031 1539 2064 mane
1560 2015 1686 2064 circa
1712 2016 1883 2064 horam
1907 2032 2051 2066 unam

281 2097 389 2144 ante
410 2094 536 2145 diem
558 2097 618 2144 ad
645 2097 823 2146 Urbem
859 2099 985 2147 venit
1017 2116 1103 2163 pro
1134 2100 1496 2164 impetractione
1530 2100 1791 2164 capellanie
1815 2101 1875 2149 ad
1901 2101 2050 2151 altare

279 2179 417 2228 beate
440 2180 588 2229 Marie
610 2180 804 2244 virginis
838 2181 980 2229 situm
1006 2182 1055 2230 in
1082 2182 1344 2246 parochiali
1373 2180 1578 2232 ecclesie
1619 2200 1662 2230 s.
1713 2183 1893 2232 Nicolai
1929 2184 2053 2233 ultra

277 2264 475 2312 frustam
497 2264 810 2329 Argentinam
832 2281 974 2328 quam
999 2264 1267 2330 impetravit
1292 2270 1338 2315 et
1359 2267 1560 2315 recessit
1587 2282 1644 2315 ex
1676 2267 1941 2330 Argentina
1972 2268 2049 2317 die

277 2350 304 2393 8
323 2346 466 2410 hujus
488 2347 669 2395 mensis
690 2347 737 2394 in
760 2364 920 2396 mane.

340 2429 479 2478 Feria
500 2430 728 2490 secunda,
767 2430 1025 2480 18mensis
1054 2432 1357 2496 septembris,
1394 2432 1443 2479 in
1476 2432 1631 2496 prima
1663 2437 1710 2481 et
1734 2432 1908 2496 majori.
1941 2431 2051 2481 aula

272 2513 435 2576 palatii
458 2513 707 2576 apostolici
742 2515 869 2577 apud
897 2529 936 2562 s.
967 2517 1162 2562 Petrum
1199 2515 1287 2562 fuit
1315 2515 1558 2578 publicum
1587 2515 1926 2564 consistorium
1958 2531 2046 2578 pro

273 2595 541 2643 oratoribus
567 2596 692 2659 regis
722 2601 769 2644 et
803 2597 968 2660 regine
1005 2598 1248 2662 Hi-spanie,
1285 2598 1362 2662 qui
1400 2598 1456 2646 iis
1491 2599 1658 2647 diebus
1691 2603 1923 2648 venerunt
1956 2614 2044 2663 pro

272 2677 546 2726 obedientia
571 2680 654 2726 SS.
676 2681 731 2725 D.
758 2681 813 2727 N.
833 2680 1108 2743 prestanda.
1127 2683 1325 2729 Causam
1344 2682 1594 2745 proposuit
1619 2682 1715 2731 sive
1738 2682 2044 2731 commissio-

269 2776 382 2809 nem
404 2763 458 2809 D.
476 2761 784 2821 Octavianus;
804 2762 996 2811 interim
1013 2769 1248 2813 venerunt
1268 2765 1469 2829 predicti
1489 2769 1703 2814 oratores
1724 2766 1805 2829 qui
1826 2782 1854 2814 a
1873 2767 1957 2814 SS.
1983 2768 2041 2814 D.

269 2847 325 2892 N.
342 2844 521 2908 recepti
535 2848 643 2892 sunt
659 2844 719 2892 ad
740 2845 956 2893 osculum
977 2846 1130 2910 pedis,
1156 2863 1327 2896 manus
1347 2853 1394 2897 et
1415 2848 1527 2896 oris.
1554 2851 1776 2897 Oratores
1793 2852 2044 2912 presenta-

267 2932 436 2976 verunt
462 2928 635 2976 deinde
661 2928 873 2991 duplices
908 2930 1089 2990 literas,
1120 2931 1169 2978 in
1193 2930 1446 2996 hispanico
1466 2932 1686 2981 videlicet
1707 2937 1754 2980 et
1774 2932 1920 2981 latino
1941 2948 2044 2981 ser-

265 3023 427 3071 mone,
453 3016 660 3060 etunum
676 3011 1050 3061 instrumentum
1072 3015 1400 3078 procuratorie
1427 3016 1570 3064 etiam
1584 3014 1801 3063 latinum.
1828 3018 1885 3062 R.
1903 3019 1955 3064 P.
1981 3018 2039 3063 D.

264 3095 569 3144 Antoniottus
611 3094 864 3159 episcopus
896 3097 1140 3146 Auriensis
1169 3098 1378 3146 datarius
1406 3099 1523 3162 legit
1551 3098 1713 3146 literas
1747 3098 2037 3162 hispanicas,

265 3179 437 3227 deinde
448 3178 768 3243 Hieronymus
792 3180 1029 3228 Balbanus
1053 3181 1356 3239 secretarius,
1379 3180 1550 3229 latinas
1572 3184 1619 3228 et
1639 3180 2008 3230 instrumentum
2027 3197 2037 3239 ;

263 3262 430 3324 quibus
450 3261 587 3309 lectis
611 3263 666 3308 D.
690 3262 925 3311 Antonius
955 3263 1012 3312 de
1043 3264 1298 3312 Giraldinis
1331 3265 1690 3329 protonotarius
1726 3264 2035 3328 apostolicus,

260 3342 308 3389 in
342 3343 559 3390 ordinem
597 3343 765 3391 tertius
802 3349 980 3405 orator,
1019 3346 1132 3394 fecit
1161 3346 1452 3406 orationem;
1486 3362 1580 3410 qua
1616 3347 1753 3396 finita
1773 3350 1857 3397 SS.
1883 3350 1939 3395 D.
1964 3349 2027 3395 N.

258 3424 389 3474 dedit
410 3441 715 3488 responsum,
742 3432 789 3476 et
819 3429 911 3477 alia
930 3440 1065 3478 more
1085 3429 1225 3478 solito
1246 3433 1356 3478 sunt
1377 3428 1643 3479 observata.
