2262 3958
236 329 345 372 [Aoni
367 330 457 372 1484]
681 326 850 364 RERUM
886 325 1192 363 URBANARUM
1225 324 1575 363 COMMENTARII.
1978 334 2025 368 23

300 434 419 481 Item
441 429 599 494 prima
619 429 794 487 auleta,
826 433 872 477 et
901 444 1094 477 camera
1120 444 1263 492 parva
1286 428 1521 486 sacristia,
1556 428 1604 476 in
1625 445 1718 492 qua
1742 438 2022 494 paramenta

230 519 279 565 et
296 515 406 564 libri
434 517 618 582 capelle
651 518 759 563 sunt
790 513 1005 578 repositi,
1030 512 1227 560 dimisse
1259 517 1367 561 sunt
1401 513 1552 561 libere
1583 529 1669 578 pro
1702 516 1917 563 conclavi
1934 510 1953 574 ;’
1975 523 2022 566 et

230 598 402 647 latrine
442 599 491 647 in
534 599 662 646 dicta
695 612 887 645 camera
921 594 1201 654 existenteS,
1238 611 1355 658 quas
1390 595 1590 644 sacrista
1628 598 1813 647 clausas
1854 604 2019 648 tenero

230 681 433 742 solebat,
476 685 640 747 aperte
682 684 791 729 sunt
820 695 907 743 pro
947 695 1035 726 usu
1077 678 1419 738 cardinalium3
1455 697 1624 731 omnes
1655 683 1745 731 alie
1776 688 1931 748 porte,
1976 690 2022 736 et

227 763 439 813 fenestre
462 764 643 813 ibidem
665 764 856 812 fuerunt
876 764 1080 809 murate.

291 853 412 899 Item
444 849 492 898 in
532 848 706 913 angulo
741 862 914 910 magne
959 846 1064 894 aule
1099 847 1159 894 ad
1193 845 1436 896 sinistram
1475 850 1713 912 intrantis,
1751 858 1916 918 ruptus
1947 860 2021 905 est

225 950 391 982 murus
422 949 511 998 pro
545 931 741 981 introitu
787 947 876 995 per
911 946 1156 978 cameram
1196 930 1393 992 ibidem,
1447 949 1590 996 quam
1629 937 1846 985 medicus
1890 942 2016 1004 Papo

224 1017 494 1066 inhabitare
517 1016 703 1064 solebat
729 1033 738 1063 :
764 1015 824 1062 ad
843 1014 1041 1063 latrinas
1063 1014 1111 1062 in
1134 1015 1339 1064 cameris
1360 1016 1539 1065 ibidem
1560 1035 1710 1082 prope
1733 1020 2013 1082 existenteS,

220 1100 315 1150 alia
353 1100 493 1160 ostia,
530 1104 578 1149 et
620 1101 831 1149 fenestre
864 1099 1139 1163 hujusmodi
1174 1115 1477 1149 camerarum
1517 1102 1878 1171 similiterlsunt
1910 1122 2015 1154 mu-

219 1188 339 1234 rato.
381 1187 435 1233 In
474 1200 619 1249 parva
657 1184 840 1248 capella
870 1187 1000 1232 retro
1033 1184 1182 1233 altare
1214 1186 1368 1249 majus
1398 1185 1447 1233 in
1475 1202 1625 1234 cornu
1658 1188 1910 1252 evangelii,
1944 1194 2016 1238 est

217 1284 363 1334 parva
393 1268 614 1317 sacristia
639 1268 825 1316 habens
854 1284 1049 1332 parvam
1083 1268 1363 1330 fenestram,
1398 1286 1489 1333 que
1522 1270 1668 1318 etiam
1695 1276 1882 1320 murata
1907 1274 2012 1333 fuit,

218 1357 381 1402 tamen
402 1353 505 1402 sine
534 1353 736 1413 calcina,
770 1357 821 1402 ut
852 1356 1014 1402 creato
1044 1353 1275 1416 pontifice
1305 1358 1470 1418 posset
1500 1355 1639 1403 citius
1670 1356 1863 1419 aperiri,
1899 1373 2015 1404 crux

219 1437 398 1486 ibidem
419 1437 612 1502 exponi,
637 1441 685 1486 et
706 1437 886 1486 creatio
908 1436 1017 1485 novi
1038 1437 1280 1501 pontificis
1310 1439 1486 1503 populo
1515 1439 1750 1488 nunciari.
1779 1443 1832 1488 In
1859 1442 2014 1505 prima

219 1520 326 1568 aula
353 1525 464 1570 ante
495 1521 669 1570 ostium
696 1538 784 1586 per
811 1526 1153 1581 transversum,
1185 1526 1348 1570 erecta
1378 1523 1466 1571 fuit
1498 1539 1674 1588 magna
1706 1528 1753 1573 et
1785 1525 1879 1574 alta
1910 1543 2012 1574 cre-

221 1604 383 1652 dentia
404 1621 462 1653 ex
482 1605 617 1652 novis
639 1605 810 1653 tabulis
832 1606 1127 1665 conclavata,
1151 1606 1412 1655 altitudinis
1435 1623 1519 1655 sex
1539 1608 1828 1671 palmorum,
1852 1611 2010 1674 longi—

222 1687 399 1737 tudinis
429 1688 702 1752 quindecim
743 1692 790 1737 et
827 1687 1090 1736 latitudinis
1126 1688 1315 1749 decem,
1353 1690 1427 1738 vel
1462 1690 1609 1751 circa,
1647 1707 1735 1755 pro
1771 1694 2008 1756 ponendis

219 1769 362 1817 rebus
383 1769 443 1817 ab
465 1773 600 1818 extra
618 1770 664 1817 in
685 1771 910 1818 conclave
926 1771 1066 1831 datis,
1087 1775 1133 1819 et
1148 1771 1320 1820 exinde
1337 1773 1652 1836 exponendis.
1676 1778 1789 1823 Post
1810 1778 2009 1825 creden-

216 1851 332 1900 tiam
351 1851 628 1916 hujusmodi
647 1868 812 1900 versus
835 1853 1043 1917 capellas
1064 1854 1151 1902 fuit
1172 1857 1398 1903 extensus
1419 1857 1612 1920 quidam
1627 1875 1814 1923 pannus
1831 1877 1890 1908 ex
1911 1877 2008 1909 ras-

215 1934 288 1983 cia
310 1934 360 1982 in
379 1937 704 1984 transversum
725 1936 784 1984 de
808 1954 902 1986 uno
924 1954 1062 1987 muro
1084 1939 1144 1987 ad
1164 1939 1311 1988 alium
1333 1940 1460 1990 dicte
1482 1942 1588 1990 aule
1603 1943 1743 2002 altus,
1763 1945 1822 1991 ab
1841 1945 1935 1994 alto
1958 1946 2007 1993 in

212 2021 393 2077 terram
413 2034 563 2083 usque
592 2020 890 2086 dependenS,
921 2023 1134 2072 serviens
1160 2040 1221 2072 ne
1250 2024 1518 2074 cardinales
1544 2042 1633 2090 per
1659 2028 1815 2076 aulam
1843 2030 2005 2077 deam-

208 2101 428 2152 bulantes
453 2119 482 2152 a
509 2105 786 2153 custodibus
814 2106 991 2155 exteris
1021 2107 1286 2156 videantur.
1320 2111 1375 2156 In
1404 2110 1589 2174 capella
1618 2112 1789 2175 majori
1820 2113 1879 2161 ab
1910 2130 2004 2162 una

207 2190 343 2252 parte
366 2191 528 2237 erecte
553 2193 661 2237 sunt
683 2190 853 2239 cellule
873 2207 962 2238 xm
984 2207 1144 2255 pares,
1175 2209 1202 2240 a
1229 2208 1366 2240 muro
1395 2193 1558 2241 altaris
1586 2195 1645 2242 ad
1673 2211 1865 2243 murum
1893 2197 2001 2244 ostii

207 2273 360 2320 totum
382 2271 870 2336 comprehendentes,
896 2273 1098 2321 totidem
1119 2274 1178 2322 ab
1199 2275 1291 2322 alia
1311 2280 1465 2340 parte,
1497 2293 1556 2325 ex
1576 2278 1754 2341 regulis
1775 2279 1996 2339 fortibus,

207 2355 304 2404 sire
338 2355 598 2404 trabicellis
630 2356 786 2421 parvis
829 2358 1113 2422 composite.
1153 2361 1283 2407 Inter
1315 2360 1536 2408 cellulam
1567 2364 1614 2408 et
1642 2361 1863 2410 cellulam
1898 2368 2000 2412 erat

204 2439 392 2503 palmus
413 2443 460 2489 et
482 2440 628 2490 semis
648 2442 722 2490 vel
742 2441 918 2501 minuS,
945 2446 992 2491 et
1014 2442 1063 2490 in
1090 2443 1249 2492 medio
1277 2444 1709 2493 deambulatorium
1736 2446 1998 2495 latitudinis

203 2525 407 2574 duarum
441 2541 727 2586 cannarum,
776 2526 850 2574 vel
883 2526 1028 2575 circa.
1066 2529 1138 2576 Ab
1172 2528 1296 2576 ostio
1337 2528 1520 2592 capelle
1563 2545 1712 2592 usque
1755 2530 1814 2578 ad
1847 2531 1995 2579 altaro

203 2610 358 2674 majus
401 2614 540 2675 porte
579 2610 781 2659 cancelli
816 2611 1089 2661 intermedii
1130 2616 1288 2661 amote
1326 2613 1535 2672 fuerunt,
1573 2617 1620 2661 et
1651 2614 1815 2661 subtus
1846 2615 1994 2662 altare

203 2694 359 2759 majus
399 2695 617 2760 ejusdem
657 2696 840 2760 capelle
881 2697 1109 2762 reposite.
1147 2699 1200 2745 ln
1239 2697 1451 2761 qualibet
1485 2713 1679 2745 camera
1714 2702 1877 2746 erecta
1909 2698 1994 2747 suit

202 2792 297 2825 una
321 2776 496 2826 lectica
523 2795 582 2827 ex
608 2779 781 2828 tabulis
807 2780 942 2829 novis
970 2781 1264 2840 conclavata,
1295 2780 1557 2829 altitudinis
1585 2785 1788 2845 quatuor
1813 2782 1993 2847 palmo-

202 2875 326 2919 rum,
349 2860 612 2910 latitudinis
634 2867 839 2927 septem,
873 2868 920 2913 et
946 2865 1258 2930 longitudinis
1286 2864 1531 2924 undecim,
1560 2865 1632 2913 vel
1655 2865 1801 2925 circa,
1830 2870 1877 2914 et
1898 2883 1991 2914 una

199 2946 406 2995 bancha.
440 2946 644 2995 Cellulas
671 2947 964 3010 hujusmodi,
997 2947 1093 2996 sive
1123 2963 1340 2997 cameras
1368 2948 1739 3013 quamprimum,
1771 2952 1821 2996 ut
1848 2965 1988 3012 supra

197 3029 380 3078 dictum
402 3033 493 3089 est,
525 3029 847 3078 cardinalibus
867 3030 1161 3090 distributaS,
1188 3032 1443 3080 servitores
1466 3032 1761 3096 singulorum
1779 3031 1987 3094 singulas

197 3118 487 3162 ornaverunt
525 3115 584 3162 ab
625 3117 759 3162 extra
796 3114 979 3162 circum
1016 3114 1162 3175 circa,
1206 3119 1253 3164 et
1293 3132 1452 3180 supra,
1497 3133 1555 3164 ex
1596 3115 1749 3179 sagia,
1792 3115 1984 3178 quidam

195 3197 362 3256 rubea,
386 3197 466 3246 alii
486 3198 638 3259 viridi,
664 3198 742 3247 alii
764 3199 941 3259 azuria,
962 3199 1041 3247 alii
1062 3200 1186 3260 alba,
1217 3200 1295 3249 alii
1324 3201 1489 3259 mixta,
1521 3203 1568 3247 et
1595 3199 1642 3245 in
1671 3198 1757 3256 eis,
1783 3213 1873 3260 que
1895 3215 1982 3262 pro

194 3295 281 3328 usu
315 3283 605 3330 RRmorum.
638 3285 736 3331 DD.
769 3283 1082 3332 cardinalium
1115 3300 1310 3332 suorum.
1339 3281 1614 3332 necessaria
1641 3285 1687 3329 et
1715 3285 1983 3344 opportuna

193 3368 330 3412 erant
357 3363 503 3428 (juxta
536 3370 756 3415 tenorem
795 3367 1022 3416 schedule
1060 3367 1312 3431 registrate
1344 3367 1392 3414 in
1419 3366 1574 3430 primo
1601 3366 1724 3414 libro
1759 3382 1979 3414 ceremo-

189 3446 379 3495 niarum
400 3463 545 3497 manu
572 3465 681 3499 mea
709 3451 887 3516 scripto
916 3452 997 3500 fol.
1023 3468 1137 3510 va,
1162 3467 1303 3515 quam
1330 3450 1544 3517 pluribus
1574 3467 1630 3499 ex
1660 3451 1850 3501 RRmis.
1878 3455 1974 3502 DD.
