2262 3958
356 329 423 364 126
958 324 1189 360 JOHANNIS
1221 322 1515 369 BURCHARDI,
1805 325 2011 366 [Decembre
2032 330 2123 372 1484]

352 431 569 479 similiter
590 427 830 477 remansit.
854 425 1160 473 Pervenimus
1182 423 1436 472 deinde'ad
1450 424 1680 488 palatium
1702 426 1958 478 residentie
1972 432 2104 481 Rmi.

350 517 406 561 D.
438 511 686 561 cardinalis
716 507 1054 566 Gerundensis,
1092 507 1171 571 qui
1206 507 1422 555 similiter
1442 507 1632 558 RRmis.
1662 511 1760 557 DD.
1787 511 2111 563 cardinalibus

346 597 522 644 ibidem
555 594 730 658 gratias
759 608 908 656 agens
947 592 1143 639 domum
1178 591 1381 639 intravit.
1419 593 1471 638 ln
1502 591 1605 654 ejus
1634 591 1743 640 loco
1777 596 2106 657 postmodum,

345 683 507 726 Rmus.
535 680 589 724 D.
615 675 867 724 cardinalis
889 674 946 723 de
969 674 1187 734 Sabellis,
1221 674 1427 722 dimissis
1452 674 1696 722 Parmensi
1722 678 1769 723 et
1793 676 1852 724 de
1874 678 2111 729 Columna

345 760 677 819 cardinalibus,
702 757 928 822 equitavit
945 757 1130 807 medius
1152 757 1277 806 inter
1298 760 1582 817 Senensem,
1609 761 1655 805 et
1679 774 1717 805 s.
1744 759 1932 822 Georgii
1962 776 2116 824 usque

346 843 404 892 ad
422 859 557 892 suum
578 842 804 907 palatium
823 858 832 901 3
857 841 1063 905 peractis
1085 841 1400 890 cardinalibus
1423 841 1585 905 gratiis
1613 845 1721 904 post
1743 857 1912 890 eorum
1935 842 2116 894 disces-

347 944 452 976 sum
473 927 687 976 ascendit
707 926 767 974 ad
788 942 928 973 suum
948 925 1198 989 palatium3
1230 929 1330 973 tum
1360 924 1563 987 quisque
1591 924 1651 972 ad
1672 941 1756 972 sua
1783 924 1994 986 divertit;
2021 943 2113 991 que

348 1026 490 1075 supra
530 1027 617 1059 suo
657 1011 765 1059 loco
806 1024 892 1073 per
929 1008 1322 1057 inadvertentiam
1355 1008 1582 1056 adnotare
1614 1008 1911 1072 pretermisi,
1965 1013 2038 1059 est
2072 1015 2121 1060 et

344 1091 472 1140 aliud
492 1091 618 1154 quod
639 1090 780 1138 simili
802 1090 1146 1139 inadvertentia
1166 1091 1393 1140 adnotare
1417 1107 1563 1155 supra
1584 1091 1741 1140 omisi.

412 1173 498 1223 Die
520 1179 679 1223 autem
702 1177 762 1222 20
783 1173 962 1222 mensis
978 1173 1265 1234 decembris,
1285 1175 1323 1223 si
1342 1178 1471 1223 recte
1494 1174 1709 1234 memini,
1724 1176 2115 1240 postprandium,

351 1256 478 1307 circa
504 1258 675 1306 horam
702 1272 1012 1321 vesperorum
1039 1255 1086 1304 in
1118 1256 1294 1320 palatio
1325 1257 1588 1320 apostolico
1620 1258 1742 1321 apud
1774 1274 1812 1304 s.
1849 1260 2042 1308 Petrum
2070 1260 2120 1309 in

348 1341 502 1405 prima
522 1342 646 1402 aula,
672 1356 814 1405 supra
827 1343 1013 1404 portam
1030 1339 1235 1404 primam
1247 1339 1359 1388 dicti
1377 1340 1538 1403 palatii
1559 1340 1776 1388 habitum
1791 1344 1863 1389 est
1878 1346 2121 1391 secretum

350 1423 686 1473 consistorium
745 1424 1033 1471 RRmorum.
1095 1425 1195 1471 DD.
1257 1423 1570 1471 cardinalium
1628 1427 1676 1472 et
1725 1423 2020 1487 prelatorum
2071 1425 2121 1474 in

350 1523 548 1557 romana
568 1508 697 1558 curia
720 1507 1042 1567 existentium,
1069 1509 1152 1555 SS.
1179 1509 1235 1554 D.
1261 1509 1316 1555 N.
1341 1505 1529 1570 pluviali
1552 1506 1690 1565 stola,
1715 1506 1926 1570 cingu10‚
1945 1507 2054 1556 alba
2073 1511 2121 1558 et

351 1592 528 1640 amictu
555 1607 610 1640 ac
641 1591 782 1640 mitra
816 1607 875 1640 ex
902 1591 1047 1655 perlis
1075 1589 1290 1653 simplice
1327 1593 1491 1653 parato
1524 1589 1572 1636 in
1607 1589 1719 1637 sede
1757 1605 1844 1637 sua
1879 1590 2119 1640 eminente

350 1676 642 1739 presidente,
664 1675 714 1723 in
736 1690 829 1738 quo
849 1677 906 1722 D.
932 1673 1214 1722 Franciscus
1233 1673 1291 1722 de
1305 1673 1463 1721 Padua
1478 1672 1733 1720 advocatus
1753 1672 2117 1734 consistorialis,

350 1757 557 1808 breviter
589 1759 701 1807 satis
731 1757 982 1822 proposuit
1018 1758 1162 1806 vitam
1196 1774 1234 1805 s.
1270 1755 1522 1820 Leopoldi,
1560 1759 1607 1804 et
1641 1756 1745 1819 ejus
1778 1756 2119 1805 miraculorum

353 1843 587 1906 majorem
621 1846 807 1906 partem
852 1841 1090 1900 recitavit,
1135 1847 1303 1904 petens
1346 1838 1503 1903 ipsum
1545 1837 1797 1902 cathalogo
1841 1842 2118 1890 sanctorum

353 1924 574 1973 adscribi.
601 1926 743 1990 Cujus
764 1925 1089 1990 propositione
1112 1924 1288 1982 audita,
1315 1925 1397 1972 SS.
1424 1924 1546 1971 D.N.
1573 1938 1599 1970 a
1621 1922 1940 1971 cardinalibus
1961 1922 2118 1987 primo

350 2012 458 2057 vota
477 2012 805 2073 perscrutatus
827 2012 921 2058 est.
953 2007 1135 2057 Deinde
1164 2011 1209 2056 et
1234 2006 1407 2070 singuli
1437 2005 1606 2070 prelati
1627 2005 1738 2070 quid
1760 2005 1850 2054 sibi
1869 2006 2023 2057 visum
2044 2011 2118 2056 est

351 2092 530 2142 dixere.

413 2178 556 2224 Erant
577 2167 738 2224 autem
760 2174 1029 2224 consistorii
1047 2172 1249 2239 predicti
1268 2171 1376 2223 loca
1397 2173 1465 2221 sic
1484 2171 1701 2221 ordinata
1725 2185 1734 2220 ε

413 2259 465 2306 In
487 2259 640 2324 capite
664 2259 769 2307 aule
789 2259 848 2307 ad
858 2259 1074 2308 dextram
1092 2253 1371 2306 intrantisin
1384 2256 1542 2305 medio
1557 2251 1752 2320 parietis
1764 2252 1942 2305 dictam
1957 2253 2114 2305 aulam

347 2356 375 2390 a
406 2343 616 2390 secunda
655 2342 763 2390 aula
794 2342 1059 2400 dividentis,
1099 2341 1255 2405 posita
1291 2345 1391 2389 erat
1425 2326 1564 2389 sedes
1603 2339 1860 2403 pontificis,
1894 2343 1942 2387 et
1971 2339 2021 2387 in
2057 2354 2114 2387 ea

347 2424 559 2488 pontifex
583 2421 795 2484 sedebat,
821 2429 867 2472 et
888 2428 995 2472 ante
1018 2440 1124 2473 eam
1144 2425 1191 2472 in
1213 2425 1408 2472 modum
1426 2418 1591 2471 circuli
1610 2434 1756 2485 super
1775 2421 1996 2470 scabellis
2014 2422 2114 2471 suis

348 2507 514 2559 RRmi.
538 2513 638 2559 DD.
662 2506 927 2560 cardinales
950 2509 1114 2557 ordine
1143 2510 1390 2556 consueto.
1424 2508 1535 2553 Post
1563 2505 1828 2553 cardinales
1849 2520 1876 2553 a
1896 2520 2034 2552 muro
2055 2505 2115 2552 ad

349 2594 588 2643 sinistram
609 2594 827 2642 intrantis
848 2593 1041 2651 dictam,
1065 2605 1227 2638 versus
1248 2588 1524 2653 pontificem
1544 2588 1593 2635 in
1615 2592 1938 2636 transversum
1958 2586 2115 2651 posita

348 2683 484 2745 erant
507 2692 702 2726 scamna
726 2676 817 2725 illis
851 2675 1051 2740 similia,⁸
1068 2674 1238 2738 quibus
1267 2673 1316 2721 in
1350 2671 1565 2736 cappella
1585 2671 1763 2719 utimur
1789 2685 1874 2735 pro
1895 2667 2108 2734 prelatis,

348 2761 539 2810 circiter
557 2777 643 2808 xm
658 2760 893 2808 linearum
919 2759 983 2807 ita
1010 2758 1226 2806 ordinata
1246 2756 1372 2820 quod
1397 2756 1523 2804 inter
1541 2755 1749 2820 primum
1771 2770 2040 2814 scamnum,
2064 2757 2112 2803 et
2190 2819 2194 2823 Α

346 2841 537 2892 ultimos
559 2843 823 2892 cardinales
846 2846 973 2891 esset
998 2842 1204 2906 spatium
1231 2840 1421 2889 circiter
1448 2856 1501 2887 111
1530 2853 1809 2898 cannarum,
1841 2842 1888 2887 et
1914 2851 2110 2896 scamna

344 2926 392 2976 in
414 2928 568 2992 capite
586 2943 774 2976 murum
791 2926 1048 2991 tangebant
1071 2925 1177 2973 ostii
1200 2924 1488 2989 oppositum,
1513 2937 1567 2971 ac
1585 2923 1709 2970 inter
1723 2938 1780 2970 ea
1797 2921 1844 2970 et
1861 2921 2035 2970 ostium
2049 2932 2106 2969 ac

345 3024 536 3060 murum
554 3006 661 3060 ostii
683 3011 885 3074 spatium
907 3013 1006 3058 erat
1029 3009 1220 3057 circiter
1237 3007 1374 3056 unius
1394 3018 1546 3055 caune
1561 3017 1648 3069 pro
1662 3021 1806 3069 passu
1827 3003 2106 3052 intrantium

348 3100 394 3142 et
433 3090 709 3143 exeuntium
747 3094 872 3142 inter
901 3093 1030 3157 ipsa3
1068 3097 1114 3141 et
1147 3090 1435 3141 conveniens
1469 3088 1675 3152 spatium
1716 3091 1815 3135 erat
1855 3090 1905 3134 ut
1934 3080 2104 3149 prelati

345 3179 596 3228 commode
611 3181 807 3243 possent
827 3176 1086 3225 ascendere
1104 3175 1177 3224 vel
1192 3172 1503 3223 descendere.
1526 3170 1671 3218 Primi
1688 3170 1858 3234 prelati
1874 3167 2105 3218 sedebant

339 3261 386 3307 in
418 3278 612 3310 scamno
643 3260 964 3310 cardinalibus
995 3263 1042 3307 et
1071 3257 1285 3323 pontifici
1324 3254 1631 3320 proximiore.
1675 3254 1857 3302 Deinde
1900 3251 1977 3300 alii
2019 3261 2103 3299 suo

343 3343 525 3402 ordine,
558 3348 604 3392 et
631 3360 797 3393 omnes
829 3347 965 3392 erant
997 3343 1046 3390 in
1072 3341 1233 3406 cappis
1267 3339 1415 3388 solitis
1449 3337 1620 3401 quibus
1649 3336 1696 3384 in
1724 3336 1907 3399 capella
1931 3331 2102 3399 prelati

342 3426 552 3471 utuntur.
579 3427 796 3475 Collectis
821 3425 1035 3474 omnium
1063 3424 1201 3483 votiS,
1232 3425 1314 3471 SS.
1347 3425 1403 3470 D.
1428 3424 1483 3470 N.
1522 3422 1798 3470 exhortatus
1829 3423 1902 3469 est
1931 3432 2096 3467 omnes
