2262 3958
370 331 439 366 386
975 330 1208 367 JOHANNIS
1243 331 1538 378 BURCHARDI,
1869 337 2133 380 [samia-1490]

366 446 510 480 manu
534 448 642 481 mea
664 432 829 496 scripsi
861 450 869 479 :
895 448 1007 480 nam
1029 437 1164 496 pater
1190 433 1334 481 voluit
1354 434 1481 496 quod
1510 449 1600 498 ego
1626 435 1839 485 officium
1860 438 2134 502 hujusmodi

367 531 517 578 usque
540 516 598 562 ad
622 515 911 578 baptismum
944 500 1251 580 peragerem3
1286 520 1542 580 propterea
1573 518 1786 568 officium
1814 521 1973 585 ipsum
2010 523 2133 575 bene

368 597 514 644 revidi
536 600 581 644 et
603 597 774 644 clarius
797 597 1025 656 ordinavi,
1052 597 1136 645 sed
1152 597 1322 646 fratres
1340 598 1430 662 ipsi
1451 598 1500 646 id
1510 614 1597 662 per
1617 602 1806 650 Rmum.
1828 605 1883 651 D.
1921 604 2135 654 cardina-

364 680 460 728 lem
497 679 554 727 de
591 680 772 727 Ursinis
803 681 892 728 sibi
931 681 1198 745 injunctum
1231 682 1473 740 dixerant3
1510 698 1588 730 me
1630 699 1874 747 opponere
1915 689 2043 737 volui
2080 694 2132 738 ut

366 763 509 810 ctiam
531 763 742 811 officium
759 765 1031 828 hujusmodi
1054 765 1210 813 debite
1242 770 1569 829 perageretur.
1605 769 1768 814 Rmus.
1795 771 1852 815 D.
1875 771 2130 821 cardinalis

364 863 402 893 s.
427 846 574 895 Marci
595 847 851 910 quamdam
871 849 1150 897 schedulam
1172 849 1378 897 confecit
1397 865 1543 897 manu
1568 866 1652 898 sua
1669 851 1862 916 propria
1883 853 2129 918 scriptam,

362 928 673 992 incipientem
699 946 709 978 :
738 930 813 978 De
844 939 969 978 cant.
1001 931 1056 979 de
1084 948 1156 979 1111
1177 932 1264 991 R„
1296 940 1402 992 eta,
1436 948 1531 995 qua
1562 934 1835 983 continetur
1863 937 1993 999 quod
2020 938 2135 1003 bap-

324 1064 326 1066 ,
363 1011 575 1060 tizandus
615 1012 758 1061 debet
805 1013 968 1077 inungi
1016 1019 1065 1062 et
1103 1030 1277 1077 quare;
1321 1032 1466 1078 quam
1513 1018 1793 1067 schedulam
1835 1020 1885 1068 in
1924 1021 2134 1072 futuram

362 1095 647 1144 memoriam
668 1096 716 1143 in
744 1097 961 1160 ejusdem
992 1097 1117 1148 Rmi.
1150 1101 1207 1145 D.
1239 1099 1493 1147 cardinalis
1522 1100 1758 1151 honorem
1784 1103 1834 1150 in
1859 1104 1983 1153 libro
2002 1107 2134 1171 ejus-

362 1179 489 1238 dem,
531 1179 656 1227 fol...
696 1195 784 1243 per
816 1180 1058 1244 integrum
1088 1182 1370 1245 conscripsi.
1415 1183 1529 1231 Filie
1570 1184 1660 1232 fuit
1689 1186 1910 1236 Lucretie
1951 1204 2130 1238 nomen

363 1262 663 1325 impositum3
690 1268 791 1311 erat
811 1268 974 1312 autem
994 1265 1088 1312 hoc
1107 1265 1250 1312 modo
1279 1264 1549 1314 ordinatum
1572 1285 1580 1313 :

430 1347 482 1392 111
516 1346 731 1394 sacristia
770 1351 934 1410 parate
974 1347 1167 1395 fuerunt
1198 1347 1311 1395 hinc
1349 1353 1396 1395 et
1427 1348 1538 1397 inde
1571 1365 1660 1397 xm
1693 1351 1832 1400 sedes
1869 1368 1928 1402 ex
1955 1354 2132 1404 velluto

364 1428 536 1476 diversi
571 1430 745 1478 coloris
774 1446 861 1493 pro
892 1430 1232 1491 cardinalibus,
1280 1431 1359 1478 ubi
1408 1447 1459 1480 se
1496 1439 1852 1498 congregarunt
1889 1437 1939 1484 in
1971 1439 2131 1488 medio

364 1512 517 1572 chori,
539 1514 691 1577 magis
715 1518 873 1562 tamen
896 1514 956 1562 ad
983 1514 1131 1562 altare
1157 1515 1314 1578 majus
1341 1530 1523 1563 versus.
1552 1516 1731 1565 Tabula
1762 1517 1860 1566 sive
1885 1521 2132 1571 credentia
2155 1501 2161 1509 ‘

362 1612 522 1658 parva,
545 1597 845 1660 longitudine
868 1598 1004 1645 unius
1028 1614 1182 1646 canne
1206 1598 1280 1646 vel
1302 1598 1445 1657 circa,
1463 1598 1671 1663 desuper
1688 1601 1876 1650 concha
1900 1609 2131 1667 argentea

364 1694 538 1743 magna
571 1697 629 1728 ex
657 1681 903 1730 credentia
929 1684 1055 1745 Pape
1084 1697 1169 1745 pro
1196 1697 1347 1745 puero
1378 1681 1660 1745 baptizando
1690 1683 1889 1732 floribus
1913 1700 2125 1750 aspersa,

363 1761 410 1809 in
443 1763 617 1827 angulo
659 1764 862 1813 ecclesie
898 1768 1031 1812 extra
1064 1765 1263 1812 chorum
1297 1763 1357 1811 ad
1384 1763 1630 1811 dexteram
1663 1764 1942 1815 intrantium
1977 1769 2130 1818 eccl-e-

362 1847 498 1895 siam.
541 1848 793 1896 Credentia
827 1864 936 1896 cum
969 1848 1154 1895 duobus
1184 1846 1428 1894 bocalibus
1473 1850 1519 1894 et
1548 1847 1748 1895 totidem
1781 1848 2014 1898 bacilibus
2039 1867 2126 1914 pro

363 1930 558 1994 singulis
575 1931 894 1979 cardinalibus
917 1930 1258 1994 compatribus,
1281 1934 1328 1978 et
1348 1930 1548 1993 totidem
1568 1931 1793 1993 mappule
1805 1947 1892 1994 pro
1905 1933 2127 1982 manibus

360 2013 572 2061 lavandis
616 2017 662 2061 et
693 2014 1015 2077 extergendis,
1054 2029 1108 2061 ac
1135 2029 1284 2060 unum
1326 2029 1413 2076 par
1451 2012 1675 2061 bacilium
1712 2013 2040 2064 inauratorum
2075 2022 2123 2064 et

362 2095 453 2143 alia
482 2096 689 2158 quedam
723 2113 830 2144 vasa
865 2099 1095 2160 argentea
1124 2095 1356 2154 inaurata,
1388 2095 1599 2143 medulla
1624 2095 1761 2158 panis
1795 2100 1844 2143 et
1879 2112 1959 2144 vas
1993 2097 2123 2158 salim

361 2194 451 2245 que
474 2179 634 2226 omnia
655 2195 778 2226 unus
800 2195 859 2227 ex
887 2178 1216 2227 credentiariis
1245 2181 1372 2241 Pape
1401 2177 1701 2225 ordinaverat
1728 2181 1774 2226 et
1807 2179 2122 2229 custodiedat.

361 2264 478 2310 Item
501 2266 547 2310 et
564 2267 843 2326 paramenta
868 2278 956 2326 pro
976 2261 1371 2311 vicecancellario
1402 2259 1686 2324 baptizante,
1715 2259 1935 2310 videlicet
1955 2278 2125 2327 super-

359 2344 619 2407 pellicium,
646 2345 784 2403 stola,
810 2345 1012 2407 pluviale
1040 2346 1203 2392 album
1229 2348 1275 2392 et
1295 2344 1434 2391 mitra
1470 2342 1688 2405 simplex,
1729 2358 1822 2405 que
1851 2345 2014 2393 omnia
2036 2346 2125 2394 sibi

358 2426 406 2472 in
429 2427 522 2474 hoc
556 2432 664 2474 actu
699 2427 954 2474 convenire
974 2427 1272 2485 videbantur,
1305 2429 1440 2473 Rmo.
1468 2429 1524 2473 D.
1556 2443 1596 2472 s,
1632 2425 1779 2473 Marci
1808 2427 1927 2474 mihi
1957 2443 2123 2477 assen-

358 2508 522 2567 tiente,
559 2509 608 2555 in
647 2509 843 2557 arbitrio
874 2514 1036 2557 tamen
1068 2509 1191 2556 Rmi.
1229 2511 1287 2555 D.
1318 2507 1715 2566 vicecancellarii,
1753 2512 1804 2555 ut
1832 2507 1958 2556 inter
1990 2525 2042 2558 se
2075 2509 2122 2557 in

357 2590 634 2653 hujusmodi
672 2607 814 2654 agere
863 2592 1003 2650 solet,
1054 2592 1372 2654 relinquente.
1418 2590 1760 2654 Baptizandam
1800 2591 2122 2640 cardinalibus

358 2674 579 2722 omnibus
617 2675 919 2738 congregatis
958 2675 1161 2738 portavit
1206 2691 1358 2738 usque
1404 2675 1464 2722 ad
1487 2675 1635 2722 -fores
1672 2674 1878 2723 ecclesie
1917 2675 2121 2738 quedam

355 2757 527 2816 vetula,
552 2773 695 2820 quam
716 2758 894 2806 ibidem
919 2758 1103 2821 accepit
1124 2758 1172 2805 in
1191 2758 1392 2806 ‘brachia
1418 2758 1612 2806 domina
1639 2760 1678 2806 N
1687 2795 1717 2818 .,
1747 2773 1867 2805 uxor
1893 2758 2120 2823 principis

357 2840 599 2904 Bisignani
632 2846 679 2890 et
704 2858 810 2890 eam
836 2842 1064 2890 continuo
1096 2842 1248 2890 tenuit
1276 2857 1427 2905 usque
1460 2846 1569 2906 post
1594 2842 1908 2906 baptismum;
1943 2842 2118 2891 iterum

356 2928 491 2971 extra
520 2924 773 2972 ecclesiam
807 2925 964 2972 eidem
981 2924 1263 2990 principissa
1292 2925 1439 2974 astitit
1474 2924 1668 2973 domina
1688 2925 1993 2974 Theodorina
2020 2925 2118 2973 fllia

356 3007 481 3069 Pape
501 3012 548 3054 et
569 3008 840 3071 complures
862 3008 952 3056 alie
979 3008 1163 3057 nobiles
1182 3008 1422 3056 mulieres.

419 3093 583 3138 Rmus.
610 3093 667 3138 D.
691 3091 1112 3139 vicecancellarius
1143 3107 1230 3155 pro
1262 3090 1420 3138 officio
1453 3090 1732 3153 peragendo
1753 3089 1800 3137 in
1823 3090 1972 3139 choro
2004 3105 2116 3154 pre-

352 3172 478 3219 dicto
499 3177 647 3233 stans,
672 3175 855 3237 accepit
877 3191 1020 3238 super
1037 3174 1286 3222 rochetum
1302 3172 1686 3236 superpellicium
1709 3176 1755 3220 et
1774 3174 1943 3221 stolam
1957 3173 2114 3221 albam

352 3258 553 3315 tantum,
578 3257 765 3319 pluviali
785 3262 835 3305 et
855 3258 996 3305 mitra
1011 3257 1237 3316 dimissis,
1259 3257 1307 3303 in
1330 3271 1424 3318 quo
1450 3248 1615 3303 ha‘bitu
1643 3255 1914 3319 baptizavit;
1939 3256 2112 3303 deinde

352 3336 529 3385 ibidem
567 3354 677 3386 cum
717 3340 903 3388 duobus
945 3341 1192 3389 bocalibus
1237 3355 1406 3388 manus
1444 3339 1571 3398 lavit,
1620 3344 1667 3387 et
1713 3339 1909 3387 dimisso
1945 3338 2108 3386 habitu

352 3418 627 3482 hujusmodi
647 3421 707 3468 ad
732 3421 998 3469 sacristiam
1025 3437 1135 3469 cum
1162 3420 1266 3468 aliis
1298 3418 1544 3467 bocalibus
1573 3422 1621 3467 et
1652 3418 1884 3467 bacilibus
1908 3416 2109 3480 ‚singulis
