2262 3958
340 326 388 361 62
943 324 1176 360 JOHANle
1209 323 1503 368 ΒυΗοΗΑΒΒΙ,
1529 318 1534 322 ’
1894 327 2000 367 [Aoni
2019 328 2109 369 1484]

344 426 662 475 cardinalibus
703 442 758 474 ac
798 430 898 474 toto
946 426 1158 490 ipsorum
1201 425 1511 475 cardinalium
1553 428 1756 492 collegio
1801 428 2106 491 unanimiter,

342 510 534 558 nemine
555 511 854 572 discrepante
877 509 958 574 (1),
987 510 1036 557 in
1064 527 1108 558 s.
1151 527 1190 558 r.
1227 526 1281 558 ac
1314 510 1592 558 universalis
1622 513 1835 562 Ecclesia
1870 529 2110 561 summum

343 594 623 658 pontificem
645 597 717 641 est
746 597 1016 656 assumptus
1051 598 1097 642 et
1126 599 1366 658 recethS,
1401 598 1447 642 et
1476 594 1523 641 in
1553 594 1740 658 signum
1772 596 2113 661 assumptionis

343 676 616 740 hujusmodi
646 676 914 724 cardinales
943 677 1031 724 sibi
1063 678 1387 741 deposuerunt
1411 677 1629 726 croculas
1657 681 1704 726 et
1724 678 1979 728 induerunt
2004 695 2115 728 eum

345 759 606 823 cappuccio
650 776 793 823 supra
832 760 1100 808 rochetum.
1144 761 1505 809 Collocaverunt
1547 777 1657 809 eum
1690 760 1739 808 in
1772 763 1885 811 sede
1915 763 2116 826 pulchra

345 842 571 891 camerali
606 842 763 907 posita
793 842 920 890 inter
956 843 1104 891 altare
1140 847 1187 892 et
1221 859 1439 892 mensam
1471 860 1664 908 parvam
1697 844 2038 908 supradictam,
2071 849 2120 894 et

344 927 676 990 imposuerunt
697 925 785 974 sibi
808 926 1000 973 anulum
1027 926 1109 974 fel.
1140 942 1239 975 rec.
1272 927 1389 975 Sixti
1416 943 1536 991 pape
1564 928 1718 991 quarti
1746 945 1888 992 quem
1922 928 2122 977 sacrista

345 1014 563 1074 paratum
585 1010 646 1058 ad
669 1010 762 1058 hoc
797 1010 1006 1057 habebat
1030 1026 1040 1058 :
1066 1010 1169 1073 ipso
1201 1017 1463 1074 assumpto,
1498 1010 1566 1058 sic
1606 1011 1822 1071 sedente,
1857 1012 1960 1075 ipse
1990 1011 2118 1060 idem

346 1093 491 1157 elegit
512 1093 600 1142 sibi
621 1108 798 1140 nomen
816 1095 1142 1141 INNOCENTIUM
1165 1096 1331 1141 ΡΑΡΑΜ
1359 1096 1604 1143 OCTAVUM.
1626 1097 1727 1150 Quo
1750 1094 1895 1153 facto,
1915 1094 2120 1143 surrexit

346 1177 448 1240 ipse
470 1181 759 1239 assumptus,
784 1180 831 1224 et
850 1177 1007 1240 posi-ta
1027 1180 1100 1225 est
1129 1177 1269 1225 sedes
1297 1193 1382 1224 sua
1409 1177 1625 1241 predicta
1645 1182 1754 1226 ante
1775 1193 1994 1226 mensam
2013 1193 2122 1242 pre-

347 1260 552 1319 dictam,
589 1259 760 1307 amotis
794 1258 904 1307 inde
938 1259 1087 1307 tribus
1120 1259 1355 1318 scabellis,
1391 1276 1482 1322 que
1515 1260 1645 1324 prius
1681 1264 1834 1320 erant,
1870 1264 2118 1325 apportata

348 1342 540 1390 fuerunt
577 1342 783 1406 capitula
816 1343 1102 1405 supradicta,
1134 1358 1222 1406 per
1253 1342 1538 1402 cardinales,
1575 1345 1785 1391 Foscaro
1817 1347 2037 1407 excepto,
2070 1349 2121 1392 ut

349 1441 492 1488 supra
525 1429 635 1473 ante
671 1425 879 1489 primum
918 1425 1199 1474 scrutinium
1235 1425 1415 1474 dictum
1446 1429 1534 1485 est,
1572 1426 1856 1490 subscripta,
1889 1442 1981 1490 que
2013 1431 2122 1492 post

351 1508 753 1572 subscriptionem
814 1509 969 1556 ultimi
1025 1508 1310 1568 cardinalis,
1364 1508 1584 1557 videlicet
1629 1509 1752 1556 Rmi.
1802 1511 1860 1556 D.
1903 1510 2120 1570 Ascanii,

350 1591 586 1641 Sanctitas
608 1608 693 1639 sua
717 1591 998 1654 subscripsit
1018 1591 1067 1638 in
1089 1591 1287 1655 singulis
1318 1607 1403 1640 sex
1429 1591 1695 1655 quinternis
1724 1593 1811 1639 sub
1843 1592 1919 1640 his
1941 1593 2120 1654 verbis,

350 1675 571 1723 videlicet
595 1692 605 1724 z
2091 1730 2097 1734 .

421 1780 443 1804 «
486 1762 584 1823 Ego
623 1757 932 1807 Innocentius
967 1760 1167 1806 Octavus
1200 1757 1380 1806 electus
1414 1762 1461 1806 et
1489 1763 1763 1822 assumptus
1798 1759 1848 1807 in
1887 1773 2126 1809 summum

355 1843 633 1906 pontificem
675 1842 912 1906 premissa
947 1841 1109 1889 omnia
1153 1844 1200 1889 et
1239 1841 1428 1904 singula
1467 1841 1714 1905 promitto,
1753 1859 1904 1892 voveo
1940 1847 1988 1892 et
2014 1845 2126 1909 juro

357 1927 611 1974 observare
646 1929 693 1973 et
725 1925 986 1988 adimplere
1027 1924 1075 1971 in
1121 1924 1342 1972 omnibus
1381 1927 1429 1971 et
1466 1941 1552 1987 per
1585 1925 1745 1972 omnia
1776 1942 1893 1990 pure
1935 1931 1983 1976 et
2012 1927 2129 1976 sim-

358 2008 564 2072 pliciter,
599 2011 647 2056 et
678 2008 805 2056 bona
835 2007 949 2067 fide,
986 2006 1179 2054 realiter
1213 2011 1261 2055 et
1297 2023 1405 2054 cum
1445 2007 1621 2056 effectu
1658 2009 1744 2055 sub
1771 2025 1897 2072 pena
1932 2009 2130 2074 perjurii

357 2095 404 2139 et
442 2091 781 2150 anathematis,
823 2107 851 2138 a
888 2090 1058 2153 quibus
1085 2105 1177 2137 nec
1212 2106 1291 2138 me
1329 2090 1485 2154 ipsum
1526 2091 1768 2139 absolvam
1809 2107 1902 2140 nec
1945 2093 2132 2142 ahsolu-

359 2173 540 2221 tionem
570 2173 710 2221 alicui
741 2172 1054 2221 committam.
1087 2174 1156 2220 Ita
1181 2188 1258 2220 me
1292 2175 1420 2220 Deus
1451 2173 1641 2237 adjuvet
1670 2178 1718 2222 et
1743 2174 1836 2223 hec
1857 2179 2024 2224 sancta
2043 2176 2130 2225 Dei

359 2256 605 2320 evangelia
624 2255 705 2321 (2).
733 2276 756 2300 »

423 2339 620 2387 Interim
648 2343 812 2387 Rmus.
844 2340 901 2386 D.
937 2339 1190 2387 cardinalis
1224 2340 1471 2399 Senensis,
1494 2340 1734 2404 repositis,
1770 2357 1829 2389 ex
1857 2341 2133 2392 fenestrelle

363 2421 576 2470 sacristie
610 2437 751 2485 parve
782 2422 918 2484 juxta
949 2422 1096 2469 altare
1130 2421 1255 2468 dicte
1284 2421 1498 2485 cappelle
1527 2421 1798 2482 existentis,
1829 2423 2000 2486 tegulis
2036 2424 2131 2473 sive

364 2504 589 2553 mattonis
619 2505 789 2568 quibus
822 2505 1042 2552 obturata
1067 2507 1168 2552 erat
1193 2504 1406 2563 remotis,
1441 2505 1659 2568 exposuit
1683 2520 1772 2568 per
1803 2521 1911 2554 eam
1937 2521 2133 2556 crucem

364 2589 539 2652 populo
560 2588 739 2636 ibidem
766 2587 815 2635 in
849 2587 980 2635 curia
1004 2587 1166 2651 palatii
1200 2591 1510 2651 congregato,
1546 2592 1594 2636 et
1623 2604 1740 2636 voce
1769 2589 1952 2652 potenti
1982 2590 2137 2639 excla-

365 2671 508 2719 mavit
529 2671 692 2720 dicens
719 2687 729 2719 :
752 2699 817 2707 —
835 2669 1094 2718 Anmmcio
1123 2670 1246 2718 vobis
1272 2670 1502 2734 yazcdium
1523 2687 1768 2735 maynum.
1792 2672 1979 2736 Papam
1998 2673 2134 2722 kabe-

415 2844 449 2881 1.
491 2843 586 2891 Voy.
619 2845 641 2880 a
668 2842 903 2891 l'Appendice
932 2842 989 2889 (n0
1014 2841 1076 2889 29)
1107 2841 1142 2878 la
1173 2840 1339 2878 curIeuse
1377 2841 1538 2889 depeche
1566 2842 1611 2878 de
1643 2841 1821 2891 Vespucci
1854 2845 1876 2880 a
1905 2843 2062 2881 Laurent
2089 2844 2134 2882 de

367 2902 518 2940 Medicis
545 2913 607 2939 sur
626 2901 802 2939 l'election
828 2901 878 2937 du
898 2900 1057 2937 cardinal
1089 2900 1133 2937 de
1153 2900 1271 2946 Melfe,
1300 2904 1337 2937 et
1363 2900 1416 2936 les
1436 2900 1564 2938 details
1582 2913 1644 2938 sur
1662 2901 1696 2938 la
1714 2901 1844 2938 familie
1863 2905 1899 2939 et
1918 2902 1972 2940 les
1993 2903 2134 2941 enfants

367 2964 416 2999 du
443 2973 613 2999 nouveau
640 2960 784 2998 Pontife
809 2971 881 3008 que
905 2959 1193 2997 l'ambassadeur
1218 2959 1364 3008 depeint
1389 2971 1476 2997 sous
1502 2960 1566 2997 des
1593 2959 1759 2998 couleurs
1789 2971 1894 2998 assez
1917 2960 2133 3002 favorables,

367 3021 462 3070 voy.
484 3021 688 3069 egalement
705 3021 740 3057 la
758 3019 917 3068 depeche
935 3019 980 3056 de
1000 3019 1112 3065 Loeti,
1132 3030 1175 3056 no
1199 3020 1259 3056 30.
1487 3070 1489 3072 q

414 3083 450 3118 2.
479 3081 655 3118 Innocent
684 3080 784 3123 VIII,
814 3082 836 3117 a
869 3079 904 3116 la
930 3079 1107 3128 demande
1138 3079 1203 3116 des
1235 3082 1513 3116 conservateurs
1544 3079 1589 3115 de
1619 3078 1655 3115 la
1679 3078 1775 3125 ville,
1803 3078 1923 3117 s’etait
1953 3082 2096 3130 engage
2115 3082 2138 3118 ὸ,

370 3141 540 3177 accorder
571 3139 729 3177 certains
762 3138 955 3188 privileges
988 3150 1060 3175 aux
1089 3137 1252 3186 citoyens
1284 3138 1443 3174 romains
1476 3137 1758 3175 exclusivement
1785 3140 1807 3175 a
1833 3138 1912 3175 leur
1942 3144 2134 3188 avantage.

369 3200 553 3238 Infessura
572 3200 711 3238 affirme
731 3198 830 3236 avoir
848 3210 897 3235 vu
913 3197 948 3234 la
966 3196 1092 3234 cedule
1112 3208 1174 3233 sur
1193 3197 1346 3245 laquelle
1364 3197 1397 3233 le
1417 3196 1516 3245 Pape
1536 3196 1632 3234 avait
1646 3198 1816 3234 confirma
1837 3209 1896 3235 ses
1915 3210 2134 3247 promesses.

418 3258 467 3295 Ce
487 3259 632 3296 dernier
650 3259 703 3295 les
727 3258 770 3295 fit
787 3260 903 3294 meme
920 3256 1061 3292 inserer
1083 3255 1176 3292 dans
1203 3267 1274 3291 une
1299 3255 1395 3291 bulle
1420 3265 1512 3302 pour
1531 3254 1608 3291 leur
1628 3256 1766 3293 donner
1785 3269 1834 3293 un
1854 3261 2034 3295 caractere
2053 3257 2136 3306 plus

371 3318 489 3364 grand
508 3316 793 3355 d'authenticite.
809 3317 838 3353 Il
858 3319 914 3353 est
932 3315 1007 3352 vrai
1027 3315 1204 3364 d'ajouter
1219 3314 1306 3363 qu’il
1326 3326 1349 3363 y
1368 3313 1576 3351 introduisit
1596 3315 1773 3353 certaines
1792 3316 2056 3354 modifications
2075 3317 2136 3365 qui

371 3375 610 3414 detruisaient
633 3378 678 3414 de
696 3377 761 3415 fait
778 3376 832 3414 les
853 3379 1055 3422 avantages
1080 3378 1161 3414 tout
1180 3373 1329 3412 d'abord
1356 3375 1518 3413 reserves
1541 3384 1613 3410 aux
1644 3375 1807 3425 citoyens
1834 3375 2003 3414 romains.
2026 3376 2135 3426 (Voy.

372 3434 556 3472 Infessura
576 3435 667 3472 dans
685 3436 836 3483 Eccard,
857 3435 925 3472 col.
949 3435 1072 3483 1950.)
