2262 3958
358 330 428 364 318
963 326 1195 363 JOHANNIS
1229 325 1523 373 BURCHARDI,
1801 330 2115 372 [Novembre1488]

359 434 530 500 hyteri,
554 432 738 481 diaconi
778 446 888 478 vero
923 431 982 477 ab
1013 429 1105 477 alia
1134 433 1269 492 parte
1302 429 1426 477 inter
1456 430 1632 479 ostium
1670 437 1718 482 et
1754 433 1908 482 aciem
1946 435 2118 482 domus

359 534 521 566 versus
544 530 764 578 campum
787 514 941 561 Flore.
962 511 1398 561 Vicecancellarius
1426 512 1511 560 fuit
1537 514 1717 577 primus
1736 533 1900 565 versus
1923 518 2119 565 domum

361 600 419 648 de
442 597 699 646 Caffarellis
719 600 763 644 et
787 595 844 643 de
877 597 1005 642 Fuxo
1027 594 1208 657 primus
1235 610 1400 643 versus
1427 595 1602 643 ostium
1622 597 1812 657 domus,
1841 604 1889 648 et
1907 604 2016 663 post
2036 615 2119 648 eos

361 681 437 729 ahi
459 695 544 728 suo
570 680 752 727 ordine.
776 682 940 726 Rmus.
967 681 1024 726 D.
1050 677 1302 725 cardinalis
1328 678 1554 727 Senensis
1582 678 1679 742 egit
1703 680 1901 745 singulis
1922 682 2116 746 gratiaS,

359 769 410 811 ut
431 763 576 811 moris
597 768 692 820 est;
718 765 1023 818 recesserunt
1041 776 1209 809 omnes
1231 764 1277 809 et
1297 761 1399 824 ipse
1420 761 1606 812 intravit
1625 762 1838 813 domum.

422 846 599 895 Eadem
617 845 711 905 die,
737 845 864 893 circa
882 845 1052 892 horam
1070 844 1349 908 vigesimam
1370 845 1592 908 primam,
1614 845 1803 894 intravit
1824 847 2002 896 Urbem
2022 863 2121 896 ma-

358 930 560 994 gnificus
572 929 710 977 miles
727 928 1003 977 Dominicus
1024 927 1306 975 Trevisanus
1328 933 1488 995 orator
1507 929 1820 979 Venetiarum
1834 946 1921 994 per
1931 935 2120 994 portam

356 1012 580 1064 Viridarii
601 1017 648 1060 et
667 1016 900 1060 venerunt
936 1011 979 1058 ei
1014 1010 1202 1059 obviam
1231 1011 1406 1059 familie
1435 1014 1517 1060 SS.
1542 1015 1598 1060 D.
1625 1015 1680 1061 N.
1707 1030 1828 1077 pape
1851 1017 1898 1062 et
1918 1013 2119 1063 aliorum

356 1096 668 1146 cardinalium
690 1094 1047 1158 particularium
1069 1093 1350 1153 amicorum,
1371 1095 1572 1143 etmulti
1594 1096 1763 1159 prelati
1787 1097 1915 1146 curie
1943 1101 1988 1146 et
2010 1112 2119 1146 ora-

356 1186 484 1229 tores
514 1178 800 1242 principum,
834 1193 861 1224 a
888 1176 1060 1240 quibus
1101 1176 1288 1224 medius
1324 1176 1448 1226 inter
1489 1179 1907 1243 archiepiscopum
1939 1183 2118 1230 Cusen-

356 1263 510 1311 tinum
532 1266 578 1310 et
598 1261 878 1325 episcopum
903 1262 1249 1308 Cortonensem
1271 1259 1361 1308 fuit
1381 1261 1642 1310 associatus
1666 1279 1815 1326 usque
1837 1263 1896 1311 ad
1921 1263 2118 1312 domum

356 1360 439 1392 sue
461 1342 770 1391 habitationis
790 1342 885 1390 sive
910 1342 1105 1405 hospitii
1135 1342 1225 1402 sui,
1254 1358 1386 1391 more
1418 1343 1572 1392 solit0.
1595 1346 1695 1392 Non
1731 1345 1815 1393 fuit
1849 1345 2118 1394 intimatum

355 1426 673 1475 cardinalibus
695 1425 823 1488 quod
843 1425 1086 1473 mitterent
1118 1424 1322 1473 familias
1357 1441 1483 1486 suas,
1514 1426 1626 1489 quia
1652 1427 1796 1475 etiam
1833 1443 1931 1476 non
1955 1427 2118 1477 debuit

354 1509 587 1568 intimari;
611 1513 683 1557 est
705 1509 833 1557 enim
856 1508 1124 1556 oratoribus
1141 1524 1228 1571 pro
1251 1508 1524 1558 obedientia
1542 1511 1801 1573 prestanda
1819 1510 2116 1559 venientibus

354 1594 554 1651 tantum,
579 1596 626 1639 et
643 1607 740 1639 non
761 1590 865 1639 aliis
887 1590 1076 1654 publice
1098 1591 1406 1640 obviandum.

414 1675 551 1723 Feria
571 1675 727 1734 tertia,
755 1678 805 1721 11
832 1674 1011 1722 mensis
1033 1675 1326 1734 novembris,
1346 1678 1510 1723 Rmus.
1531 1678 1586 1722 D.
1613 1676 1865 1724 cardinalis
1887 1676 2115 1726 Senensis

349 1759 409 1808 ad
427 1759 720 1823 legationem
743 1759 1020 1807 Perusinam
1039 1758 1205 1817 iturus,
1224 1755 1424 1806 recessit
1446 1774 1504 1806 ex
1523 1759 1648 1806 Urbe
1671 1758 1800 1807 circa
1819 1759 1989 1810 horam
2008 1775 2111 1808 xnn

349 1859 377 1890 a
397 1843 494 1890 suis
514 1846 697 1890 tantum
718 1842 1010 1901 domesticis,
1035 1841 1165 1888 nullo
1187 1840 1447 1900 cardinale,
1483 1841 1762 1889 associatus.
1791 1845 1919 1891 Deus
1944 1842 2142 1907 dirigat,

351 1941 544 1989 gressus
567 1941 679 1973 suos
699 1925 748 1972 in
767 1924 889 1972 viam
911 1924 1060 1987 pacis.

416 2008 534 2056 Dedi
566 2008 642 2054 his
664 2007 851 2066 diebus,
874 2006 1093 2054 videlicet
1116 2010 1174 2054 29
1207 2006 1416 2054 octobris
1450 2007 1665 2070 proxime
1697 2007 1930 2070 preteriti,
1974 2008 2115 2056 sche-

347 2091 505 2138 dulam
532 2094 589 2138 D.
617 2089 962 2153 Christophoro
992 2090 1050 2138 de
1078 2092 1230 2137 Latua
1267 2090 1470 2138 auditori
1501 2091 1624 2138 Rmi.
1656 2094 1713 2139 D.
1747 2091 2001 2140 cardinalis
2031 2094 2115 2139 As-

346 2173 488 2230 canii,
511 2188 597 2236 pro
620 2188 731 2220 cera
751 2175 889 2220 Rmo.
927 2174 982 2219 D
1010 2172 1273 2221 camerario
1296 2178 1342 2221 et
1365 2173 1718 2274 presidentibus
1747 2190 1938 2223 camere
1972 2191 2115 2239 apos-

346 2255 505 2315 tolice,
530 2255 707 2303 tenoris
736 2255 1103 2318 subsequentis:

411 2338 615 2387 Candele
638 2354 747 2387 cere
769 2338 1030 2386 ordinande
1054 2354 1139 2401 pro
1158 2339 1363 2387 dominis
1383 2339 1442 2388 de
1464 2355 1658 2388 camera
1675 2340 1940 2403 apostolica
1964 2357 1974 2389 :

410 2472 496 2520 pro
518 2459 575 2505 D.
601 2458 865 2506 camerario
899 2493 1818 2506 ..................
1896 2458 1978 2507 lib.
2050 2475 2112 2506 xx

410 2555 495 2603 pro
518 2542 575 2587 D.
599 2539 967 2589 vicecamerario
977 2575 1823 2589 .................
1892 2540 1974 2588 lib.
2077 2557 2110 2588 x

406 2639 492 2686 pro
515 2623 809 2670 thesaurario
853 2659 1823 2673 ...................
1884 2622 1967 2670 lib.
2078 2640 2108 2671 x

409 2721 494 2768 pro
508 2705 719 2768 quolibet
735 2706 908 2754 clerico
924 2699 1112 2754 camere
1129 2722 1333 2769 quorum
1346 2710 1530 2770 septem
1541 2709 1667 2765 sunt,
1686 2706 1720 2753 l.
1735 2721 1818 2753 v111
1884 2705 1970 2753 lib.
2028 2721 2107 2754 Lvl

407 2804 494 2851 pro
519 2788 733 2836 auditore
762 2804 951 2837 camere
962 2824 1809 2838 .................
1880 2789 1963 2837 lib.
2024 2805 2106 2838 vm

387 2870 915 2933 *proadvocatofiscali
962 2908 971 2917 .
1015 2911 1024 2919 .
1069 2910 1078 2918 .
1122 2910 1130 2920 .
1176 2911 1184 2920 .
1231 2910 1239 2919 .
1285 2911 1294 2920 .
1337 2908 1347 2921 .
1390 2908 1402 2920 .
1442 2863 1453 2921 .’
1488 2910 1498 2921 .
1535 2907 1548 2921 .
1584 2911 1593 2922 .
1633 2911 1642 2920 .
1687 2912 1695 2921 .
1742 2912 1751 2921 .
1795 2908 1805 2919 .
1874 2872 1958 2920 lib.
2063 2888 2106 2919 ιν

408 2969 494 3017 pro
515 2958 824 3017 procuratore
853 2954 1000 3002 fiscali
1047 2988 1806 3003 ...............
1873 2953 1955 3001 lib.
2060 2969 2105 3000 1v

409 3054 495 3100 pro
517 3038 745 3087 advocato
770 3055 1035 3102 pauperum
1064 3074 1807 3087 ...............
1874 3036 1957 3084 lib.
2062 3052 2104 3082 ιν

409 3137 494 3184 pro
516 3121 729 3184 quolibet
747 3121 931 3169 notario
947 3137 1136 3170 camere
1157 3137 1362 3184 quorum
1381 3137 1427 3168 lx
1448 3109 1573 3179 sunt,
1596 3121 1678 3168 lib.
1705 3136 1757 3167 111
1799 3157 1809 3168 .
1878 3118 2103 3166 lib.xxvu

406 3218 493 3265 pro
513 3203 723 3266 quolibet
745 3203 919 3252 clerico
939 3204 1109 3267 collegi
1126 3219 1328 3266 quorum
1350 3203 1442 3249 duo
1472 3206 1597 3261 sunt,
1617 3202 1700 3250 lib.
1718 3218 1762 3250 vx
1804 3239 1813 3249 .
1884 3201 1966 3248 lib.
2036 3215 2102 3247 x11

1877 3331 1959 3379 lib.
2016 3345 2104 3377 CLV

410 3415 465 3460 Et
480 3430 647 3463 omnes
665 3416 861 3464 candele
879 3416 1157 3479 hujusmodi
1178 3415 1353 3464 debent
1371 3431 1476 3463 esse
1494 3432 1551 3463 ex
1573 3415 1664 3463 illis
1685 3431 1775 3478 que
1791 3430 1877 3477 per
1894 3415 2097 3460 RRmos.
