2262 3958
889 274 1176 313 APPENDICE.
1853 283 1924 318 545

136 372 368 415 discedens
388 374 522 426 paulo
537 377 640 416 ante
659 375 874 428 genitoris
899 387 1131 418 excessum
1155 378 1385 430 splendida
1408 390 1568 433 pompa
1591 381 1747 422 urbem
1767 383 1922 424 introi-

135 439 200 480 uit
215 437 469 492 pontificem
489 452 665 493 quoque
701 441 754 482 de
787 453 909 483 more
942 447 1180 485 veneratus
1213 447 1295 494 est,
1328 446 1466 498 patris
1498 449 1648 487 autem
1669 448 1793 489 obitu
1810 460 1921 490 nun-

132 505 245 548 ciato
263 505 439 557 legatus
464 505 518 548 de
533 506 671 548 latere
698 507 947 550 declaratus
971 509 1221 551 florentiani
1253 511 1410 552 urbem
1440 512 1635 554 inclitam
1656 514 1842 556 reuisit:
1864 516 1920 557 ad

131 571 508 624 aoehiepiscopum
535 584 639 615 vero
668 573 1043 627 burdegalensem
1072 579 1116 616 et
1146 576 1405 629 Magistrum
1432 578 1573 619 Rhodi
1600 580 1767 620 curiam
1796 584 1919 622 extra

133 636 348 691 degentes
373 639 499 680 rubei
514 639 654 692 galeri
670 651 750 691 per
769 639 991 691 pontificio
1008 641 1193 682 nuncios
1214 641 1421 683 destinati
1439 647 1557 692 sunt,
1584 645 1703 696 quod
1722 646 1919 687 cardina·

133 703 251 746 latus
270 704 447 758 insigne
466 708 618 757 petrus
639 705 899 746 daubusson
924 706 970 746 in
999 706 1082 747 ede
1104 706 1197 748 diui
1219 707 1422 749 Iohannis
1450 709 1590 750 Rhodi
1614 712 1918 762 apostolorum

134 770 249 810 Petri
287 772 331 810 et
358 770 480 811 Pauli
514 771 781 812 celebritatis
818 771 972 822 pridie.
1017 772 1084 812 Kl.
1115 771 1245 813 iulias
1277 773 1438 826 grandi
1477 786 1639 827 pompa
1668 776 1918 819 iuramento

135 835 265 877 solito
279 835 464 878 adactus
475 837 660 889 excepit,
675 836 825 878 habite
839 836 1019 888 quidem
1035 840 1138 878 sunt
1155 838 1376 879 orationes
1392 842 1435 880 et
1451 840 1627 894 legatus
1646 841 1700 882 de
1715 842 1852 883 latere
1871 844 1916 883 in

134 901 304 942 oriente
316 912 398 954 per
415 901 668 954 pontificem
691 904 758 943 est
778 901 1055 955 designatus,
1075 903 1154 944 sed
1175 903 1230 944 de
1247 904 1316 945 his
1336 905 1526 957 amplius
1547 917 1637 947 non
1656 906 1916 950 disserimus

132 967 256 1010 fuere
271 978 363 1010 non
396 969 526 1021 pauci
553 967 631 1020 qui
661 967 863 1021 magistri
895 969 1169 1010 euectionem
1197 980 1312 1023 equo
1344 981 1435 1019 non
1466 971 1607 1013 tulere
1634 973 1798 1024 animo,
1830 985 1921 1015 non

132 1032 242 1074 nulli
261 1035 412 1075 tamen
427 1033 542 1074 hanc
561 1033 826 1085 probauere.
859 1033 1120 1076 Guillelmus
1142 1046 1321 1088 quoque
1340 1037 1555 1078 Caonrsin
1570 1037 1626 1079 ob
1644 1038 1688 1079 id
1710 1050 1800 1080 non
1816 1051 1920 1092 pau·

129 1109 281 1141 corum
309 1098 558 1140 simultates
594 1099 679 1140 sibi
719 1102 1007 1152 comparauit.
1041 1103 1173 1142 Missa
1209 1101 1290 1142 hec
1321 1101 1549 1153 faciamus,
1586 1114 1669 1144 nec
1700 1103 1920 1145 intremus

129 1162 313 1206 hu1'usce
339 1163 545 1207 laberinti
572 1165 908 1217 inexplicabiles
950 1167 1129 1219 quidem
1160 1178 1319 1218 nexus,
1341 1168 1579 1209 redeamus
1607 1168 1663 1209 ad
1694 1169 1918 1222 inceptum

131 1231 328 1284 Zyzymy
345 1242 650 1285 progressum.
675 1231 972 1274 cardinalium
998 1233 1193 1286 profecto
1219 1234 1578 1287 promulgatione
1604 1238 1780 1287 peracta
1804 1247 1919 1287 pon-

129 1294 260 1339 tificis
297 1297 426 1338 iussu
462 1297 697 1350 episcopus
735 1296 994 1339 albanensis
1033 1298 1266 1341 cardinalis
1302 1298 1644 1352 Andegauensis
1682 1302 1746 1342 Jo.
1782 1300 1918 1341 Balue

130 1363 338 1416 equitana
355 1363 495 1406 Gallia
515 1366 648 1404 natus
668 1364 898 1405 consencie
916 1364 1152 1417 episcopus
1169 1365 1371 1406 nicolaus
1393 1366 1490 1406 cibo
1511 1377 1566 1407 ex
1579 1364 1743 1407 familia
1759 1366 1918 1406 husar-

130 1429 288 1472 dorum
309 1429 367 1472 ad
395 1428 623 1483 ponteficis
643 1432 825 1483 gentem
850 1430 1014 1471 accitus
1045 1430 1379 1484 franciscusque
1409 1432 1506 1473 cibo
1530 1431 1750 1484 pontificis
1783 1435 1916 1473 natus

128 1506 263 1549 quem
281 1507 397 1549 papa
417 1495 633 1549 (nondum
654 1496 790 1537 sacris
811 1495 1011 1538 initiatus
1033 1496 1112 1538 sed
1133 1498 1283 1538 seculo
1298 1497 1440 1539 adhuc
1452 1498 1666 1548 militans)
1679 1499 1850 1552 genuit.
1875 1500 1916 1539 Is

129 1561 296 1615 quippe
309 1561 519 1612 laurentii
536 1561 717 1603 medicis
751 1565 903 1604 natam
932 1574 1118 1604 uxorem
1146 1563 1286 1614 duxit,
1318 1567 1495 1605 centum
1529 1564 1751 1617 equilibus
1786 1564 1916 1606 claris

129 1627 351 1681 simulque
371 1627 539 1670 ornatis
566 1627 702 1669 armis
733 1630 928 1682 Zyzymy
960 1629 1140 1670 obuiam
1171 1629 1417 1682 procedunt
1447 1631 1525 1671 ubi
1557 1641 1658 1671 sese
1678 1641 1919 1682 conspexe-

127 1697 234 1736 runt
251 1693 475 1747 principes
494 1696 651 1735 mutuo
672 1694 882 1747 amplexu
913 1706 1013 1736 sese
1049 1696 1374 1738 consultauere.
1411 1696 1580 1738 Deinde
1599 1697 1683 1738 iter
1702 1695 1916 1737 facientes

129 1761 187 1803 ad
206 1759 518 1803 duodecimum
549 1759 744 1812 lapidem
778 1761 938 1802 urbem
980 1762 1109 1803 tertio
1141 1761 1242 1803 idus
1271 1762 1459 1804 marcias
1494 1763 1814 1815 propinquant,
1837 1761 1915 1802 ubi

127 1824 349 1880 pontificis
367 1825 497 1868 iussu
515 1825 678 1867 obuius
695 1829 762 1868 est
795 1826 1040 1868 dominicus
1067 1827 1220 1869 dauria
1251 1828 1399 1880 equite
1420 1827 1644 1880 pontificio
1666 1828 1914 1869 succinctus

127 1893 204 1947 qui
220 1895 416 1948 Zyzymy
435 1892 679 1946 principem
699 1904 750 1934 ac
768 1896 942 1945 portam
962 1894 1109 1946 apiam
1143 1895 1245 1948 (qua
1264 1895 1322 1936 ad
1343 1894 1435 1935 diui
1456 1893 1702 1935 Sebastiani
1719 1893 1914 1934 martiris

127 1955 256 2003 edem
286 1958 389 2013 itur)
411 1958 632 2012 perduxit,
666 1958 754 2000 illic
779 1970 937 2011 parum
970 1960 1225 2012 persistenti
1258 1963 1438 2002 senator
1465 1960 1685 2013 equestris
1725 1959 1911 2009 ordinis,

126 2025 322 2068 romanis
351 2023 585 2066 comitatus
619 2035 667 2065 se
687 2024 827 2065 offert.
866 2025 1058 2067 Grandia
1089 2026 1222 2067 verba
1255 2029 1323 2067 est
1354 2026 1591 2079 pollicitus,
1627 2025 1912 2079 postmodum

127 2089 460 2144 archiepiscopi,
494 2090 690 2142 episcopi
731 2090 1052 2142 prothonotarii
1081 2094 1125 2132 et
1156 2092 1342 2133 abbates
1376 2104 1429 2134 ex
1450 2104 1573 2134 more
1593 2092 1757 2145 galeris
1779 2092 1912 2133 deco-

126 2158 211 2200 rati
238 2156 478 2206 aduenere,
511 2156 735 2210 longaque
769 2157 883 2198 serie
909 2157 1130 2209 pontificis
1164 2160 1208 2199 et
1236 2158 1525 2200 cardinalium
1555 2158 1719 2200 familie
1754 2158 1913 2198 subse-

126 2224 326 2277 quuntur
358 2233 446 2276 que
483 2232 564 2276 pro
601 2221 747 2275 gradu
782 2233 833 2264 ac
868 2223 1022 2264 ordine
1065 2224 1399 2265 mahumeteum
1434 2224 1678 2277 principem
1715 2225 1911 2276 Zyzymy

127 2289 431 2332 consultantes
464 2289 692 2340 accedunt,
739 2291 896 2341 postea
934 2290 1054 2343 regis
1090 2290 1240 2339 sicilie,
1272 2295 1548 2340 venetorum,
1572 2289 1909 2331 florentinorum

126 2355 387 2398 senencium
401 2354 552 2409 legati,
581 2356 657 2408 qui
673 2355 823 2397 buccis
853 2355 1018 2397 inflatis
1041 2356 1277 2411 magnifica
1307 2357 1470 2399 dedere
1501 2357 1653 2407 verba,
1684 2359 1908 2408 postremo

126 2422 328 2476 sequitur
345 2421 391 2463 in
406 2432 591 2463 numera
612 2422 866 2463 mortalium
883 2421 1146 2475 frequentia,
1165 2434 1410 2475 pomposus
1431 2423 1611 2476 quidem
1630 2423 1821 2463 multum
1842 2422 1910 2462 in—

123 2488 282 2531 troitus
313 2487 388 2530 ille
410 2486 550 2529 fuisse
579 2487 732 2538 fertur,
755 2487 1125 2530 cherimoniarum
1151 2500 1255 2532 vero
1275 2490 1490 2543 magister
1512 2488 1778 2542 procedendi
1798 2487 1911 2530 ordi-

121 2566 226 2597 nem
240 2553 407 2605 indicit,
427 2553 598 2606 preiere
617 2553 729 2595 iussi
762 2554 949 2603 romani,
989 2557 1031 2596 et
1050 2555 1133 2596 hos
1152 2560 1402 2610 sequuntur
1419 2555 1711 2598 cardinalium
1742 2554 1908 2596 familie

123 2619 338 2674 sagittarii
358 2619 518 2662 armati
535 2620 708 2672 equites
745 2619 1013 2674 demumque
1041 2625 1240 2664 oratores
1269 2625 1312 2664 et
1342 2622 1498 2664 Rhodii
1515 2622 1679 2663 milites
1702 2621 1907 2674 insigniis

123 2683 375 2738 splendidi:
399 2686 580 2725 senator
622 2683 747 2725 urbis
780 2685 1145 2730 othumannidem
1188 2691 1383 2743 Zyzymy
1417 2689 1537 2730 haud
1571 2689 1720 2741 aliquo
1760 2687 1907 2728 medio

122 2750 235 2803 preit
267 2749 549 2791 dextrorsum
576 2749 743 2803 insigni
779 2760 894 2802 equo
922 2753 1059 2805 guido
1089 2755 1208 2806 prior
1236 2755 1468 2808 splendide
1499 2757 1680 2796 ornatus
1715 2753 1902 2794 vehitur.

122 2816 436 2858 Sinistrorsum
468 2818 619 2856 autem
654 2815 845 2858 dominis
894 2818 948 2859 de
984 2820 1169 2862 Falcone
1208 2820 1461 2863 francorum
1496 2821 1616 2874 regis
1647 2820 1823 2873 legatus
1863 2821 1907 2858 et

122 2882 366 2935 franciscus
386 2882 491 2924 Cibo
513 2882 718 2934 superbis
742 2882 988 2926 insidentes
1023 2886 1149 2938 equis
1183 2886 1464 2940 gradiuntur.
1488 2889 1681 2939 Zyzymy
1702 2884 1906 2936 princeps

123 2947 367 3000 intrepidus
389 2947 755 2988 othumannidem
786 2947 1059 2991 ferocitatem
1077 2963 1154 3003 pre
1177 2963 1225 2993 se
1251 2952 1414 3002 ferens,
1433 2951 1599 3004 insigni
1619 2960 1734 3002 equo
1755 2948 1905 3002 (quem

123 3012 321 3066 pontifex
349 3011 613 3064 donauerat)
644 3015 796 3054 vectus
829 3015 1037 3056 cernitur.
1067 3017 1202 3059 Affuit
1223 3018 1505 3070 subsequens
1527 3027 1639 3069 pape
1668 3015 1834 3057 familia
1855 3017 1898 3055 et

123 3079 371 3122 dominicus
388 3078 549 3120 Dauria
569 3078 806 3120 satellitum
842 3079 1062 3132 prefectus
1094 3082 1177 3124 hac
1209 3084 1322 3125 serie
1347 3096 1356 3124 :
1380 3083 1438 3124 ad
1460 3082 1659 3135 equitum
1679 3074 1771 3122 fere
1792 3080 1904 3122 duo-

123 3146 264 3188 decim
277 3146 397 3187 milia
419 3145 766 3198 progrediuntur
782 3148 824 3186 et
842 3145 898 3187 ad
911 3145 1001 3187 diui
1019 3148 1131 3199 petri
1150 3149 1455 3200 apostolorum
1472 3146 1680 3200 principis
1698 3157 1902 3198 campum

121 3211 227 3253 flore
257 3214 539 3252 transeuntes
568 3211 798 3252 accedunt.
837 3212 989 3253 Stabat
1017 3215 1235 3254 attentum
1269 3214 1375 3256 vicis
1412 3213 1613 3265 compitis
1649 3212 1902 3253 mortalium

118 3289 263 3331 genus
294 3277 374 3319 viri
409 3280 611 3318 matrone
636 3277 912 3330 innupteque
942 3279 1089 3330 puelle
1119 3279 1177 3320 ad
1209 3271 1427 3320 fenestras
1461 3281 1504 3319 et
1531 3277 1763 3319 domorum
1788 3280 1898 3318 tecta

118 3355 328 3396 pompam
349 3342 710 3397 congratulantes
740 3344 1030 3396 conspiciunt.
1065 3345 1308 3387 cardinalis
1340 3356 1445 3386 vero
1466 3343 1805 3395 Andegauensis
1823 3343 1901 3384 ubi

119 3411 314 3463 Zyzymy
339 3408 396 3450 ad
422 3419 638 3461 passuum
671 3407 760 3451 duo
792 3409 911 3451 milia
944 3411 1101 3452 urbem
1136 3411 1418 3464 propinquat,
1441 3420 1604 3463 pompa
1635 3408 1840 3450 discessit
1857 3411 1900 3449 et

305 3505 339 3531 τ.
366 3505 390 3530 1.
1662 3491 1711 3528 35
