2262 3958
135 312 393 358 [Flevum-1485]
580 310 749 347 RERUM
782 308 1087 347 URBANARUM
1122 308 1473 348 COMMENTARII.
1854 315 1920 351 139

133 419 319 480 septem
341 413 420 463 alii
438 417 655 462 oratores
673 413 909 462 SereniSS.
929 413 1055 477 regis
1075 413 1273 462 Francie
1286 413 1347 461 ad
1360 413 1671 478 prestandam
1689 413 1918 464 obedien-

133 499 248 549 tiam
269 501 355 550 SS.
379 501 438 547 D.
463 501 518 547 N.
544 498 695 558 missi,
733 498 904 562 quibus
931 497 1109 545 familie
1141 499 1223 546 SS.
1247 500 1303 545 D.
1330 500 1385 547 N.
1412 514 1467 547 ac
1493 502 1784 548 RRmorum.
1813 502 1914 549 DD.

132 582 450 635 cardinalium
479 582 666 630 obviam
694 586 928 631 venerunt
957 585 1004 630 et
1031 596 1116 629 eos
1144 582 1443 631 associarunt
1469 599 1605 632 more
1628 583 1767 633 solito
1794 601 1804 633 ε
1832 585 1918 633 sed

134 670 182 716 et
203 669 368 716 RmuS.
392 669 449 716 D.
475 665 730 714 cardinalis
747 666 1106 729 Andegavensis
1127 666 1254 714 venit
1270 667 1590 730 personaliter
1608 683 1760 732 usque
1784 672 1919 717 extra

134 757 324 816 portam
346 751 613 816 predictam
636 749 793 809 Urbis,
817 748 896 797 ubi
927 752 1143 796 oratores
1174 749 1305 813 ipsos
1333 751 1617 814 expectavit,
1648 768 1702 799 ac
1732 752 1918 816 primus

134 837 215 900 qui
242 836 331 886 fuit
366 851 532 885 comes
560 833 751 892 Delfini,
788 832 970 897 recepit
1004 847 1140 880 more
1170 832 1310 882 solito
1339 849 1393 881 ac
1422 849 1449 881 a
1476 834 1655 882 dextris
1693 836 1914 899 ejusdem

135 921 327 969 comitis
347 918 573 983 equitavit
594 912 829 981 usquead
849 916 1048 965 domum
1071 933 1227 975 suam,
1250 916 1345 964 hoc
1369 918 1439 963 est
1464 916 1612 979 ipsius
1628 916 1887 964 cardinalis
1909 930 1918 971 3

133 1005 214 1054 alii
245 1020 330 1053 sex
365 1002 640 1067 equitarunt
680 1001 854 1066 singuli
892 1000 1020 1050 inter
1052 1001 1173 1050 duos
1210 1000 1419 1065 prelatos
1455 999 1643 1063 palatii,
1681 999 1758 1048 alii
1794 999 1920 1048 inter

90 1082 101 1093 ‘
129 1073 370 1153 prela-tum
389 1086 552 1151 palatii
579 1103 608 1135 a
634 1086 815 1135 dextris
846 1090 893 1135 et
922 1101 1073 1134 unum
1101 1101 1159 1134 ex
1185 1084 1324 1133 dictis
1350 1083 1620 1133 oratoribus
1642 1083 1690 1132 in
1719 1099 1922 1134 romana

132 1171 262 1221 curia
283 1170 605 1220 residentibus
628 1187 656 1219 a
674 1170 897 1218 sinistris.

195 1257 300 1305 Hoc
322 1255 490 1304 ordine
512 1255 787 1320 equitarunt
810 1271 959 1319 usque
980 1254 1039 1302 ad
1060 1254 1257 1302 domum
1271 1252 1527 1302 cardinalis
1540 1253 1919 1317 Andegavensis,

130 1340 211 1390 ubi
243 1341 476 1390 remansit
506 1340 761 1390 cardinalis
795 1356 904 1389 cum
932 1339 1112 1388 familia
1147 1355 1231 1387 sua
1270 1354 1354 1386 seu
1391 1337 1518 1385 illius
1557 1341 1711 1400 parte.
1747 1340 1920 1386 Comes

129 1441 244 1474 vero
281 1429 329 1474 et
361 1424 440 1474 alii
470 1441 555 1474 sex
587 1428 805 1474 oratores
834 1424 1005 1489 prefati
1034 1424 1259 1473 associati
1287 1423 1480 1473 fuerunt
1514 1424 1682 1472 ordine
1720 1422 1860 1471 solito
1895 1439 1921 1471 a

131 1508 326 1574 prelatis
347 1511 396 1558 et
409 1508 513 1557 aliis
525 1509 794 1558 oratoribus
814 1524 967 1572 usque
984 1508 1043 1556 ad
1057 1508 1258 1556 domum
1275 1525 1362 1573 pro
1378 1509 1676 1558 habitatione
1699 1508 1921 1573 ejusdem

130 1592 322 1642 comitis
341 1597 667 1658 preparatam,
691 1593 897 1658 positam
914 1608 1013 1640 non
1027 1592 1171 1657 longe
1187 1608 1214 1641 a
1229 1593 1460 1654 Minerva,
1478 1594 1577 1652 ubi,
1595 1593 1715 1642 actis
1733 1592 1916 1657 gratiis,

132 1682 439 1727 recesserunt
466 1693 600 1726 more
623 1681 856 1726 consueto
879 1680 1096 1726 oratores
1118 1677 1412 1742 hujusmodi.
1441 1677 1629 1727 Primus
1657 1677 1743 1726 suit
1765 1676 1923 1725 cardi-

134 1761 258 1810 nalis
283 1761 666 1825 Andegavensis,
697 1766 749 1809 ut
776 1761 1034 1826 prefertur3
1066 1761 1310 1809 secundus
1335 1777 1501 1811 comes
1530 1761 1722 1821 Delfini3
1755 1761 1924 1810 tertius

134 1846 190 1894 R.
217 1846 273 1894 D.
299 1845 556 1910 episcopus
586 1845 920 1904 Auraicensis;
956 1849 1154 1908 quartus
1184 1850 1229 1894 et
1253 1845 1468 1909 quintuS,
1499 1845 1924 1894 commendatores

134 1929 341 1979 duarum
374 1930 631 1979 domorum
665 1931 1004 1995 religiosarum
1046 1930 1226 1978 ordinis
1267 1930 1417 1979 sancti
1458 1930 1672 1989 Antonii,
1721 1930 1759 1977 si
1794 1934 1926 1978 recte

135 2013 359 2074 memini;
384 2017 548 2062 sextus
582 2018 629 2063 et
658 2014 890 2080 septimus
924 2015 1185 2064 consiliarii
1219 2016 1277 2070 de
1311 2015 1613 2079 parlamento
1647 2014 1921 2078 parisiensi,

131 2098 332 2146 octavus
353 2095 640 2146 secretarius
662 2097 790 2160 regis
813 2097 1031 2145 Francie.
1058 2100 1114 2146 Et
1138 2102 1252 2146 nota
1272 2098 1400 2161 quod
1422 2097 1677 2146 cardinalis
1698 2097 1924 2160 Andega-

106 2218 111 2219 κ
134 2181 293 2230 vensis
315 2196 375 2230 ex
394 2180 589 2246 propria
617 2181 928 2241 authoritate,
965 2185 1129 2245 preter
1161 2182 1334 2230 scitum
1374 2186 1422 2231 et
1449 2181 1806 2231 ordinationem
1834 2184 1919 2230 SS.

136 2268 194 2314 D.
236 2268 292 2314 N.
321 2270 372 2314 ut
394 2265 653 2330 prefertur,
689 2265 877 2314 obviam
898 2266 1025 2314 venit
1057 2266 1220 2314 comiti
1248 2266 1468 2331 prefato;
1500 2266 1559 2314 de
1594 2281 1690 2330 quo
1723 2266 1770 2313 in
1809 2281 1866 2315 eo
1896 2282 1921 2315 a

129 2342 495 2414 quampluribus
517 2365 615 2398 non
636 2349 879 2399 immerito
902 2350 1229 2414 reprehensus
1251 2350 1357 2398 suit.

195 2433 337 2482 Feria
354 2438 506 2494 sexta,
535 2438 587 2482 11
615 2434 730 2483 dicti
752 2435 934 2483 mensis
956 2434 1204 2492 februarii,
1228 2434 1277 2482 in
1305 2449 1447 2482 mane
1469 2438 1581 2483 ante
1607 2434 1781 2483 horam
1806 2450 1925 2483 con-

131 2517 328 2578 sistorii,
359 2533 525 2568 comes
558 2519 733 2568 Delflni
764 2535 876 2569 cum
907 2520 1011 2569 aliis
1040 2536 1098 2569 ex
1132 2520 1403 2569 oratoribus
1434 2519 1633 2584 collegis
1668 2520 1766 2567 suis
1797 2520 1927 2568 venit

133 2602 194 2652 ad
218 2602 418 2651 domum
446 2604 703 2653 cardinalis
738 2605 1118 2670 Andegavensis,
1150 2621 1259 2653 cum
1293 2620 1387 2668 quo
1410 2604 1685 2668 equitarunt
1713 2605 1772 2653 ad
1801 2605 1928 2670 pala-

133 2685 269 2747 tium,
302 2701 470 2735 comes
497 2704 525 2736 a
552 2688 755 2737 sinistris
783 2689 1039 2737 cardinalis
1062 2693 1106 2737 et
1128 2694 1238 2754 post
1267 2705 1350 2737 eos
1379 2688 1458 2737 alii
1484 2693 1702 2738 oratores
1726 2705 1813 2754 pro
1840 2705 1927 2737 suo

134 2770 323 2830 ordine,
363 2771 586 2820 associati
620 2789 647 2820 a
680 2773 875 2837 prelatis
913 2773 1276 2838 quampluribus
1316 2773 1447 2838 ipsos
1490 2773 1838 2821 honorantibus
1873 2789 1926 2821 ac

133 2855 313 2904 familia
335 2857 421 2904 SS.
449 2857 505 2904 D.
538 2858 593 2904 N.
621 2871 676 2904 ac
695 2857 890 2920 prelatis
913 2857 1092 2920 palatii,
1117 2858 1216 2922 qui,
1241 2858 1301 2906 ad
1324 2857 1691 2922 persuasionem
1711 2856 1927 2921 episcopi

121 2939 452 2988 ‘Tornacensis
472 2954 558 2988 seu
579 2938 738 3000 electi,
757 2941 1119 3004 possessionem
1139 2941 1356 2990 Ecclesie
1381 2958 1464 2990 sue
1487 2941 1730 2990 favoribus
1752 2940 1925 3004 hujus-

135 3023 265 3072 modi
287 3024 478 3088 assequi
500 3023 838 3083 desiderantis,
860 3028 1023 3089 preter
1042 3025 1447 3075 consuetudinem
1466 3042 1522 3074 ac
1536 3026 1687 3074 bonas
1708 3039 1926 3073 ceremo-
1994 3075 1997 3077 ,

136 3107 239 3154 nias
261 3107 320 3155 ad
347 3107 440 3156 hoc
466 3112 702 3156 venerunt
722 3125 731 3168 ;
766 3108 1125 3157 descenderunt
1146 3124 1204 3157 ex
1227 3109 1363 3172 equis
1386 3109 1433 3157 in
1455 3110 1632 3174 palatio
1656 3110 1702 3157 iu
1732 3125 1789 3157 eo
1816 3109 1926 3157 loco

135 3190 184 3238 in
206 3205 301 3254 quo
324 3191 591 3241 cardinales
619 3192 918 3242 descendere
949 3193 1122 3252 solent,
1150 3197 1196 3241 et
1218 3192 1312 3241 illic
1336 3209 1395 3242 eo
1421 3194 1588 3242 ordine
1618 3198 1663 3241 et
1688 3193 1848 3252 simili,
1874 3199 1926 3241 ut

135 3278 388 3332 venerunt,
413 3275 735 3324 ascendentes
754 3276 813 3324 ad
834 3277 1040 3341 primam
1062 3278 1301 3341 majorem
1328 3277 1485 3325 aulam
1503 3277 1665 3341 palatii
1689 3282 1735 3326 et
1757 3278 1817 3325 ab
1836 3278 1928 3326 alia

139 3362 273 3422 parte
299 3358 671 3418 descendentes,
707 3365 938 3409 venerunt
966 3362 1025 3410 ad
1054 3361 1212 3409 aulam
1248 3376 1570 3420 camerarum,
1608 3361 1704 3410 sive
1733 3377 1926 3411 camere

141 3442 430 3506 apostolice,
462 3443 509 3489 in
541 3458 659 3506 qua,
695 3443 905 3493 dimissis
933 3445 1025 3492 illis
1057 3450 1243 3509 septem
1274 3444 1546 3493 oratoribus
1580 3445 1779 3510 collegis
1801 3446 1922 3500 suis,
