2262 3958
146 296 471 341 [Novembre1486]
600 296 772 335 RERUM
803 297 1108 337 URBANARUM
1141 297 1496 337 COMMENTARH.
1869 296 1933 331 221

144 398 319 449 ciavit:
347 418 371 444 «
393 400 478 447 SS.
506 400 564 446 D.
590 401 646 447 N.
678 399 843 448 volens
873 402 1064 451 obviare
1098 401 1383 451 tumultibus
1409 403 1457 449 et
1487 397 1727 448 scandalis
1749 397 1867 446 alias
1888 396 1938 444 in

146 482 452 548 expeditione
497 481 764 546 primarum
803 485 1067 549 gratiarum
1111 485 1522 551 expectativarum
1573 480 1847 531 commissis
1884 495 1940 528 ac

145 565 525 615 cavillationibus
544 582 638 630 que
656 567 772 617 alias
789 568 838 616 in
851 570 1194 633 prosecutione
1210 569 1459 619 literarum
1477 568 1526 616 in
1540 565 1636 615 vim
1651 565 1935 615 earumdem

147 647 411 713 gratiarum
453 650 839 713 provenientium
889 657 1170 713 evenerunt,
1220 651 1465 701 commisit
1502 651 1622 699 mihi
1669 650 1768 700 vive
1810 649 1941 699 vocis

147 731 343 782 oraculo
367 732 496 797 quod
523 749 692 784 omnes
720 739 769 783 et
797 734 971 799 singuli
1001 751 1260 798 processus
1290 751 1436 800 super
1463 735 1691 783 omnibus
1715 738 1942 799 expecta-

147 815 252 865 tivis
274 816 406 866 Ostie
435 817 687 882 expeditis,
713 817 795 882 qui
826 818 875 865 in
908 818 1126 867 sacristia
1154 818 1291 866 istius
1323 818 1508 882 capelle
1531 822 1660 875 sunt,
1689 819 1942 882 (majorem

144 899 338 950 ibidem
371 900 607 965 capellam
639 915 786 949 manu
826 901 1204 968 demonstranS‚)
1230 901 1428 966 repositi
1457 908 1703 962 maneant,
1735 907 1833 951 tam
1855 919 1942 967 pro

147 983 426 1034 absentibus
453 1000 600 1048 quam
634 1000 722 1049 pro
752 985 1059 1049 presentibus
1087 986 1398 1036 decernendo
1433 990 1481 1035 et
1514 1002 1747 1036 censuras
1783 985 1941 1034 fulmi-

147 1067 331 1127 nand03
355 1071 401 1117 et
419 1067 485 1116 ita
505 1068 564 1118 de
586 1068 815 1118 mandato
838 1070 1114 1119 Sanctitatis
1142 1086 1227 1119 sue
1250 1071 1464 1119 decerno
1488 1074 1534 1119 et
1553 1070 1775 1119 fulmino.
1807 1070 1942 1119 Idem

148 1151 331 1202 faciunt
349 1167 520 1201 omnes
540 1152 610 1200 hii
626 1155 728 1202 Do,
754 1154 1031 1219 coepiscopi
1052 1155 1149 1203 mei
1170 1155 1250 1204 hic
1270 1158 1542 1220 presentes,

213 1235 359 1286 subet
389 1241 552 1286 autem
587 1239 636 1286 S.
670 1252 755 1286 sua
801 1253 857 1286 ac
899 1239 1118 1288 decernit
1155 1243 1202 1289 et
1238 1239 1428 1288 ordinat
1461 1239 1590 1303 quod
1627 1239 1944 1289 nihilominus

151 1336 322 1372 omnes
340 1325 389 1370 et
409 1321 586 1387 singuli
601 1323 790 1387 judices
803 1323 852 1371 in
871 1323 1071 1388 singulis
1086 1323 1228 1372 bullis
1247 1328 1295 1372 et
1314 1323 1465 1372 literis
1485 1324 1750 1393 gratiarum
1770 1325 1944 1389 hujus-

152 1404 284 1454 modi
304 1405 521 1470 deputati
546 1407 734 1471 possint
761 1408 876 1457 dare
909 1423 1169 1472 processus
1199 1408 1248 1456 in
1272 1409 1430 1457 forma
1458 1409 1598 1457 solita
1619 1414 1667 1458 et
1688 1412 1939 1469 consueta,

154 1505 302 1553 super
335 1489 509 1539 iisdem
539 1489 711 1552 literis,
742 1492 830 1540 suh
865 1507 1033 1541 eorum
1068 1492 1343 1542 nominibus
1387 1497 1435 1541 et
1477 1493 1848 1557 cognominibus
1888 1510 1943 1541 ac

153 1572 360 1638 propriis
375 1572 544 1638 sigillis
565 1590 621 1623 ac
642 1574 864 1624 hodierni
886 1576 979 1625 diei
1001 1577 1129 1637 data,
1154 1577 1233 1641 qui
1248 1577 1455 1636 valeant,
1477 1593 1532 1627 ac
1554 1594 1696 1626 suum
1717 1577 1943 1626 effectum

154 1656 419 1706 sortiantur
435 1657 483 1705 in
515 1658 739 1708 omnibus
761 1675 817 1709 ac
838 1676 927 1725 per
947 1660 1110 1710 omnia
1131 1677 1189 1709 ac
1211 1660 1250 1709 si
1267 1676 1528 1725 processus
1551 1661 1834 1727 hujusmodi
1856 1678 1946 1726 per

154 1739 287 1805 ipsos
309 1740 408 1801 hic,
437 1741 530 1790 hac
557 1742 695 1804 hora,
728 1744 910 1793 decreti
936 1745 1224 1794 extitissent.
1254 1747 1411 1810 Super
1439 1745 1614 1809 quibus
1646 1746 1871 1794 omnibus
1897 1748 1945 1794 et

153 1823 354 1890 singulis
371 1825 527 1890 rogati
537 1830 652 1886 sunt
667 1841 838 1877 omnes
853 1833 902 1877 et
917 1828 1090 1892 singuli
1110 1828 1287 1877 notarii
1306 1828 1387 1877 hic
1405 1832 1677 1893 presentes,
1702 1829 1784 1894 qui
1797 1829 1945 1879 etiam

152 1907 435 1974 hujusmodi
476 1925 735 1974 processus
785 1912 1086 1962 subscribere
1131 1912 1320 1978 possint
1359 1918 1408 1962 et
1453 1913 1663 1963 debeant
1706 1929 1761 1962 ac
1809 1912 1849 1961 si
1882 1913 1943 1962 de

153 1992 353 2058 singulis
374 1993 652 2059 specialiter
678 1999 726 2045 et
747 2010 976 2061 expresse
1004 1996 1158 2061 rogati
1187 1996 1478 2045 extitissent.
1513 2016 1535 2040 »
1571 1999 1640 2045 De
1664 2012 1760 2060 quo
1783 1996 1941 2045 omnis

153 2076 408 2126 multitudo
429 2078 702 2129 acclamans
723 2096 734 2129 :
769 2080 885 2129 Viva
908 2081 1048 2145 Papa
1068 2080 1351 2140 Inmwnw,
1384 2080 1614 2131 satisfacti
1636 2084 1946 2130 recesserunt

153 2175 344 2213 omnes,

218 2246 439 2296 Debebat
454 2252 616 2298 tamen
636 2249 897 2299 multorum
915 2248 1100 2315 judicio
1121 2248 1341 2298 inhibere
1363 2249 1494 2314 quod
1520 2249 1680 2298 nullus
1700 2250 1872 2298 horam
1895 2249 1946 2299 iu

152 2328 431 2395 hujusmodi
451 2333 766 2397 processibus
796 2338 1081 2399 apponeret,
1113 2349 1174 2382 ne
1201 2333 1281 2383 ille
1315 2333 1397 2398 qui
1427 2334 1599 2383 horam
1639 2334 1946 2399 apposuisset

149 2415 478 2481 prejudicaret
512 2417 668 2478 alteri,
698 2418 748 2466 in
775 2419 914 2483 cujus
934 2434 1170 2484 processu
1191 2419 1312 2468 hora
1343 2434 1441 2467 non
1469 2424 1598 2468 esset
1629 2419 1865 2484 apposita.
1893 2423 1945 2468 ln

149 2498 243 2570 hac
273 2499 430 2565 prima
465 2502 771 2567 expeditione
800 2503 1089 2553 conclaviste
1119 2520 1219 2553 non
1243 2507 1508 2568 potuerunt
1534 2503 1717 2553 habere
1746 2520 1945 2553 suarum

151 2583 416 2647 gratiarum
437 2587 815 2652 expeditionem,
838 2588 953 2637 licet
974 2604 1118 2653 super
1139 2588 1234 2637 hoc
1262 2591 1530 2653 opportune
1564 2589 1746 2638 factum
1780 2594 1828 2638 et
1858 2589 1946 2638 im-

149 2671 356 2731 portune
377 2669 522 2719 fuerit
546 2671 873 2721 sollicitatum.

219 2753 360 2803 Feria
403 2758 555 2815 sexta,
594 2759 652 2805 10
682 2756 864 2806 mensis
896 2757 1190 2818 novembriS‚
1225 2757 1355 2805 circa
1386 2756 1560 2805 horam
1591 2772 1679 2817 ΧΠ,
1719 2757 1941 2822 expedite

151 2837 346 2887 fuerunt
366 2853 454 2903 per
483 2855 728 2889 cameram
749 2841 902 2905 gratie
924 2841 1222 2906 expectative
1242 2857 1331 2906 pro
1353 2841 1674 2901 conclavistiS‚
1701 2845 1748 2890 et
1767 2841 1940 2891 eodem

153 2937 263 2971 sero
292 2921 560 2987 plumbate‚
585 2928 827 2989 reportate
850 2925 1045 2974 suerunt
1074 2925 1135 2974 ad
1160 2941 1405 2974 cameram
1433 2927 1491 2974 D.
1521 2925 1800 2990 Hieronymi
1838 2925 1943 2974 Bal-

152 3005 265 3055 bani
289 3007 375 3056 SS.
412 3009 470 3056 D.
495 3010 551 3056 Ν.
576 3024 699 3073 pape
730 3008 996 3069 secretarii,
1030 3008 1112 3073 qui
1134 3025 1216 3057 eas
1237 3008 1370 3058 dedit
1399 3008 1702 3058 conclavistis
1741 3008 1941 3073 singulis

51 3139 67 3159 a,
149 3104 239 3156 pro
276 3088 473 3140 decreto
512 3107 770 3157 processus
810 3092 1091 3142 obtinendo.
1139 3094 1196 3141 Et
1236 3092 1457 3157 sequenti
1498 3092 1575 3142 die
1614 3093 1812 3141 suerunt
1851 3091 1940 3140 sibi

150 3178 415 3239 neportate.

47 3267 50 3274 '
217 3258 358 3308 Feria
378 3259 606 3320 secunda,
648 3264 704 3311 13
737 3261 919 3311 mensis
941 3260 1240 3319 novembriS,
1261 3243 1458 3325 peracto
1479 3261 1700 3325 prandi0‚
1724 3263 1778 3308 R.
1808 3263 1859 3310 Ρ.
1880 3263 1936 3309 D.

146 3341 460 3391 Antoniottus
482 3344 740 3409 episcopus
761 3346 1010 3395 Auriensis
1040 3347 1124 3394 SS.
1152 3348 1209 3393 D.
1240 3346 1296 3393 N.
1331 3359 1454 3408 pape
1483 3343 1696 3392 datarius
1722 3344 1852 3392 misit
1881 3346 1941 3393 ad

152 3425 412 3492 registrum
435 3443 606 3478 omnes
637 3430 821 3479 rotulos
842 3430 1250 3496 expectativarum
1278 3445 1367 3494 per
1397 3431 1565 3480 SS.'D.
1598 3431 1653 3477 N.
1678 3445 1852 3494 papam
1874 3429 1939 3478 si·-
