2262 3958
328 316 396 350 294
937 308 1171 347 JOHANNIS
1199 308 1494 357 BURCHARDI,
1882 314 1985 356 [Mars
2007 313 2098 359 1488}

331 415 524 473 amictu,
547 414 671 472 alba,
696 413 906 475 cingulo,
932 411 1069 471 stola,
1094 410 1284 474 pluviali
1307 414 1353 458 et
1376 410 1519 459 mitra
1542 413 1782 475 pretiosiS‚
1808 415 2013 464 accessit
2042 415 2101 464 de

326 497 453 545 lecto
470 496 732 560 paramenti
756 495 815 542 ad
835 510 1030 557 parvam
1045 509 1263 542 mensam
1284 509 1433 557 prope
1455 493 1573 542 illud
1591 501 1823 558 paratam,
1848 498 1927 547 ubi
1949 502 2099 559 stans,

330 579 546 642 deposita
569 577 726 637 mitra,
758 577 1001 625 benedixit
1033 593 1192 626 rosam
1227 592 1368 640 supra
1399 592 1618 627 mensam
1649 583 1856 630 stantem
1879 586 2021 645 prout
2053 583 2102 631 in

331 662 571 710 ordinario
597 678 606 709 :
633 676 727 723 qua
746 660 1016 718 benedicta,
1053 675 1161 708 cum
1198 675 1420 708 muscum
1442 665 1489 709 et
1509 661 1777 710 balsamum
1805 670 2100 728 supponeret

333 748 495 793 RmuS.
516 747 571 792 D.
591 744 844 792 cardinalis
866 743 1110 803 SenensiS‚
1126 742 1309 807 primus
1331 743 1560 792 assistens
1585 744 1735 793 tenuit
1755 760 1915 794 rosam
1936 747 2103 807 dextra

333 844 478 876 manu
500 842 663 875 coram
686 829 815 890 Papa
834 842 978 890 quam
996 826 1168 874 deinde
1186 825 1287 889 ipse
1310 830 1438 890 Papa
1457 826 1659 890 portavit
1676 843 1819 876 manu
1841 828 2102 879 sinistraad

329 911 562 975 capellam
589 925 832 974 magnam,
859 913 906 958 et
933 914 1041 973 post
1063 909 1258 958 missam
1286 910 1345 959 de
1373 910 1542 958 eadem
1564 910 1747 974 capella
1767 911 2022 975 reportavit
2041 911 2101 969 ad

329 995 504 1043 dictam
526 1009 787 1053 cameram,
802 993 882 1040 ubi
905 1008 1011 1041 eam
1038 993 1223 1056 accepit
1244 995 1300 1041 D.
1327 993 1649 1042 Bernardinus
1671 997 1885 1043 secretus
1906 994 2102 1044 cubicu—

327 1078 472 1126 larius
494 1076 621 1125 etad
642 1080 879 1124 secretam
905 1091 1148 1124 cameram
1180 1076 1399 1140 portavit.
1430 1076 1625 1124 Missam
1659 1077 1913 1126 celebravit
1938 1081 2099 1128 Rmus.

331 1146 651 1224 Hieronymus
674 1158 928 1206 cardinalis
955 1158 1332 1207 Rechanatensis
1366 1159 1446 1222 qui
1480 1158 1597 1207 dixit
1619 1160 1829 1223 quinque
1859 1161 2101 1210 orationes

333 1248 378 1292 et
408 1247 517 1291 ante
548 1242 753 1306 primam
785 1242 1021 1290 Dominus
1055 1243 1304 1303 vobiscum,
1342 1258 1437 1292 non
1477 1245 1584 1293 Pax
1617 1245 1756 1293 vobiS.
1801 1244 1905 1293 Alia
1943 1244 2104 1294 omnia

332 1327 584 1374 observata
611 1329 721 1372 sunt
743 1339 877 1372 more
900 1328 1148 1373 consueto.

395 1410 540 1461 Venit
560 1410 706 1458 hodie
730 1409 790 1457 ad
810 1409 1043 1473 capellam
1064 1409 1257 1472 quidam
1271 1410 1422 1458 laicus
1440 1409 1781 1473 Neapolitanus
1802 1411 1964 1456 orator
1978 1408 2104 1472 regis

333 1493 530 1542 Francie
560 1493 863 1556 qui-nolebat
890 1496 1016 1541 stare
1045 1493 1131 1540 sub
1161 1493 1429 1542 oratoribus
1464 1493 1621 1557 [regis]
1653 1495 1995 1552 Romanorum,
2021 1491 2106 1540 sed

332 1577 469 1641 petiit
489 1592 576 1639 per
604 1592 681 1624 me
703 1591 731 1623 a
752 1577 835 1624 SS.
872 1577 928 1623 D.
949 1577 1006 1623 N.
1032 1575 1119 1623 sibi
1155 1576 1302 1624 alium
1336 1576 1498 1624 locum
1531 1576 1751 1635 dari‚·cui
1786 1576 1846 1624 de
1879 1575 2104 1625 mandato

336 1662 419 1708 SS.
447 1663 504 1708 D.
526 1661 581 1707 N.
607 1659 717 1707 dedi
743 1659 904 1707 locum
925 1659 974 1706 in
1004 1659 1216 1708 secundo
1238 1659 1385 1723 gradu
1413 1659 1518 1707 solii
1545 1675 1690 1723 supra
1715 1659 1940 1708 comitem
1979 1658 2106 1709 Alta-

335 1759 470 1791 mure
493 1743 646 1791 filium
666 1741 894 1805 principis
915 1742 1202 1805 Bissignani,
1227 1742 1306 1789 ubi
1328 1742 1458 1791 stetit
1477 1757 1564 1805 per
1585 1742 1711 1790 hanc
1738 1741 1953 1790 missam.

402 1826 671 1884 Dominica,
698 1828 756 1873 23
784 1824 963 1884 martii,
987 1824 1148 1888 quinta
1181 1826 1544 1888 quadragesime
1578 1841 1672 1889 que
1705 1827 1762 1874 de
1785 1826 2008 1890 passione
2033 1825 2106 1874 di-

339 1909 476 1968 citur,
521 1911 604 1957 SS.
630 1911 684 1956 D.
716 1911 771 1957 N.
797 1913 992 1972 paratus
1027 1923 1163 1956 more
1193 1907 1332 1956 solito
1359 1908 1488 1956 venit
1515 1908 1575 1956 ad
1607 1908 1842 1972 capellam
1868 1908 2105 1972 majorem

335 1994 385 2041 in
411 2009 522 2055 qua,
549 2008 606 2041 eo
635 1996 682 2040 et
708 1984 1028 2040 cardinalibus
1050 1991 1369 2055 presentibus,
1395 1991 1652 2040 celebravit
1671 1991 1870 2040 missam
1891 1993 1948 2040 R.
1967 1993 2019 2040 P.
2045 1993 2100 2040 D.

333 2076 584 2124 Ardicinus
606 2075 729 2124 della
751 2078 892 2123 Porta
911 2075 1166 2138 episcopus
1184 2074 1462 2133 AleriensiS,
1481 2074 1711 2123 assistens
1734 2077 1879 2138 Pape,
1896 2073 1975 2137 qui
1990 2073 2105 2123 dixit

337 2163 434 2208 tres
466 2158 707 2207 orationes
730 2162 778 2206 et
798 2158 908 2217 alia,
932 2162 982 2206 ut
1003 2158 1149 2206 moris
1174 2160 1262 2205 est.
1290 2158 1575 2205 Sermonem
1602 2156 1715 2206 fecit
1741 2156 1936 2220 quidam
1961 2155 2107 2205 frater

338 2241 536 2300 ordinis,
563 2256 808 2289 servorum
826 2241 965 2289 beate
981 2241 1145 2289 Marie.

405 2323 542 2372 Feria
560 2323 718 2381 tertia,
738 2326 796 2371 25
813 2323 993 2371 mensis
1010 2322 1182 2382 martii,
1198 2322 1371 2371 festum
1388 2321 1784 2371 Annunciationis
1802 2323 1942 2372 beate
1956 2322 2104 2371 Mat-ie

338 2404 555 2468 virginiS‚
584 2406 666 2452 SS.
702 2407 758 2452 D.
791 2407 846 2453 N.
875 2405 923 2452 in
945 2421 1086 2453 mane
1119 2405 1311 2453 indutus
1340 2405 1534 2464 amictu,
1572 2405 1695 2464 alba,
1730 2404 1938 2468 cingulo,
1963 2404 2102 2464 stola,

339 2487 446 2535 alba
459 2486 669 2550 pretiosa
683 2491 729 2534 et
751 2487 1016 2550 capuccino
1035 2488 1160 2547 albo,
1185 2487 1477 2551 precedente
1498 2487 1656 2550 ipsum
1678 2503 1820 2535 cruce
1843 2491 1890 2535 et
1905 2493 2109 2550 sequen-

341 2569 465 2617 tibus
503 2568 818 2627 cardinalibus
856 2568 1095 2632 episcopis
1136 2568 1485 2627 assistentibus,
1528 2568 1722 2632 prelatis
1753 2568 2022 2617 oratoribus
2059 2573 2108 2616 et

339 2652 441 2701 aliis
463 2651 675 2715 prelatis,
701 2650 925 2714 equitavit
952 2651 1011 2698 ad
1040 2651 1302 2699 s.·Mariam
1337 2666 1480 2713 supra
1508 2650 1792 2710 Minervam,
1832 2651 1912 2699 ubi
1944 2666 2108 2700 coram

329 2736 477 2787 ‚altari
502 2735 784 2798 genuflexus
807 2734 853 2782 in
877 2734 1141 2783 faldistorio
1170 2733 1336 2792 oravit,
1362 2737 1463 2781 tum
1481 2732 1695 2798 [surrexit
1716 2737 1762 2782 et
1783 2734 2002 2798 deposito
2024 2733 2113 2784 sibi

343 2818 623 2882 capuccinO,
648 2820 834 2866 retenta
857 2817 995 2876 stola,
1021 2816 1204 2880 accepit
1233 2815 1433 2879 pluviale
1461 2815 1621 2863 album
1647 2816 1912 2879 pretiosum
1934 2821 1982 2866 et
2001 2817 2115 2867 fecit

343 2900 699 2949 confessionem
721 2915 832 2948 cum
854 2899 1130 2948 celebrante
1148 2913 1282 2947 more
1305 2888 1552 2947 consueto.
1570 2901 1798 2948 Cantores
1822 2904 1950 2949 retro
1966 2899 2113 2951 altare

345 2988 525 3032 stantes
550 2984 773 3032 dixerunt.
786 2983 1052 3042 introitum,
1075 2981 1342 3031 cardinales
1364 2979 1536 3029 deinde
1559 2981 1778 3030 fecerunt
1799 2981 2112 3031 reverentiam

345 3070 471 3129 Pape
490 3067 538 3114 in
560 3066 679 3114 solio
696 3065 881 3114 sedenti
901 3081 910 3125 ;
935 3068 989 3114 R.
1013 3068 1065 3113 P.
1083 3067 1139 3112 D.
1163 3063 1433 3127 Stephanus
1452 3063 1845 3128 archiepiscopus
1861 3067 2116 3113 Patracen-

346 3150 408 3196 sis
429 3149 682 3197 celebravit
702 3149 916 3197 missam.
946 3147 1070 3196 Dixit
1089 3146 1248 3195 Gloria
1270 3146 1319 3193 in
1339 3146 1547 3205 excelsis,
1567 3146 1680 3194 Paoe
1703 3148 1847 3206 υοόἱε,
1876 3147 2044 3216 Credo,
2070 3150 2116 3196 et

346 3232 438 3279 alia
457 3246 592 3279 more
617 3235 866 3291 consueto,
895 3235 942 3279 et
966 3246 1062 3279 non
1079 3230 1361 3301 fuitsermo.
1392 3228 1573 3277 Solium
1591 3232 1716 3294 Pape
1731 3229 1817 3278 fuit
1837 3229 2111 3279 ordinatum

347 3314 396 3359 in
421 3330 567 3361 cornu
596 3314 825 3378 evangelii
857 3314 1016 3362 altaris
1045 3313 1179 3376 quasi
1210 3312 1259 3360 in
1288 3311 1510 3376 opposito
1543 3312 1692 3375 ipsius
1720 3329 1887 3362 cornu.
1910 3313 1982 3360 Ad
2008 3312 2113 3375 ejus

351 3396 587 3444 sinistram
606 3401 770 3460 parate
793 3398 982 3446 fuerunt
1004 3397 1143 3445 sedes
1161 3411 1246 3462 pro
1262 3394 1498 3458 episcopis
1520 3398 1566 3442 et
1587 3395 1878 3459 presbyteris
1891 3394 2110 3443 cardina-
