2262 3958
389 329 458 365 430
957 370 961 372 .
987 325 1217 363 ,IOHANNIS
1250 326 1541 373 BURCHARDI,
1830 331 2039 375 [Novembre
2062 330 2154 379 149¹]

391 430 514 478 festo
542 447 580 478 S.
611 430 801 479 Martini
832 428 1062 493 episcopi.
1094 427 1361 476 Celebravit
1388 428 1585 476 missam
1611 430 1852 493 publicam
1880 436 1928 480 et
1954 432 2155 482 absolvit

388 517 499 576 post
528 529 635 562 eam
663 499 717 561 R.
749 513 798 560 in
826 512 1014 562 Christo
1042 514 1093 560 P.
1120 514 1176 559 D.
1207 514 1351 558 Josue
1385 511 1638 575 episcopus
1665 515 1944 564 Esculanus.
1977 515 2158 573 Quibus

389 595 561 642 diebus
589 595 911 643 interfuerunt
937 598 1131 642 centum
1160 597 1241 642 aut
1262 598 1456 642 centum
1478 598 1526 642 et
1547 593 1717 643 decem
1739 597 1931 647 circiter
1957 597 2154 659 funesti,

389 695 444 726 ac
465 679 624 729 nullus
645 678 856 742 prelatus
878 677 1111 726 interfuit.

456 762 596 810 Feria
629 766 779 820 sex-ta,
817 764 868 809 11
903 760 1194 820 novembris,
1218 760 1340 809 festo
1378 777 1416 808 S.
1449 760 1640 808 Martini
1671 760 1901 826 episcopi,
1933 762 2044 811 licet
2071 779 2159 827 per

390 843 614 892 cursores
636 845 908 893 intimatum
930 843 1097 892 fuisset
1123 859 1209 907 pro
1236 844 1356 891 hora
1380 843 1629 906 vigesima,
1659 846 1828 891 tamen
1849 847 1957 908 post
1981 843 2158 908 vigesi-

390 928 536 975 mami
573 932 792 991 quartam
824 932 1102 977 ntraverunt
1142 927 1320 975 Urbem
1358 942 1446 990 per
1479 931 1668 990 portam
1702 925 1946 986 Viridarii,
1989 927 2158 976 decem

390 1016 607 1060 oratores
629 1011 758 1075 regis
781 1012 998 1070 Francie,
1021 1010 1245 1059 videlicet
1273 1013 1328 1058 R.
1360 1012 1411 1057 P.
1438 1013 1493 1058 D.
1527 1009 1779 1073 episcopus
1802 1009 2158 1062 Lombariensis

389 1094 536 1141 abbas
568 1095 848 1142 monasterii
880 1111 918 1142 s.
950 1094 1151 1142 Dionisii
1180 1093 1482 1150 Parisiensis,
1518 1093 1754 1141 Antonius
1789 1093 1937 1141 abbas
1963 1109 2160 1142 monas-

390 1177 502 1224 terii
526 1193 564 1224 S.
589 1177 783 1225 Antonii
806 1177 864 1225 de
885 1177 1090 1235 Vienna,
1115 1179 1285 1225 Petrus
1305 1176 1437 1239 prior
1455 1175 1697 1235 Alvernie,
1724 1176 1920 1224 Carolus
1942 1175 2001 1224 de
2021 1177 2158 1226 Alto-

389 1259 537 1307 basce
560 1259 618 1307 de
639 1260 940 1322 parlamento
961 1259 1232 1323 parisiensi,
1258 1258 1547 1307 Benedictus
1573 1258 1726 1307 Adam
1749 1258 1807 1306 de
1835 1259 2154 1323 parlamento,

388 1342 623 1391 Antonius
654 1342 713 1389 de
745 1343 910 1390 Flores
950 1342 1316 1390 archidiaconus
1338 1341 1722 1401 Matisconensis,
1752 1342 1996 1390 Johannes
2025 1343 2157 1391 Bris-

392 1430 548 1485 sonet,
573 1428 596 1473 J
602 1425 817 1473 ohannes
839 1427 898 1474 de
921 1425 1149 1483 Candida,
1172 1428 1194 1473 J
1201 1425 1415 1473 ohannes
1444 1424 1502 1472 de
1525 1424 1731 1472 Lienans
1754 1423 1964 1475 decanus
1985 1425 2156 1481 Pison-

393 1510 520 1557 tinus
543 1514 590 1558 et
610 1510 889 1557 Guillelmus
911 1508 1120 1572 Bougier
1144 1508 1320 1572 regalis
1342 1507 1630 1556 secretarius
1652 1523 1761 1555 cum
1782 1508 2004 1571 personis
2025 1507 2155 1557 circa

391 1608 462 1652 CL,
489 1593 568 1655 qui
591 1608 618 1640 a
638 1592 830 1640 familiis
853 1594 937 1641 SS.
963 1596 1020 1640 D.
1046 1595 1101 1641 N.
1117 1608 1238 1656 pape
1252 1596 1299 1641 et
1311 1592 1627 1640 cardinalium
1644 1592 1694 1639 in
1707 1591 1831 1640 Urbe
1845 1591 2153 1644 existentium

390 1690 524 1722 more
548 1675 688 1724 solito
709 1675 892 1738 recepti
914 1675 1108 1724 fuerunt
1130 1680 1177 1724 et
1197 1691 1348 1738 usque
1377 1674 1437 1723 ad
1464 1674 1660 1722 domum
1689 1674 1747 1722 de
1778 1674 1952 1735 Flisco‚
1981 1674 2032 1722 in
2061 1691 2155 1738 qua

391 1757 573 1819 primus
617 1763 795 1817 orator,
837 1757 1061 1806 videlicet
1110 1758 1381 1821 episcopuS,
1421 1757 1655 1821 hospitari
1701 1756 1865 1816 voluit,
1909 1757 2151 1806 associati.

390 1841 588 1888 Familie
607 1841 862 1889 cardinalis
893 1858 931 1889 s.
966 1841 1094 1889 Petri
1126 1841 1186 1888 ad
1214 1841 1418 1890 Vincula
1447 1845 1494 1888 et
1525 1841 1850 1890 Beneventani
1881 1841 2155 1904 equitarunt

390 1923 531 1986 longe
554 1924 678 1972 ultra
703 1928 922 1972 montem
947 1924 1166 1983 Marium,
1200 1924 1279 1972 alii
1307 1923 1546 1992 usquead
1576 1923 1716 1972 solita
1739 1923 1860 1972 loca.
1888 1923 2195 1988 Episcopus*

389 2007 762 2066 Lombariensis,
805 2007 988 2070 primus
1028 2011 1206 2066 orator,
1258 2006 1485 2070 equitavit
1523 2006 1649 2054 inter
1687 2007 1996 2055 Franciscum
2035 2007 2152 2056 Cibo

387 2089 539 2136 fiHum
582 2092 728 2153 Pape,
762 2090 840 2153 qui
872 2090 940 2137 sic
969 2090 1135 2148 voluit,
1169 2106 1195 2137 a
1226 2090 1417 2137 dextris·
1446 2093 1493 2137 et
1533 2089 1906 2151 gubernatorem
1947 2089 2087 2138 Urbis
2123 2105 2153 2137 a

388 2172 617 2230 sinistris3
643 2173 789 2220 abhas
812 2189 849 2219 S.
874 2173 1068 2221 Antonii
1092 2172 1217 2238 <cum
1240 2188 1334 2236 quo
1354 2187 1497 2235 super
1507 2171 1820 2235 precedentia
1830 2172 2152 2221 contendebat

386 2254 519 2316 prior
544 2255 784 2315 Alvernie,
818 2272 904 2319 pro
945 2272 1002 2303 eo
1043 2256 1171 2319 quod
1210 2260 1257 2304 et
1295 2255 1397 2319 ipse
1428 2255 1560 2318 prior
1603 2255 1784 2304 fecerat
1829 2271 1879 2303 se
1918 2255 1969 2303 in
1999 2255 2152 2304 literis

388 2337 628 2399 regalibus
669 2338 758 2400 ipsi
799 2338 958 2386 abbati
998 2338 1216 2403 preponi)
1258 2329 1485 2401 equitavit
1524 2338 1649 2386 inter
1687 2337 1844 2401 ipsum
1882 2337 2094 2400 priorem
2124 2353 2152 2385 a

388 2419 567 2467 dextris
591 2425 637 2468 et
658 2421 1076 2484 archiepiscopum
1097 2422 1430 2468 Arelatensem
1462 2436 1489 2467 a
1517 2420 1747 2477 sinistris;
1772 2423 1968 2482 quartus
1990 2424 2152 2468 orator

386 2502 513 2549 inter
533 2503 740 2551 electum
762 2503 1041 2550 Thebanum
1065 2508 1112 2551 et
1133 2503 1528 2565 Andegavensem
1558 2517 1585 2548 a
1612 2501 1792 2549 dextris
1816 2505 1864 2549 et
1884 2501 2151 2564 archiepis-

387 2599 560 2647 copum
583 2585 1018 2643 Constantiensem‚
1039 2590 1280 2633 oratorem
1303 2584 1621 2647 imperialem,
1648 2578 1892 2631 asinistris
1908 2600 1918 2632 :
1935 2583 2146 2646 quintus,

386 2666 512 2714 inter
539 2667 954 2730 archiepiscopum
986 2668 1278 2730 Ragusinum
1312 2683 1340 2714 a
1369 2667 1549 2714 dextris
1580 2671 1626 2714 et
1657 2666 1936 2729 episcopum
1966 2668 2150 2714 Pacen-

387 2764 507 2807 sem,
533 2754 775 2811 oratorem
797 2750 924 2813 regis
953 2751 1197 2813 Hispanie,
1225 2766 1253 2797 a
1279 2750 1507 2806 sinistris3
1540 2753 1702 2796 sextus
1723 2748 1850 2796 inter
1870 2748 2147 2812 episcopum

385 2831 744 2879 Astoricensem
778 2849 806 2880 a
836 2833 1014 2880 dextris
1054 2838 1100 2881 et
1140 2838 1382 2881 oratorem
1415 2833 1543 2896 regis
1584 2831 1811 2894 Hispanie
1851 2846 1880 2878 a
1918 2817 2144 2888 sinistris;

387 2908 637 2970 septimus,
678 2909 804 2957 inter
843 2910 1121 2973 episcopum
1162 2912 1510 2958 Cortonensem
1549 2925 1577 2956 a
1615 2909 1795 2958 dextris
1826 2915 1874 2958 et
1905 2915 2145 2959 oratorem

384 2991 699 3039 Venetiarum
722 3008 748 3039 a
769 2992 1000 3049 sinistris3
1026 2998 1218 3040 octavus
1240 2993 1365 3040 inter
1392 2993 1670 3056 episcopum
1691 2993 2145 3042 Volaterranensem

385 3089 412 3120 a
433 3073 610 3121 dextris
633 3078 679 3122 et
703 3073 982 3136 episcopum
1004 3074 1380 3132 Terdonensem,
1406 3077 1649 3121 oratorem
1673 3073 1807 3121 ducis
1820 3074 2096 3133 Mediolani,
2119 3090 2147 3123 a

386 3156 588 3202 sinistris
614 3174 623 3203 :
648 3172 802 3203 nonus
820 3156 946 3204 inter
967 3157 1245 3220 episcopum
1268 3156 1571 3204 Serviensem
1587 3172 1614 3203 a
1635 3156 1813 3204 dextris
1835 3161 1882 3205 et
1903 3161 2147 3205 oratorem

387 3237 715 3299 Florentinum
737 3254 764 3285 a
785 3238 1007 3291 sinistris.
1043 3241 1139 3285 Hos
1167 3238 1491 3301 sequebantur
1517 3238 1596 3285 alii
1627 3238 1798 3301 prelati
1826 3236 1926 3286 bini
1955 3243 2004 3286 et
2022 3238 2140 3298 hini,

387 3319 559 3367 deinde
590 3320 869 3368 cubicularii
910 3325 957 3368 et
995 3321 1074 3368 alii
1113 3337 1248 3368 more
1289 3320 1456 3377 solito;
1499 3324 1546 3367 et
1585 3336 1694 3368 cum
1731 3320 1917 3369 ultimis
1946 3320 2143 3384 prelatis

383 3403 545 3466 palatii
569 3404 843 3466 equitarunt
865 3406 922 3451 D.
937 3405 1175 3452 Mattheus
1191 3403 1324 3462 Cibo,
1340 3402 1659 3451 subdiaconus
1671 3403 1977 3466 apostolicus,
1991 3418 2143 3466 nepos
