2262 3958
329 324 397 359 180
933 318 1165 355 JOHANNIS
1198 316 1491 363 BURCHARDI,
1752 369 1755 373 ¹
1877 320 1981 361 [Mars
2003 322 2093 363 1486]

326 421 744 470 vicecancellarius
767 420 901 483 juxta
931 422 1110 483 Papam
1139 418 1367 478 existens,
1394 418 1476 482 qui
1504 418 1759 468 celebravit
1789 419 1850 467 ad
1872 420 2020 468 altare
2048 425 2097 469 et

325 505 454 553 dedit
481 508 607 568 Pape
638 519 800 552 coram
820 502 967 551 altare
990 502 1243 566 genuflexo
1274 501 1475 550 calicem
1493 517 1603 550 cum
1622 507 1921 551 sacramento
1951 519 2095 567 quem

324 591 451 651 Papa
473 602 674 650 surgens
702 585 854 650 capite
889 585 1097 644 detectO,
1130 588 1176 633 et
1204 584 1333 633 circa
1360 585 1537 633 collum
1566 586 1823 648 quamdam
1854 586 2094 635 tobaleam

323 671 524 720 sericam
546 670 795 734 pulchram
815 685 901 733 per
927 669 1194 718 cardinales
1225 670 1452 718 diaconos
1485 668 1765 718 assistentes
1785 670 1918 733 juxta
1945 669 2092 720 altare

323 753 412 802 sibi
445 752 714 817 appositam
740 752 944 813 habens,
973 753 1174 817 portavit
1206 769 1357 817 usque
1385 753 1444 800 ad
1477 752 1710 816 capellam
1741 751 1978 801 minorem
2009 752 2095 801 sub

321 836 609 885 baldachino
641 836 700 884 ab
733 839 866 884 extra
893 837 1160 885 cancellum
1192 837 1374 901 capelle
1405 836 1603 900 majoris
1638 851 1788 899 usque
1822 834 1882 883 ad
1920 834 2096 883 ostium

322 919 523 968 minoris
556 920 760 984 capelle.
790 919 1135 968 Baldachinum
1163 924 1412 984 portarunt
1437 924 1545 968 octo
1580 918 1794 983 episcopi
1828 921 1875 966 et
1914 917 2099 967 archie-

321 1003 523 1067 piscopi,
562 1002 782 1051 videlicet
815 1003 1025 1067 quinque
1063 1004 1342 1052 assistentes
1374 1007 1421 1051 et
1441 1007 1538 1051 tres
1560 1006 1777 1051 oratores
1808 1001 1979 1065 prelati
1998 1015 2096 1050 non

322 1086 620 1147 assistentes,
661 1086 772 1150 quia
810 1087 1137 1135 assistentium
1174 1087 1336 1150 plures
1370 1102 1468 1135 non
1501 1091 1637 1134 erant
1669 1103 1677 1132 :
1707 1084 1880 1133 delecti
1929 1099 2097 1132 omnes

322 1185 433 1217 cum
454 1169 616 1217 biretis
640 1173 687 1217 et
707 1169 860 1217 mitris
882 1169 931 1216 in
952 1171 1191 1230 manibus,
1215 1186 1382 1219 omnes
1412 1170 1556 1219 etiam
1574 1169 1652 1217 alii
1680 1168 1848 1233 prelati
1871 1172 1918 1216 et
1940 1166 2097 1216 cardi-

319 1252 453 1300 nales
474 1256 815 1317 precesserunt
836 1259 1193 1302 sacramentum
1216 1253 1317 1302 sine
1339 1253 1509 1301 mitris.

388 1339 581 1384 Portata
609 1336 799 1384 suerunt
828 1339 938 1384 ante
971 1341 1322 1386 sacramentum
1344 1336 1584 1385 sexdecim
1612 1334 1853 1383 intorticia
1879 1334 2003 1392 alba,
2027 1332 2096 1380 vi·-

324 1420 498 1468 delicet
549 1419 805 1467 duodecim
845 1419 988 1468 trium
1020 1421 1248 1469 librarum
1282 1420 1544 1484 quodlibet,
1585 1423 1632 1468 et
1663 1423 1868 1483 quatuor
1902 1433 2092 1482 magna,

322 1503 492 1566 quibus
514 1503 693 1551 utimur
712 1520 799 1568 pro
822 1503 1087 1552 elevatione
1110 1503 1398 1551 sacramenti
1420 1502 1468 1550 in
1502 1502 1685 1566 capella
1708 1517 1897 1565 magna,
1923 1500 2094 1549 deinde

323 1586 415 1633 duo
438 1586 724 1634 candelabra
744 1602 917 1650 magna
948 1602 1058 1635 cum
1084 1585 1416 1645 luminaribus,
1441 1600 1532 1648 que
1560 1584 1721 1632 omnia
1740 1586 1988 1648 portarunt
2013 1598 2096 1632 ca-

324 1668 499 1732 pellani
530 1669 783 1717 cardinalis
818 1669 1105 1718 celebrantis
1145 1685 1253 1718 cum
1287 1668 1480 1717 cantris.
1518 1670 1634 1716 Cum
1669 1670 1796 1732 Papa
1827 1670 1955 1716 esset
1985 1670 2095 1715 ante

274 1800 277 1802 ,
326 1752 623 1815 superiorem
672 1754 870 1818 gradum
922 1754 1103 1818 capelle
1148 1769 1307 1817 parve,
1347 1753 1524 1800 ibidem
1557 1750 1818 1815 genuflexit
1849 1754 1896 1798 et
1928 1753 2093 1798 Rmus.

326 1837 383 1883 D.
404 1836 656 1884 cardinalis
677 1836 1093 1884 vicecancellarius
1113 1836 1326 1901 prefatus
1347 1835 1533 1898 accepit
1552 1835 1610 1881 de
1631 1833 1849 1881 manibus
1871 1832 1966 1880 suis
1987 1831 2113 1880 cali-·

326 1934 433 1967 cem
455 1935 566 1967 cum
589 1923 889 1968 sacramento
921 1923 968 1967 et
995 1918 1208 1982 reposuit
1240 1918 1396 1981 ipsum
1417 1916 1465 1963 in
1498 1931 1641 1979 capsa
1667 1930 1810 1978 super
1835 1914 1983 1962 altare
2005 1913 2096 1961 ibi-

323 2002 433 2050 dem
466 2006 660 2066 parata3
697 2008 797 2051 tum
838 2005 983 2066 Papa,
1019 2001 1319 2050 ministrante
1361 1994 1544 2063 prefato
1585 2001 1723 2047 Rmo.
1762 2000 1818 2045 D.
1862 1996 2094 2045 Mediola-

324 2085 462 2132 nensi
482 2085 763 2145 naviculam,
782 2084 1010 2149 imposuit
1031 2085 1279 2133 incensum
1295 2083 1344 2130 in
1365 2097 1459 2129 uno
1485 2080 1722 2128 thuribulo
1745 2083 1792 2128 et
1813 2080 2095 2143 genuflexus

323 2167 585 2216 incensavit
614 2172 968 2216 sacramentum
991 2171 1042 2214 ut
1064 2183 1208 2231 supra
1232 2183 1242 2215 :
1268 2182 1360 2230 quo
1391 2164 1658 2222 incensam,
1692 2162 1851 2210 statim
1876 2162 2096 2211 vicecan-

325 2251 561 2311 cellarius,
586 2252 837 2315 adjuvante
860 2251 1016 2315 ipsum
1039 2250 1254 2309 sacrista,
1280 2249 1448 2298 clausit
1474 2261 1668 2312 capsam
1689 2250 1737 2294 et
1764 2245 1894 2294 dedit
1913 2246 2094 2295 clavem

325 2334 540 2394 sacriste,
565 2338 665 2381 tum
689 2333 892 2382 surrexit
914 2337 1041 2397 Papa
1061 2337 1127 2392 et,
1144 2332 1367 2397 imposita
1387 2331 1474 2379 sibi
1495 2331 1653 2388 mitra,
1671 2328 1752 2377 ivit
1765 2329 2096 2392 processiona-

325 2416 435 2464 liter
453 2432 603 2480 usque
625 2417 860 2467 adlocum
880 2416 1243 2475 benedictionis,
1267 2413 1632 2479 precedentibus
1652 2411 1848 2475 prelatis
1870 2417 1918 2460 et
1938 2411 2096 2460 cardi-

325 2500 531 2559 nalibus,
573 2515 708 2548 more
749 2504 1001 2548 consueto.
1047 2498 1390 2546 Baldachinum
1436 2498 1687 2560 portarunt
1729 2509 1872 2557 super
1918 2497 2094 2558 Papam

325 2583 567 2647 digniores
601 2587 824 2631 oratores
865 2586 912 2630 et
955 2582 1033 2630 alii
1080 2581 1190 2629 laici
1228 2581 1405 2630 ibidem
1443 2581 1717 2630 existentes.
1757 2582 1990 2629 Pervento
2035 2578 2094 2626 ad

323 2666 482 2714 locum
499 2666 865 2725 benedictionis,
887 2665 1151 2714 cardinales
1173 2680 1341 2713 omnes
1362 2665 1578 2714 fecerunt
1604 2663 1921 2713 reverentiam
1943 2665 2092 2726 Pape,

323 2750 432 2813 quia
453 2749 501 2797 in
522 2750 670 2798 missa
687 2749 1004 2798 reverentiam
1019 2763 1116 2796 non
1138 2747 1379 2807 fecerunt3
1399 2765 1491 2812 qua
1506 2749 1646 2808 facta,
1664 2751 1791 2812 Papa
1806 2747 1943 2795 vertit
1962 2762 2012 2794 se
2035 2744 2095 2793 ad

325 2833 555 2897 populum
577 2838 623 2882 et
643 2833 731 2881 fuit
750 2833 876 2881 lecta
897 2836 943 2881 et
968 2832 1281 2896 pronunciata
1308 2832 1435 2880 bulla
1463 2832 1781 2881 anathematis
1803 2830 2022 2879 videlicet
2047 2827 2096 2875 in

325 2915 474 2962 latino
506 2931 593 2979 per
622 2917 679 2963 D.
705 2915 1049 2980 Hieronymum
1071 2916 1384 2980 Calagranum
1413 2916 1756 2964 subdiaconum
1783 2912 2096 2979 apostolicum

329 3000 518 3048 detecto
553 2999 707 3064 capite
758 3003 962 3047 stantem
996 3016 1146 3063 usque
1181 3000 1241 3047 ad
1279 3000 1442 3058 finem,
1475 3004 1523 3048 et
1563 3000 1788 3047 idiomate
1822 2996 1978 3044 italico
2011 3009 2098 3058 per

330 3086 520 3131 Rmum.
562 3085 619 3130 D.
655 3082 926 3131 Johannem
965 3083 1256 3131 cardinalem
1292 3083 1350 3131 de
1379 3083 1624 3131 Columna.
1662 3080 1855 3129 Interim
1889 3082 2017 3143 Papa
2049 3080 2097 3125 et

332 3182 498 3215 omnes
519 3165 784 3215 cardinales
806 3167 1034 3214 tenebant
1049 3170 1096 3215 et
1114 3166 1284 3231 prelati
1303 3182 1412 3213 suas
1433 3165 1657 3213 candelas
1673 3164 1896 3212 ardentes
1918 3162 1967 3210 in
1991 3176 2096 3209 ma-

329 3250 485 3310 nibus,
508 3253 571 3310 et,
591 3249 724 3298 finita
743 3250 950 3298 lectione
972 3250 1116 3310 bulle,
1143 3265 1310 3297 omnes
1331 3249 1640 3313 projecerunt
1661 3263 1741 3295 eas
1765 3246 1958 3310 populo.
1977 3247 2095 3292 Tum

328 3332 544 3394 deposito
576 3349 662 3396 per
687 3333 915 3382 forrerios
952 3337 1062 3382 ante
1097 3336 1276 3397 Papam
1309 3348 1467 3396 panno
1503 3348 1587 3380 seu
1614 3331 1709 3379 tela
1732 3330 1868 3394 nigra
1901 3328 2095 3394 pallium

327 3416 654 3479 cooperiente,
689 3419 817 3482 Papa
849 3433 908 3466 ex
940 3417 1062 3466 libro
1095 3416 1210 3479 legit
1242 3416 1629 3465 benedictionem
1662 3414 1928 3475 solemnem
1960 3426 2094 3460 more
