2262 3958
351 301 421 337 438
960 297 1192 334 JOHANNIS
1224 295 1517 346 BURCHARDI,
1806 302 2012 344 [Dacembre
2030 303 2123 347 1491]

353 399 588 448 Sanctitas
611 414 695 446 sua
715 399 850 446 illum·
871 399 1089 446 ordinem
1121 400 1363 447 observari
1389 400 1528 459 velle,
1560 402 1598 448 si
1626 401 1896 463 interes-set,
1931 404 2013 467 qui
2043 419 2125 451 su-

351 482 618 546 perioribus
640 482 776 528 annis
806 481 1112 544 pontificatus
1143 482 1214 528 sui
1236 486 1452 545 tempo-re
1474 483 1561 531 fuit
1582 484 1859 535 observatus
1883 503 1893 534 :
1919 486 2047 550 quod
2073 486 2125 534 in·

352 567 499 615 missa
526 568 741 631 predicta
771 565 970 627 singulis
993 566 1132 629 juxta
1167 564 1385 612 ordinem
1422 567 1643 615 eamdem
1671 568 1932 617 lectionem
1958 569 2125 633 legere

352 649 637 698 debentibus
659 648 890 707 intimavi,
914 647 1135 696 videlicet
1155 648 1359 695 Johanni
1382 648 1440 695 de
1461 649 1677 699 Viterbio
1705 649 1891 698 decano
1909 651 2123 716 acolyto—

352 747 476 789 rum,
491 732 720 795 magistro
743 731 801 779 de
818 730 1011 778 Ubaldis
1033 730 1236 778 auditori
1255 730 1508 778 cardinalis
1531 747 1568 778 s,
1584 733 1923 791 Anastasie,G.
1941 732 2125 782 mondo

353 820 399 863 et.
426 815 632 863 Johanni
663 817 852 863 Gerona
881 813 1067 860 clericis
1099 829 1306 873 camere,
1342 816 1394 861 B.
1436 813 1748 873 subdiacono,
1773 815 1974 863 Senensi
2004 819 2054 864 et
2082 828 2121 864 s,

353 899 545 962 Georgii
567 897 888 946 cardinalibus
910 898 1036 960 Pape
1055 896 1404 945 assistentibus.

416 981 641 1040 Sabbato,
668 983 726 1028 24
750 979 1038 1038 decembriS,
1062 979 1222 1042 vigilia
1242 980 1497 1028 nativitatis
1520 982 1574 1027 D.
1601 982 1656 1028 N.
1680 983 1794 1028 Jesu
1815 979 2013 1040 Christi,
2037 980 2120 1028 SS.

353 1066 409 1111 D.
435 1066 490 1111 N.
516 1067 707 1126 paratus
728 1063 776 1110 in
794 1078 986 1111 camera
1018 1062 1253 1126 papagalli
1280 1078 1412 1110 more
1445 1062 1602 1122 solito,
1634 1062 1761 1110 venit
1793 1062 1852 1109 ad
1878 1061 2125 1110 basilicam

353 1161 390 1192 s.
419 1144 563 1201 Petri,
588 1143 907 1191 cardinalibus
935 1159 1044 1191 cum
1070 1159 1238 1191 eorum
1271 1145 1434 1208 cappis
1463 1145 1830 1209 precedentibus
1858 1150 1906 1193 et
1930 1145 2125 1209 prelatis

353 1227 497 1275 etiam
519 1227 567 1273 in
589 1226 751 1289 cappis
764 1226 919 1289 ipsum
941 1227 1271 1289 sequentibus,
1290 1228 1388 1285 ubi,
1410 1228 1564 1276 donec
1583 1233 1746 1288 staret,
1763 1242 1962 1292 vespere
1976 1242 2126 1292 papa-

350 1310 420 1358 les
443 1309 683 1357 solemnes
705 1308 830 1357 dicte
853 1313 977 1356 sunt.
1004 1311 1101 1356 RR.
1124 1311 1223 1356 DD.
1245 1311 1472 1358 Senensis
1487 1311 1768 1370 secundam,
1785 1310 2127 1360 vicecancella-

352 1394 448 1441 rius
471 1393 751 1440 assistentes
771 1393 978 1452 tertiam,
1007 1393 1384 1441 Rechanatensis
1406 1399 1625 1456 quartam
1647 1397 1694 1441 et
1716 1409 1754 1441 s.
1782 1391 1976 1457 Georgii
1996 1393 2128 1442 anti-

352 1477 564 1541 phonam
588 1476 802 1539 quintam
831 1476 1135 1532 incoharunt,
1160 1476 1274 1523 alias
1302 1476 1516 1539 pontifex
1542 1491 1676 1525 more
1711 1476 1871 1525 solito.
1911 1476 2030 1524 Dedi
2062 1474 2121 1525 de

353 1559 581 1607 mandato
605 1558 879 1606 Sanctitatis
902 1559 1050 1606 suein
1066 1559 1248 1606 eisdem
1270 1559 1481 1622 vesperis
1499 1560 1660 1608 locum
1682 1560 1811 1607 lllus.
1835 1559 2121 1623 Lantgravio

353 1642 520 1689 Hessie
549 1642 645 1705 qui,
675 1643 789 1690 lune
824 1645 880 1688 19
912 1642 1074 1705 hujUS,
1114 1644 1315 1689 Romam
1351 1642 1475 1690 venit
1502 1643 1550 1690 in
1575 1643 1719 1706 plano
1747 1639 1852 1690 solii
1883 1653 2028 1706 supra
2060 1641 2118 1690 D.

354 1723 668 1771 Franciscum
714 1724 828 1772 Cibo
868 1724 1020 1771 filium
1057 1724 1117 1772 ad
1161 1725 1407 1773 dexteram
1449 1727 1576 1788 Pape
1617 1728 1664 1773 et
1702 1726 1821 1772 Sore
1854 1724 2031 1772 ducem
2071 1724 2120 1771 in

354 1806 526 1853 eodem
541 1807 685 1870 plano
701 1807 760 1854 ad
781 1807 1023 1855 sinistram
1044 1810 1170 1871 Pape
1190 1808 1248 1855 de
1271 1808 1463 1871 speciali
1480 1808 1821 1856 commissione
1841 1806 2114 1856 Sanctitatis

355 1904 446 1936 sue
472 1904 482 1936 :
507 1889 597 1936 alia
614 1890 774 1937 omnia
787 1890 1038 1938 observata
1056 1895 1165 1937 sunt
1182 1906 1317 1939 more
1335 1891 1493 1938 solito.

419 1970 584 2018 Finitis
612 1973 841 2036 vesperis,
874 1972 1044 2020 avisavi
1074 1975 1265 2020 Rmum.
1301 1976 1356 2020 D.
1382 1974 1672 2021 cardinalem
1702 1972 2002 2020 Aleriensem
2036 1973 2120 2020 SS.

354 2057 410 2105 D.
437 2059 651 2102 nostrum
673 2059 813 2103 nocte
835 2055 994 2103 futura
1010 2056 1071 2103 ad
1083 2056 1342 2104 matutinas
1364 2072 1461 2104 non
1478 2059 1732 2104 venturum
1750 2059 2021 2120 propterea,
2046 2067 2126 2104 or-

354 2136 537 2184 dinaret
559 2137 830 2200 capellanos
860 2154 1030 2187 novem
1063 2139 1141 2202 qui
1170 2154 1258 2202 pro
1279 2140 1522 2187 matutinis
1545 2144 1590 2186 et
1607 2139 1761 2202 prima
1780 2139 1926 2186 missa
1947 2137 2036 2186 sibi
2056 2150 2129 2186 as·

356 2219 577 2268 sisterent
595 2226 642 2268 et
663 2235 796 2268 more
822 2220 961 2268 solito
984 2221 1214 2268 servirent
1230 2221 1426 2285 ipseque
1444 2236 1620 2270 nonam
1639 2222 1897 2270 lectionem
1917 2227 1965 2270 et
1985 2222 2130 2270 benc-

355 2302 612 2350 dictionem
636 2306 682 2350 et
703 2303 795 2350 alia
811 2319 899 2366 per
916 2319 1027 2350 eum
1049 2303 1251 2352 dicenda
1271 2305 1558 2367 provideret.

419 2385 608 2432 Obtinui
628 2385 873 2433 licentiam
900 2386 1043 2433 hodie
1065 2402 1092 2433 a
1113 2388 1194 2435 SS.
1222 2388 1278 2433 D.
1303 2391 1469 2434 nostro
1492 2403 1586 2434 non
1607 2386 1826 2435 veniendi
1853 2386 1912 2433 ad
1937 2385 2129 2435 matuti-

355 2478 440 2514 nas
466 2473 606 2514 nocte
633 2466 791 2514 sutura
811 2468 896 2514 sed
921 2468 969 2514 in
991 2468 1134 2516 domo
1166 2469 1479 2531 permanendi
1510 2475 1562 2517 ut
1588 2482 1692 2518 cras
1722 2482 1881 2529 mane,
1915 2469 2019 2518 Deo
2044 2483 2129 2518 vo·-

354 2550 502 2608 lente,
523 2560 718 2612 possem
742 2553 835 2597 tres
854 2550 1024 2597 missas
1046 2551 1307 2598 celebrare.

423 2634 475 2679 ln
497 2635 637 2679 nocte
660 2632 895 2695 sequenti,
921 2633 1047 2680 circa
1067 2633 1236 2681 horam
1263 2634 1602 2682 matutinarum
1629 2640 1845 2684 octavam
1872 2638 1920 2684 et
1950 2649 2128 2684 nonam

358 2714 428 2764 vel
451 2715 595 2774 circa,
620 2715 810 2779 incepte
825 2720 932 2764 sunt
947 2717 1178 2765 matutine
1195 2717 1241 2764 in
1260 2718 1443 2782 capella
1460 2717 1640 2781 majore
1655 2718 1818 2782 palatii
1834 2732 1979 2782 supra
1994 2719 2127 2778 dicti,

359 2801 485 2862 Papa
506 2798 721 2858 absente,
747 2798 933 2846 RRmis.
958 2801 1057 2847 DD.
1085 2786 1438 2860 Beneventano,
1469 2817 1507 2847 s.
1538 2801 1804 2861 Anastasia,
1839 2801 2058 2861 Senensi,
2086 2817 2125 2849 s.

360 2880 568 2943 Georgii,
595 2880 826 2928 Columna
848 2884 895 2928 et
914 2882 1120 2929 Ascanio
1135 2883 1460 2930 Cardinalibus
1475 2883 1776 2946 presentibus
1802 2899 1811 2931 ε
1831 2883 2044 2931 officium
2064 2882 2132 2931 fe-

339 2964 422 3033 9st
442 2967 605 3012 Rmus.
631 2966 687 3012 D.
722 2965 973 3012 cardinalis
999 2967 1260 3014 Aleriensis
1277 2968 1326 3015 in
1347 2983 1499 3031 cappa
1519 2968 1674 3015 suain
1700 2967 1963 3035 faldistorio
1979 2979 2129 3031 prope

359 3047 506 3095 altare
541 3046 714 3095 sedens
757 3064 891 3096 more
922 3049 1078 3110 solito,
1114 3051 1212 3113 qui,
1248 3049 1440 3115 incepto
1481 3044 1619 3099 tertio
1654 3057 1908 3111 nocturno,
1945 3049 2129 3115 accepit

359 3131 570 3179 sandalia
586 3131 750 3179 dicens
775 3131 929 3188 Quam
950 3132 1130 3194 dilecta,
1154 3138 1267 3193 etc„
1293 3134 1409 3182 dixit
1430 3148 1608 3181 nonam
1626 3133 1884 3182 lectionem
1906 3133 1967 3181 ad
1985 3147 2128 3196 quam

360 3214 610 3262 cardinalis
639 3214 1002 3264 Beneventanus
1037 3217 1080 3264 ei
1112 3217 1376 3275 benedixit3
1411 3217 1602 3279 incepto
1629 3230 1716 3280 per
1745 3229 1855 3265 eum
1891 3214 1955 3264 Te
1972 3214 2129 3263 Deum

363 3296 627 3356 laudamus,
652 3299 836 3363 accepit
861 3300 1021 3347 omnia
1040 3305 1319 3363 paramenta
1336 3299 1629 3363 pontificalia
1647 3316 1735 3363 pro
1757 3300 1905 3347 missa
1921 3304 1986 3358 et,
2016 3312 2126 3347 cum

367 3377 429 3423 Te
454 3376 608 3426 Deum
641 3381 826 3428 finitum
859 3387 1002 3441 esset,
1029 3381 1252 3430 omnibus
1283 3382 1574 3445 paramentis
1608 3396 1759 3446 usque
1794 3382 1853 3429 ad
1885 3381 2124 3445 planetam
