2262 3958
370 331 440 366 354
975 322 1207 361 JOHANNIS
1239 321 1533 369 BURCHARDI,
1943 324 2025 367 [Mai
2046 326 2138 367 1489]

370 431 683 478 decantarunt
737 427 932 475 sedente
972 430 1019 474 et
1060 425 1291 474 stantibus
1325 441 1381 473 ac
1423 424 1600 488 populo
1638 440 1649 471 ε
1685 425 1858 489 quibus
1891 427 2115 488 ostensis,

371 514 498 575 Papa
518 510 656 558 rediit
689 509 748 557 ad
774 508 1002 572 palatium
1027 508 1153 572 apud
1180 525 1217 555 s.
1248 511 1443 556 Petrum
1473 523 1531 555 eo
1555 506 1720 556 ordine
1748 524 1842 572 quo
1863 509 1957 558 hoc
1984 525 2125 570 mane

368 593 510 651 venit,
535 592 646 655 quia
670 591 847 655 placuit
864 591 929 651 ita
949 591 1266 639 cardinalibus
1286 591 1354 639 ire
1375 593 1484 638 ante
1501 592 1679 653 Papam
1700 594 1747 639 et
1771 607 1868 638 non
1885 597 1994 656 post
2013 608 2126 642 eum

367 679 509 739 prout
538 674 777 723 debebant
808 691 817 722 :
852 674 1077 738 equitavit
1104 679 1266 722 autem
1286 688 1621 738 per.campum
1651 673 1790 722 Flore
1817 674 2062 724 redeundo
2085 678 2133 723 et

368 762 476 807 ante
493 762 702 807 castrum
722 774 759 805 s.
779 756 947 820 Angeli
970 773 1054 805 seu
1077 758 1214 821 juxta
1241 756 1357 804 illud
1381 772 1390 804 :
1418 761 1673 820 postquam
1698 760 1895 820 pontem
1918 761 2134 822 pertran-

372 842 492 903 sivit,
511 842 641 892 dedit
653 840 973 890 cardinalibus
987 840 1249 899 licentiam,
1267 840 1347 903 qui
1359 839 1469 888 inde
1483 839 1543 887 ad
1557 839 1727 888 domos
1744 856 1854 888 suas
1868 840 2130 890 redierunt.

431 925 568 975 Feria
588 930 774 989 quarta,
800 927 827 971 6
848 922 979 983 maii,
1004 923 1074 970 lll.
1094 923 1316 987 princeps
1339 923 1462 971 Otho
1487 924 1683 973 Bavarie
1705 925 1815 984 dux,
1840 925 1919 988 qui
1937 925 2135 974 sabbato

369 1015 535 1059 sancto
562 1010 776 1075 proxime
797 1007 1023 1073 preterito
1051 1010 1253 1055 Romam
1276 1006 1418 1066 venit,
1444 1023 1470 1055 a
1490 1007 1683 1055 nemine
1708 1011 1867 1075 tamen
1889 1012 2132 1072 receptae,

368 1094 567 1143 recessit
588 1109 646 1142 ex
668 1092 794 1140 Urbe
815 1108 842 1139 a
859 1090 1038 1139 familia
1060 1090 1179 1137 Rmi.
1211 1092 1267 1137 D.
1295 1089 1549 1137 cardinalis
1580 1090 1730 1138 sancti
1756 1090 1902 1139 Marci
1925 1090 2136 1139 associa-

368 1183 462 1237 tus,
486 1177 689 1241 patriam
710 1175 975 1232 rediturus;
1010 1174 1049 1222 is
1071 1174 1217 1222 frater
1238 1177 1309 1221 est
1334 1176 1388 1220 R.
1415 1176 1472 1221 D.
1497 1174 1593 1221 mei
1610 1175 1791 1223 Alberti
1813 1174 2024 1238 episcopi
2046 1173 2136 1223 Ar-

369 1259 682 1324 gentinensis,
715 1263 760 1306 et
790 1257 864 1304 his
898 1257 1065 1305 diebus
1097 1256 1267 1319 quibus
1301 1257 1452 1304 Rome
1491 1243 1580 1304 fuit
1618 1273 1882 1320 numquam
1911 1256 2040 1306 venit
2077 1256 2139 1304 ad

371 1343 629 1407 capellam3
659 1342 743 1391 sed
777 1344 861 1390 SS.
895 1343 950 1388 D.
984 1343 1039 1390 N.
1074 1339 1155 1405 qui
1186 1341 1409 1389 credebat
1445 1341 1613 1404 ipsum·
1633 1342 1831 1389 sabbato
1863 1340 1912 1388 in
1938 1339 2057 1388 albis
2077 1338 2138 1387 ad

370 1425 605 1489 capellam
636 1428 904 1483 venturum,
927 1423 1123 1472 verbum
1151 1423 1262 1472 fecit
1282 1423 1600 1471 cardinalibus
1622 1423 1680 1471 de
1706 1423 1814 1471 loco
1840 1422 1930 1471 sibi
1955 1421 2131 1482 dando,

368 1510 496 1573 quod
532 1525 618 1556 sua
647 1512 748 1556 erat
773 1507 933 1571 opinio
965 1506 1053 1556 sibi
1091 1506 1254 1555 locum
1280 1507 1392 1555 dare
1419 1506 1467 1553 in
1501 1505 1654 1553 banco
1689 1504 2000 1553 cardinalium
2026 1506 2137 1569 post

370 1593 589 1641 ultimum
632 1592 920 1650 diaconu1n3
959 1591 1044 1639 sed
1079 1606 1189 1654 ego,
1223 1596 1416 1639 vocatus
1441 1606 1469 1638 a
1505 1588 1764 1638 Sanctitate
1793 1604 1878 1637 sua
1909 1591 1957 1638 ct
1989 1587 2136 1637 inter-

354 1680 580 1739 rogatus,
618 1675 713 1723 dixi
748 1673 836 1722 sibi
873 1674 1036 1722 locum
1079 1674 1129 1721 in
1169 1690 1391 1738 supremo
1441 1673 1589 1737 gradu
1620 1673 1757 1736 juxta
1796 1671 1968 1720 solium
2005 1674 2132 1735 Pape

368 1760 594 1819 dandum,
619 1759 746 1822 quod
764 1758 1083 1807 cardinalibus
1105 1757 1308 1805 multum
1328 1756 1504 1820 placuit
1526 1772 1535 1803 :
1556 1755 1642 1803 fuit
1662 1755 1741 1803 hic
1762 1755 1889 1803 idem
1908 1754 2002 1802 dux
2022 1769 2133 1803 cum

369 1843 503 1905 equis
530 1858 651 1890 XXIX
671 1842 719 1888 in
739 1841 947 1905 hospitio
977 1844 1215 1904 Campane
1248 1855 1398 1904 prope
1420 1854 1643 1902 campum
1666 1838 1805 1886 Flore
1829 1836 2127 1901 hospitatus;

368 1925 446 1987 qui
476 1924 564 1972 fuit
590 1924 838 1987 Neapolim
875 1939 984 1971 cum
1012 1939 1123 1986 rege
1157 1938 1244 1986 pro
1274 1922 1558 1986 quibusdam
1591 1921 1814 1985 negotiis,
1851 1936 1946 1984 quo
1979 1920 2131 1968 iturus

370 2007 570 2056 recessit
591 2023 650 2055 ex
677 2007 803 2055 Urbe
825 2006 901 2055 die
923 2007 1035 2055 lune
1065 2009 1122 2054 27
1147 2005 1326 2070 aprilis,
1351 2009 1398 2054 et
1419 2005 1557 2053 rediit
1585 2004 1661 2052 die
1683 2003 1926 2053 dominica
1950 2005 1976 2051 3
1999 2001 2129 2063 maii,

370 2090 408 2138 si
439 2095 568 2139 recte
600 2089 816 2137 memini.

435 2172 573 2221 Feria
604 2176 787 2238 quarta,
820 2174 877 2219 27
907 2171 1037 2230 maii,
1072 2171 1120 2218 in
1147 2171 1304 2235 vigilia
1335 2171 1635 2220 ascensionis
1666 2174 1723 2220 D.
1760 2172 1815 2219 N.
1851 2172 1894 2218 J.
1939 2168 2130 2231 Christi,

369 2255 560 2302 fuerunt
579 2269 778 2317 vespere
802 2253 998 2316 papales
1022 2253 1070 2300 in
1092 2253 1274 2316 capella
1292 2253 1474 2316 majore
1504 2253 1735 2317 predicta,
1763 2258 1893 2322 Papa
1912 2258 2135 2320 presente

369 2342 416 2385 et
443 2336 719 2400 incipiente,
746 2342 793 2383 et
822 2336 897 2383 di'e
932 2336 1152 2398 sequenti
1193 2335 1340 2383 missa
1374 2336 1602 2384 solemnis
1635 2337 1683 2385 in
1713 2338 1906 2388 basilica
1936 2355 1976 2387 s.
2010 2337 2136 2388 Petri
2232 2388 2234 2390 ,

369 2435 512 2483 quam
535 2419 792 2488 celebravit
822 2421 988 2466 Rmus.
1016 2421 1072 2466 D.
1102 2421 1154 2464 L.
1185 2419 1437 2482 presbyter
1466 2419 1720 2468 cardinalis
1747 2423 2130 2480 Beneventanus,

369 2506 497 2566 Papa
530 2506 773 2565 presente,
816 2501 1057 2549 consuetis
1097 2500 1401 2549 ceremoniis.
1450 2504 1555 2550 Non
1591 2501 1679 2550 fuit
1717 2519 1875 2553 sermo
1923 2503 2032 2567 quia
2073 2506 2131 2551 D.

368 2585 638 2633 Alexander
651 2585 708 2632 de
731 2584 955 2632 Cortesiis
975 2584 1034 2632 ad
1048 2584 1142 2631 hoc
1164 2583 1407 2634 ordinatus
1425 2583 1643 2633 infirmus
1662 2590 1778 2634 erat.
1798 2586 1950 2635 Finita
1967 2585 2131 2646 missa,

370 2670 498 2731 Papa
516 2667 646 2716 dedit
665 2666 1051 2715 benedictionem
1070 2671 1117 2715 et
1136 2682 1233 2715 non
1255 2650 1574 2730 indulgentias
1594 2684 1603 2728 ;
1633 2668 1806 2718 deinde
1827 2673 1958 2734 Papa
1978 2669 2134 2726 eundo

367 2766 531 2798 versus
563 2749 724 2798 locum
756 2748 1105 2797 benedictionis
1144 2766 1230 2813 per
1269 2749 1484 2812 quintam
1513 2767 1684 2800 navem
1719 2752 1916 2801 basilice
1944 2753 2132 2817 prefate

367 2833 583 2882 videlicet
622 2833 776 2880 vultus
817 2832 1073 2881 Salvatoris
1116 2833 1283 2894 nostri,
1324 2833 1678 2897 quamprimum
1708 2835 1898 2885 intravit
1931 2851 2125 2896 navem,

368 2920 587 2964 ostensus
609 2920 682 2965 est
700 2916 855 2964 vultus
877 2916 1087 2979 prefatus
1108 2932 1193 2980 per
1214 2916 1495 2982 episcopum
1513 2919 1804 2981 Agatensem
1824 2920 1887 2982 (1)
1911 2919 2147 2983 ejusdem,

369 2998 564 3047 basilice
583 2997 839 3057 vicarium3
865 2998 923 3045 de
951 3013 1044 3061 quo
1076 3003 1289 3063 tempore
1327 3002 1650 3064 reprehensus
1671 3003 1758 3050 fuit
1775 3006 1823 3051 et
1854 3003 1995 3062 bene,
2019 3002 2131 3066 quia

370 3081 572 3129 debebat
593 3085 863 3144 reportasse
885 3095 1133 3144 quousque
1161 3085 1288 3146 Papa
1308 3083 1369 3130 ad
1388 3083 1595 3132 mediam
1612 3085 1743 3134 navis
1763 3086 1837 3135 vel
1869 3086 1992 3134 ultra
2017 3102 2129 3150 per-

368 3165 590 3212 venisset.
609 3163 838 3212 Ascendit
858 3163 1031 3212 deinde
1059 3163 1275 3228 pontifex
1306 3163 1366 3212 ad
1392 3164 1553 3213 locum
1578 3167 1859 3231 predictum
1882 3167 1963 3216 ubi
2002 3171 2131 3232 Papa

370 3247 646 3295 solemniter
665 3246 907 3295 benedixit
938 3247 987 3294 in
1010 3246 1151 3295 mitra
1178 3247 1457 3311 pontificali,
1488 3265 1585 3297 non
1621 3250 1670 3297 in
1706 3266 1874 3315 regno,
1910 3251 2128 3300 cardina-

367 3330 491 3378 libus
513 3336 561 3379 et
579 3330 773 3394 prelatis
791 3330 839 3378 in
861 3330 1023 3394 cappis
1058 3346 1154 3378 non
1193 3329 1370 3395 paratis
1404 3331 1492 3380 sibi
1525 3333 1875 3396 assistentibUS,
1914 3338 1965 3382 ut
1984 3334 2133 3383 moris

415 3431 450 3467 1.
478 3431 595 3478 Agde,
621 3431 704 3468 suff.
725 3430 770 3467 de
786 3429 991 3467 Narbonne.
