2262 3958
169 310 387 356 [Avr111489]
608 307 777 346 RERUM
811 308 1116 345 URBANARUM
1149 307 1501 345 COMMENTARII.
1878 307 1950 343 349

163 412 317 461 visum
337 410 559 474 estquod
579 410 732 474 magis
748 410 1054 459 convenisset
1075 410 1202 473 quod
1217 414 1326 474 post
1342 408 1676 467 reverentiam,
1702 423 1798 456 non
1817 412 1944 469 ante,

165 498 299 560 Papa*
313 497 547 542 mutasset
567 494 769 558 pluviale
792 498 838 543 et
859 494 1047 542 stolam.
1078 492 1262 541 Deinde
1289 492 1401 542 lecti
1436 495 1545 540 sunt
1578 507 1836 556 processus
1863 507 1950 556 per

162 580 220 627 D.
258 573 603 643 HierOnymum
644 579 964 642 Calagranum
1004 577 1354 626 subdiaconum
1384 576 1531 625 latine
1564 581 1611 625 et
1645 579 1839 624 Rmum.
1885 578 1943 624 D.

163 661 457 710 cardinalem
478 662 538 710 de
560 662 795 710 Columna
808 661 857 708 in
875 661 1073 725 vulgari.
1102 664 1276 709 Postea
1291 660 1402 708 data
1423 659 1696 708 benedictio
1719 659 1949 708 solemnis

161 760 248 810 per
263 746 544 811 pontificem
558 750 605 794 et
626 744 924 809 indulgentie
939 745 1155 808 plenarie
1172 760 1290 807 quas
1309 743 1476 790 RRmi.
1503 745 1604 790 DD.
1630 743 1689 791 de
1717 743 1952 792 Columna

158 828 304 878 latine
330 833 379 878 et
400 829 600 878 Ursinus
621 829 670 876 in
691 828 870 892 vulgari
893 827 1083 876 diaconi
1104 827 1373 875 cardinales
1401 826 1781 890 pronunciarunt
1807 844 1816 875 :
1846 827 1949 890 qui-

161 912 250 962 bus
266 913 614 977 pronunciatis,
634 927 803 961 omnes
826 911 1113 970 cardinaleS,
1135 910 1350 974 exceptis
1373 909 1431 958 de
1454 912 1587 958 Fuxo
1610 915 1658 958 et
1680 912 1728 957 S.
1753 910 1947 974 Georgii

159 995 375 1046 diaconis
401 996 733 1046 assistentibus
756 995 836 1059 qui
860 1011 947 1043 sua
968 995 1268 1044 retinuerunt
1306 997 1590 1056 paramenta
1619 993 1947 1056 deposuerunt

162 1079 279 1128 etin
298 1079 462 1144 cappis
490 1079 794 1128 associarunt
828 1081 1007 1142 Papam
1029 1094 1183 1142 usque
1214 1078 1275 1126 ad
1295 1078 1480 1127 curiam
1501 1077 1580 1126 ubi
1605 1077 1675 1127 eis
1698 1077 1946 1126 licentiam

158 1162 307 1212 dedit.
331 1163 562 1212 Ascendit
583 1163 757 1212 deinde
779 1163 995 1227 pontifex
1021 1163 1082 1211 ad
1103 1162 1295 1211 tertiam
1317 1162 1476 1211 aulam
1509 1161 1590 1210 ubi
1627 1161 1779 1226 parati
1810 1165 1949 1210 erant

158 1246 394 1296 tredecim
415 1263 674 1312 paupereS‚
696 1247 815 1296 albis
836 1247 1008 1307 induti,
1032 1247 1081 1295 in
1101 1247 1230 1306 loco,
1258 1252 1306 1295 ut
1331 1246 1480 1295 moris
1504 1250 1593 1306 est,
1629 1245 1873 1305 sedentes,
1902 1250 1950 1294 et

160 1333 407 1382 credentia
436 1349 547 1382 cum
590 1333 824 1382 bacilibus
859 1348 915 1381 ac
948 1332 1053 1381 aliis
1080 1338 1246 1397 parata
1278 1347 1415 1381 more
1449 1335 1702 1391 consuetO,
1745 1335 1948 1395 excepto

161 1415 291 1480 quod
303 1417 398 1466 duo
418 1433 530 1466 vasa
550 1434 695 1482 super
715 1433 773 1466 ea
797 1417 955 1482 posita
977 1421 1114 1466 erant
1137 1432 1314 1481 magna
1334 1431 1588 1481 pomposa,
1621 1418 1790 1464 contra
1811 1413 1949 1463 debi-

161 1505 266 1548 tum
283 1501 523 1562 ordinem,
545 1518 655 1551 cum
675 1502 754 1551 hic
776 1506 910 1551 actus
941 1500 1119 1550 ferialis
1154 1516 1262 1548 esse
1300 1499 1490 1558 debeat,
1530 1514 1628 1547 non
1659 1510 1943 1563 pomposus

162 1583 345 1634 Ibidem
367 1589 512 1652 Papa,
551 1587 749 1636 dimisso
777 1585 969 1651 pluviali
993 1585 1226 1650 pretioso,
1255 1583 1443 1648 accepit
1480 1584 1685 1631 rubeum
1712 1582 1942 1646 simplex3

161 1667 343 1717 dictum
362 1675 435 1719 est
457 1671 776 1736 evangelium.
809 1673 939 1735 Papa
957 1669 1069 1718 lavit
1101 1669 1250 1733 pedes
1283 1682 1548 1732 pauperum
1567 1671 1615 1715 et
1636 1666 1752 1715 dixit
1774 1666 1949 1715 oratio·

161 1767 273 1801 nem
294 1758 436 1818 prout
457 1755 506 1803 in
527 1754 839 1805 ceremoniali
863 1753 1129 1802 ordinatur.
1163 1752 1328 1800 RRmi.
1356 1753 1456 1800 DD.
1478 1750 1772 1800 Parmensis.
1797 1753 1949 1800 Bene-

160 1840 414 1898 ventanUS,
432 1839 692 1889 Aleriensis
703 1843 750 1887 et
768 1856 805 1887 s.
832 1837 1084 1886 Anastasie
1106 1836 1392 1902 presbyteri,
1413 1835 1471 1884 de
1492 1836 1694 1884 Sabellis
1713 1835 1948 1884 Columna

159 1922 208 1968 et
231 1920 430 1969 Ursinus
466 1921 656 1970 diaconi
693 1923 741 1970 in
768 1922 864 1970 suis
894 1921 1058 1985 cappis
1091 1920 1414 1968 interfuerunt
1441 1924 1623 1969 stantes
1653 1920 1778 1968 ultra
1797 1919 1949 1968 cardi-

159 2003 294 2052 nales
317 2003 376 2052 de
399 2007 532 2053 Fuxo
560 2010 608 2054 et
645 2022 684 2054 s.
723 2005 917 2070 Georgii
945 2004 1228 2053 assistentes
1265 2008 1314 2051 et
1351 2004 1609 2052 Ascanium
1647 2008 1839 2068 paratos
1867 2004 1947 2068 qui

135 2086 277 2135 dixit
297 2088 616 2153 evangelium.
653 2093 818 2138 Rmus.
852 2093 908 2138 D.
945 2088 1221 2137 Parmensis
1250 2088 1533 2137 ministravit
1565 2088 1830 2137 naviculam
1858 2104 1946 2151 pro

162 2169 468 2235 impositione
491 2172 696 2233 incensi,
721 2173 1024 2237 evangelium
1047 2176 1094 2220 et
1113 2175 1222 2235 post
1245 2171 1547 2235 evangelium
1571 2173 1698 2234 Papa
1728 2171 1948 2219 incensa-

161 2253 377 2319 vit;rpost
395 2256 628 2306 lotionem
655 2257 834 2322 pedum
856 2260 919 2305 D.
950 2256 1195 2305 Johannes
1218 2255 1652 2318 Fuschsmagensis
1682 2254 1945 2319 imperialis

159 2342 321 2388 orator
337 2340 467 2389 dedit
481 2357 655 2405 aquam
671 2341 894 2390 manibus
911 2343 1056 2405 Pape,
1081 2339 1300 2403 predicto
1319 2341 1375 2387 D.
1404 2338 1651 2387 Parmensi
1672 2338 1944 2404 adjuvante.

159 2421 296 2472 Dicta
322 2423 539 2473 oratione
565 2441 653 2490 per
687 2425 986 2490 pontificem,
1024 2423 1155 2471 dedit
1183 2423 1575 2472 benedictionem
1611 2423 1790 2487 populo
1827 2423 1947 2492 nibil

157 2504 340 2564 dicenS,
359 2509 502 2558 rediit
522 2509 582 2558 ad
599 2525 845 2558 cameram
865 2508 944 2557 ubi
965 2513 1251 2573 paramenta
1277 2506 1503 2571 deposuit
1524 2522 1660 2555 more
1690 2511 1942 2556 consueto.

221 2591 400 2642 Eadem
438 2595 533 2655 die,
569 2596 699 2645 circa
727 2597 900 2645 horam
934 2612 1013 2656 xx,
1052 2595 1246 2644 fuerunt
1279 2594 1515 2642 matutine
1552 2593 1863 2642 tenebrarum
1897 2592 1946 2640 in

156 2677 340 2740 capella
371 2680 556 2743 majore
580 2680 817 2744 predicta,
842 2683 971 2744 Papa
997 2680 1216 2738 absente,
1242 2677 1562 2727 cardinalibus
1581 2675 1945 2741 quampluribus

155 2759 478 2822 presentibus,
504 2764 672 2809 Rmus.
706 2764 762 2809 D.
798 2761 1055 2810 cardinalis
1084 2779 1123 2809 s.
1151 2761 1276 2809 Petri
1306 2761 1367 2809 ad
1388 2760 1612 2820 Vincula,
1639 2759 1846 2808 crastina
1869 2759 1944 2807 die

157 2841 505 2902 celebraturuS,
523 2844 640 2893 dixit
657 2845 704 2892 in
724 2846 820 2894 fine
838 2846 1108 2894 orationem
1133 2846 1379 2910 :Re-spice,
1406 2852 1514 2903 etc„
1539 2860 1674 2893 inore
1698 2844 1857 2892 solito.

222 2918 363 2974 Feria
383 2930 534 2987 sexta,
554 2928 746 2976 veneris
763 2934 945 2989 sancta,
974 2933 1028 2976 17
1057 2929 1238 2978 mensis
1258 2929 1439 2993 aprilis,
1474 2930 1556 2977 SS.
1583 2931 1639 2975 D.
1666 2930 1722 2974 N.
1749 2931 1943 2991 paratus

157 3008 353 3069 amictu,
390 3010 514 3071 alba,
549 3012 761 3076 cingulo,
797 3012 918 3060 stola
951 3012 1181 3071 violacea,
1215 3006 1368 3076 cappa
1403 3012 1462 3061 de
1494 3011 1697 3060 scarlato
1727 3015 1774 3059 et
1801 3010 1945 3057 mitra

157 3093 360 3157 simplici
390 3095 519 3143 venit
545 3095 606 3143 ad
635 3096 890 3160 capellam,
922 3097 1069 3145 oravit
1099 3112 1233 3144 more
1263 3097 1421 3155 solito,
1449 3099 1588 3143 Rmo.
1615 3097 1670 3141 D.
1699 3091 1942 3140 cardinale

155 3195 194 3225 s.
222 3177 349 3225 Petri
372 3178 433 3226 ad
449 3179 652 3229 Vincula
674 3179 950 3229 celebrante
972 3180 1033 3228 ad
1054 3180 1158 3243 ejus
1173 3179 1416 3227 sinistram
1433 3179 1689 3243 genuflexo
1710 3193 1719 3236 3
1740 3180 1787 3224 et
1811 3175 1943 3222 ince-

152 3267 288 3326 ptum
322 3268 396 3310 est
426 3266 473 3311 et
514 3263 845 3312 continuatum
871 3263 1089 3311 officium
1117 3266 1259 3327 prout
1297 3263 1344 3309 in
1380 3262 1639 3310 ordinario.
1676 3259 1937 3308 Celebrans

149 3346 265 3394 dixit
292 3346 534 3394 orationes
568 3346 849 3397 festivaliter
881 3353 927 3397 et
960 3347 1104 3395 male.
1143 3349 1258 3394 Tres
1287 3350 1511 3394 cantores
1543 3345 1622 3408 qui
1654 3343 1933 3408 passionem

147 3429 368 3478 dixerunt
402 3430 551 3494 parati
595 3435 731 3479 erant
763 3432 882 3480 albis
914 3436 960 3480 et
993 3431 1127 3480 stolis
1162 3447 1218 3478 ac
1256 3429 1514 3495 manipulis
1534 3428 1672 3488 albis,
1702 3427 1850 3492 nigris
1886 3432 1934 3475 et
