2262 3958
381 299 471 345 571,
1126 299 1408 336 APPENDIGE.

385 400 567 451 guardia
591 399 661 440 del
681 400 848 440 Tur-cho
874 400 1002 451 giuro
1030 399 1421 442 medesimamente
1441 401 1485 443 di
1518 403 1737 445 custodire
1769 408 1814 446 et
1839 415 2100 446 conservare
2120 404 2152 446 il

387 466 556 505 'Purcho
577 477 601 505 a
622 468 769 505 stanza
794 464 864 504 del
879 464 1086 516 Collegio.
1106 464 1294 505 Ulterius
1315 466 1579 508 ordinorono
1601 468 1679 508 che
1700 468 1785 509 due
1803 470 2013 511 cardinali
2034 469 2153 511 Pala-

385 529 462 568 tini
485 531 520 570 si
541 530 783 570 restassino
810 529 895 569 alla
924 529 1110 581 guardia
1141 529 1212 570 del
1239 531 1392 571 Palazo
1415 534 1456 572 et
1486 543 1511 572 a
1532 543 1667 573 mess·
1692 535 1926 575 Domenico
1946 535 1993 576 D‘
2010 534 2150 584 heria,

385 594 462 634 che
492 593 515 634 e
545 606 627 646 put·
646 594 846 645 capitano
871 594 956 634 alla
987 594 1175 635 Guardia
1207 607 1456 646 111-61105000
1484 597 1524 637 61
1551 599 1929 640 Reverendissimo
1961 600 2152 640 Aroives·

384 670 488 699 covo
511 659 553 699 di
575 659 819 700 Terracona
840 659 881 699 al
899 659 1027 711 quale
1049 659 1171 700 decio
1202 672 1334 701 mess.
1358 663 1592 703 Domenico
1612 662 1667 704 ha
1689 664 1745 704 ad
1768 664 1945 704 obedire
1968 675 2091 707 come
2108 664 2153 706 al

387 724 593 776 Collegio.
628 724 679 765 Di
712 724 816 765 tucti
849 724 993 776 questi
1021 724 1287 776 giuramenti
1318 730 1358 766 et
1393 727 1707 768 deliberatione
1741 739 1797 769 ne
1823 728 1979 769 furono
2009 728 2152 782 rogati

386 790 527 829 notari
549 789 592 830 di
620 791 799 831 Camera
827 801 908 830 000
934 790 1078 841 quella
1111 789 1326 831 solennita
1357 792 1435 833 0116
1466 793 1502 832 51
1525 796 1736 834 0051111113.
1761 793 2088 836 Confirmorono
2109 793 2152 836 di

387 854 480 905 pari
497 853 709 895 auctorita
728 855 771 895 al
791 855 1096 907 Camarlingho
1119 856 1160 896 di
1181 856 1384 898 ordinare
1400 858 1441 898 la
1461 859 1591 899 Terra
1611 861 1653 899 et
1674 859 1982 912 deputorongli
1999 858 2150 900 denari

388 921 465 960 0116
485 921 649 969 potessi
668 920 897 972 spendere.

442 1003 458 1022 «
492 988 617 1027 193016
639 988 792 1037 queste
810 985 1098 1035 ordinatione,
1119 986 1150 1025 il
1175 986 1408 1039 magnifico
1438 990 1609 1029 oratore
1638 991 1794 1030 veneto
1814 989 1861 1030 fu
1880 989 2085 1030 admesso
2104 989 2150 1031 in

388 1053 578 1105 Collegio
609 1055 651 1092 et
683 1052 889 1103 presento
931 1052 1100 1090 Lettere
1127 1051 1198 1091 del
1228 1062 1308 1092 suo
1340 1053 1599 1094 111011-1551110
1636 1055 1851 1104 Dominio,
1887 1057 2149 1096 contenente

386 1118 551 1167 offerte,
570 1120 648 1157 etc.
671 1116 747 1155 Lui
762 1115 803 1155 di
821 1115 890 1166 poi
905 1113 980 1165 piu
996 1116 1299 1167 larghamente
1316 1129 1340 1157 a
1358 1118 1462 1158 vece
1482 1119 1580 1160 viva
1594 1120 1629 1159 si
1647 1120 1853 1160 condolse
1875 1120 1988 1161 della
2007 1123 2146 1162 morte

386 1182 456 1222 del
472 1183 602 1232 Papa,
627 1183 669 1220 et
684 1180 840 1220 offerse
860 1182 976 1219 tucte
1007 1180 1048 1219 le
1076 1179 1192 1221 forze
1222 1181 1265 1222 di
1297 1182 1440 1234 quella
1470 1183 1667 1235 Signoria
1697 1195 1844 1226 essere
1865 1188 2065 1238 prompte
2092 1186 2150 1227 ad

386 1247 486 1299 ogni
521 1245 792 1297 beneplacito
833 1244 902 1284 del
934 1245 1140 1297 Collegio.
1175 1248 1236 1287 Da
1270 1247 1341 1298 poi
1373 1247 1387 1287 i
1413 1247 1634 1300 magnifici
1667 1251 1826 1290 oratori
1857 1249 2007 1291 Ducali
2035 1253 2079 1292 61
2106 1251 2148 1292 10

383 1311 548 1352 10101110
566 1310 761 1351 admessi
785 1323 794 1350 ε
816 1313 858 1350 61
878 1310 1015 1360 prima
1036 1312 1076 1352 le
1097 1312 1188 1353 loro
1212 1312 1535 1365 magnificentie
1567 1304 1885 1364 111-656111010οο
1904 1316 2058 1358 lettere
2078 1316 2150 1359 (161

384 1376 477 1416 loro
500 1375 697 1427 signore,
719 1378 760 1415 et
791 1375 833 1415 io
854 1375 1247 1418 medesimamente
1272 1378 1313 1419 le
1332 1379 1486 1419 lettere
1510 1379 1622 1420 delle
1650 1380 1848 1432 Signorie
1877 1382 2049 1433 Vostre,
2071 1382 2150 1424 0116

385 1453 440 1482 06
461 1441 505 1481 (11
526 1440 692 1492 passati
720 1440 778 1480 mi
797 1440 1015 1480 mandasti
1051 1454 1060 1480 :
1090 1442 1131 1482 le
1159 1443 1292 1494 quali,
1326 1444 1437 1484 lecte
1461 1444 1539 1484 che
1563 1444 1720 1485 furono
1750 1456 1829 1496 per
1855 1445 1887 1486 il
1906 1457 2092 1488 vescovo
2105 1447 2150 1488 di

384 1508 590 1555 Tortona‚
624 1504 669 1544 fu
700 1505 939 1557 subgiunto
967 1506 1102 1546 molto
1132 1507 1561 1549 accomodatamente
1582 1509 1659 1549 che
1691 1509 1722 1549 li
1754 1510 1863 1551 Stati
1884 1514 1926 1551 et
1940 1510 2058 1553 forze
2077 1512 2147 1554 dei

384 1571 522 1611 nostri
545 1570 651 1610 illmi
669 1573 711 1610 et
732 1570 898 1610 Excelsi
932 1570 1099 1623 signori
1129 1583 1262 1613 erano
1296 1573 1436 1623 parati
1463 1573 1553 1613 sare
1585 1575 1689 1626 ogni
1719 1578 1762 1616 et
1779 1576 2026 1627 qualunche
2046 1589 2148 1620 cosa

382 1648 459 1688 per
489 1636 530 1676 la
566 1635 891 1675 conservatione
930 1636 972 1676 di
1009 1639 1164 1687 questa
1211 1639 1366 1678 Sancta
1405 1639 1531 1687 Sede,
1573 1641 1811 1682 exortando
1844 1642 1938 1683 loro
1987 1644 2148 1685 Revme

383 1700 577 1751 Signorie
599 1711 623 1740 a
649 1699 740 1740 fare
761 1700 971 1740 electione
1003 1701 1045 1742 di
1063 1702 1123 1742 tal
1148 1702 1366 1743 Pontefice
1393 1704 1469 1743 che
1498 1704 1658 1745 habbia
1679 1705 1735 1746 ad
1753 1717 1902 1748 essere
1923 1709 1965 1748 et
1987 1708 2144 1758 salute,

383 1765 712 1806 conservatione
731 1768 774 1804 et
796 1765 941 1816 quiete
969 1764 1013 1804 di
1044 1768 1156 1806 tutta
1186 1766 1225 1806 la
1260 1767 1484 1819 Religione
1518 1769 1782 1820 Xripstiana.
1817 1772 1861 1812 Io
1890 1782 1971 1812 000
2001 1770 2146 1824 quella

383 1830 533 1880 parola
565 1829 625 1868 mi
654 1840 848 1880 parvono
882 1830 1156 1870 convenienti
1187 1830 1423 1871 confermai
1456 1836 1619 1884 quanto
1654 1835 1763 1876 s'era
1785 1839 1970 1887 exposto
2003 1847 2083 1888 per
2113 1836 2145 1877 il

385 1895 623 1943 Veschovo,
645 1905 734 1934 non
760 1893 970 1934 usciendo
993 1893 1036 1933 di
1058 1904 1159 1934 cose
1178 1895 1389 1946 generali,
1420 1907 1541 1937 come
1567 1898 1627 1937 mi
1653 1903 1944 1941 commettono
1966 1900 2008 1940 le
2026 1899 2069 1940 S.
2094 1901 2141 1941 V.

383 1970 462 2010 per
492 1958 567 2010 piu
598 1959 691 1999 loro
723 1959 890 1999 lettere.
934 1959 1015 1998 Per
1045 1957 1075 1997 il
1105 1959 1459 2000 Vicecancelliere
1492 1961 1529 2001 ci
1560 1961 1607 2002 fu
1637 1963 1828 2014 risposto
1864 1964 2145 2006 conveniente

383 2027 529 2064 mente
549 2024 814 2076 acceptando
840 2025 881 2064 le
913 2024 1077 2072 offerte,
1103 2024 1459 2075 ringratiandoci‚
1494 2029 1536 2066 61
1562 2028 1908 2069 commendando
1930 2039 1954 2069 e
1974 2028 2146 2082 81800τί

383 2090 522 2129 nostri
541 2090 583 2130 di
603 2089 716 2138 fede,
740 2090 782 2130 di
803 2089 1034 2130 devotione
1055 2092 1096 2129 et
1119 2089 1161 2129 di
1181 2100 1330 2129 amore
1352 2101 1479 2131 verso
1494 2095 1648 2143 questa
1668 2094 1823 2134 Sancta
1838 2093 1964 2134 Sede.
1981 2094 2146 2144 Questo

382 2153 428 2193 fu
448 2154 490 2194 10
509 2155 659 2195 effecto
678 2155 791 2195 della
818 2154 1091 2205 expositione
1110 2157 1152 2194 et
1171 2155 1378 2205 risposta,
1400 2167 1523 2196 come
1539 2168 1648 2198 anco
1669 2157 1745 2209 piu
1764 2158 2147 2211 particularmente

385 2219 425 2259 16
447 2219 487 2259 S.
511 2221 558 2260 V.
583 2219 902 2259 intenderanno
930 2230 1009 2270 per
1035 2230 1121 2259 una
1153 2219 1307 2260 lettera
1324 2231 1509 2261 comune
1536 2222 1614 2262 che
1634 2222 1772 2264 siamo
1793 2223 1946 2264 restati
1962 2222 2054 2264 fare
2071 2222 2145 2264 noi

383 2285 726 2326 Ambasciadori.

437 2364 453 2384 α
488 2350 520 2389 ll
552 2349 743 2402 Collegio
774 2350 819 2389 in
845 2353 1000 2401 questa
1029 2349 1167 2401 prime
1199 2350 1448 2401 provisione
1479 2362 1499 2391 5
1521 2350 1544 2391 6
1578 2351 1789 2394 dimostro
1809 2355 1932 2394 tanto
1960 2353 2084 2394 unito
2104 2355 2147 2394 et

381 2414 577 2465 disposto
608 2426 633 2454 a
659 2414 894 2465 procedere
920 2416 965 2454 10
998 2415 1101 2466 0801
1127 2417 1222 2455 3010
1242 2415 1528 2464 unitamente,
1553 2416 1631 2456 che
1659 2415 1735 2467 piu
1765 2428 1855 2457 non
1876 2418 1913 2458 si
1932 2417 2146 2468 potrebbe

380 2478 642 2519 desiderare.
667 2481 718 2519 Et
740 2490 819 2529 per
843 2482 1000 2530 questo
1027 2482 1069 2518 et
1098 2490 1175 2529 per
1201 2479 1243 2519 le
1271 2479 1418 2520 huone
1446 2481 1696 2530 provisione
1725 2481 1761 2520 si
1790 2492 1898 2523 sono
1918 2480 2070 2523 130166
2087 2481 2141 2522 (13

381 2555 557 2594 sperare
578 2545 654 2584 che
676 2544 778 2596 ogni
797 2555 897 2584 cose
917 2544 1051 2584 habbi
1069 2554 1093 2583 a
1114 2543 1349 2594 procedere
1377 2555 1458 2584 con
1478 2545 1623 2596 quiete
1645 2548 1688 2585 et
1707 2546 2086 2588 ordinariamente.

432 2624 448 2643 α
483 2609 603 2648 Nella
629 2609 775 2657 Terra,
811 2619 889 2659 per
918 2611 1072 2659 questa
1102 2611 1257 2655 morte,
1293 2618 1382 2649 non
1415 2609 1451 2649 si
1473 2607 1495 2649 6
1519 2608 1631 2650 13010
1652 2611 1894 2652 mutatione
1913 2611 2084 2660 alcuna,
2103 2614 2146 2652 et

379 2672 546 2713 benche
566 2673 629 2713 sia
653 2673 863 2713 sollevata
882 2675 923 2713 et
943 2673 986 2712 in
1007 2684 1142 2721 arme,
1165 2673 1270 2725 ogni
1290 2673 1420 2713 homo
1442 2674 1478 2713 si
1501 2677 1566 2714 sta
1585 2675 1656 2715 nei
1671 2676 1845 2716 termini
1863 2675 1974 2716 suoi.
1995 2677 2026 2717 E
2047 2687 2144 2728 pro·

379 2738 617 2778 vedimenti
634 2737 733 2778 facti
747 2737 821 2777 nel
837 2738 1006 2786 Palazo,
1023 2738 1095 2778 nel
1109 2738 1282 2790 Borgho
1304 2741 1346 2778 et
1363 2738 1478 2778 nella
1499 2740 1630 2780 Terra
1646 2750 1755 2781 sono
1770 2741 1904 2792 quelli
1917 2740 2144 2782 medesimi

379 2803 420 2842 vi
443 2802 597 2853 scripsi
617 2813 695 2854 per
714 2802 754 2842 13
775 2802 863 2842 1013
890 2802 933 2842 (11
956 2802 1079 2851 hieri,
1110 2813 1133 2842 e
1163 2803 1283 2853 quali
1314 2802 1420 2843 111011
1450 2802 1487 2842 51
1515 2815 1623 2845 5000
1655 2806 1865 2858 656811111;
1892 2809 1935 2846 61
1952 2805 1994 2846 16
2011 2808 2143 2858 gente

382 2867 549 2908 d’arme
595 2868 952 2908 continuamente
989 2867 1350 2918 comparischono
1381 2868 1454 2908 nel
1486 2870 1674 2922 Borgho,
1697 2871 1809 2912 dove
1843 2869 1960 2912 stara
1991 2870 2071 2911 sin’
2098 2870 2142 2911 in

383 2932 460 2973 2100
480 2933 647 2974 homini
668 2933 829 2973 d’arme
860 2943 940 2972 000
965 2932 1008 2972 13
1027 2943 1217 2982 persona
1250 2933 1321 2973 del
1355 2933 1503 2973 Conte.
1522 2935 1675 2976 L'altre
1699 2947 1890 2978 saranno
1907 2936 2142 2990 alloggiate

379 2999 454 3050 qui
474 2998 647 3038 intorno
662 3009 686 3038 a
710 2999 845 3038 Roma
866 3009 891 3038 a
909 3011 937 3037 11
956 2996 1122 3049 11118113.

433 3080 448 3098 ι
483 3063 628 3113 Questi
649 3063 808 3103 Baroni
829 3062 871 3102 di
889 3064 1040 3112 Roma,
1063 3063 1207 3104 Orsini
1222 3067 1263 3105 et
1279 3065 1526 3114 Colonnesi‚
1547 3075 1656 3104 sono
1677 3065 1782 3105 111011
1802 3064 2030 3116 compariti
2049 3065 2137 3117 qui,

377 3132 418 3168 et
435 3131 590 3180 questa
615 3139 726 3177 sera,
751 3139 775 3168 o
795 3131 998 3176 stanotte‚
1022 3128 1059 3168 01
1079 3132 1254 3180 aspecta
1283 3130 1312 3169 il
1333 3130 1420 3182 Sig.
1449 3129 1643 3181 Virginio
1670 3140 1751 3169 000
1767 3130 1847 3168 200
1867 3129 2041 3179 cavalli,
2062 3128 2140 3170 che

377 3192 531 3233 dicono
553 3205 702 3234 essere
722 3194 765 3233 13
791 3192 982 3244 131018113
1005 3193 1089 3232 8113
1124 3206 1133 3232 :
1154 3204 1242 3233 non
1264 3194 1300 3233 si
1332 3194 1458 3233 stima
1496 3205 1574 3244 per
1602 3204 1749 3233 essere
1769 3194 1809 3233 13
1842 3193 2039 3246 Signoria
2059 3203 2136 3233 sua

376 3258 494 3298 savia
530 3261 571 3298 et
605 3258 829 3306 chatolica,
861 3257 938 3297 che
970 3257 1088 3309 vogli
1119 3261 1264 3298 mutar
1290 3261 1447 3298 natura
1477 3258 1522 3297 in
1551 3258 1737 3298 alterare
1764 3261 1919 3309 queste
1945 3268 2060 3298 cose.
2080 3258 2146 3297 La·

376 3323 573 3373 Signoria
594 3325 694 3372 Sua,
726 3326 767 3363 et
795 3323 886 3362 cosi
902 3322 1047 3373 questi
1072 3323 1317 3372 Colonnesi‚
1338 3322 1493 3363 dicono
1511 3334 1588 3374 per
1607 3323 1649 3362 la
1676 3320 1830 3362 liberta
1849 3321 2132 3362 ecclesiastica

375 3386 520 3426 volere
550 3389 736 3427 niectere
768 3387 798 3425 li
827 3386 933 3426 Stati
960 3389 1003 3426 et
1036 3386 1079 3427 13
1112 3388 1199 3428 vita
1232 3386 1407 3439 quando
1427 3387 1702 3440 bisogniasse
1735 3400 1743 3427 ε
1771 3397 1880 3438 pure
1899 3385 2131 3427 tuotavolta
