2262 3958
172 296 438 343 [hauriet-149⁰]
611 293 780 331 RERUM
814 292 1119 333 URBANARUM
1153 295 1505 333 COMMENTARH.
1883 299 1954 334 389

170 399 436 464 suscipere,
479 398 564 446 sed
600 396 694 446 dixi
731 412 835 446 rem
874 399 958 446 SS.
998 401 1054 447 D.
1100 402 1267 458 nostro
1302 398 1422 447 velle
1457 413 1730 463 proponere
1767 402 1814 448 et
1847 399 1952 463 ejus

169 482 451 535 mandatum
479 481 653 530 deinde
686 481 804 530 velle
837 482 1039 545 exequi3
1074 482 1163 546 ipsi
1192 481 1506 530 nihilominus
1534 497 1621 545 pro
1653 497 1710 530 ea
1732 481 1827 538 die,
1859 498 1954 545 qua

168 551 262 616 hec
294 565 411 620 mihi
446 564 686 624 dixerunt,
725 565 1084 614 concordarunt
1131 565 1262 628 quod
1298 568 1355 613 D.
1388 564 1635 612 Johannes
1668 565 1953 629 precederet

169 650 273 699 sine
294 649 578 714 prejudicio,
597 649 771 698 deinde
787 649 880 697 alia
898 649 974 697 die
992 650 1276 713 precederet
1292 652 1350 698 D.
1369 652 1540 698 Petrus
1564 648 1668 698 sine
1684 649 1951 713 prejudicio

170 732 355 783 domini
371 732 606 782 Johannis
633 752 641 781 :
666 733 758 781 hec
778 732 904 781 inter
919 748 977 797 ‚se
995 732 1175 796 pluries
1192 734 1506 782 observarunt
1527 733 1574 781 in
1598 733 1799 796 capella,
1826 737 1955 799 Papa

170 821 415 884 presente.
441 815 549 864 Fuit
569 818 731 864 autem
752 815 844 862 hec
862 814 987 863 inter
1008 831 1091 864 eos
1119 831 1265 864 causa
1290 833 1299 864 :

237 901 404 951 Dictus
425 902 482 949 D.
507 899 752 948 Johannes
786 899 980 947 nuntius
1009 903 1113 948 erat
1137 899 1237 948 sive
1261 903 1423 948 orator
1449 899 1545 963 lige
1579 902 1627 949 S.
1653 902 1846 966 Georgii
1870 919 1959 966 per

171 983 508 1035 serenissimos
545 982 891 1046 imperatorem
922 986 970 1030 et
1007 999 1175 1048 regem
1214 986 1545 1032 Romanorum
1585 984 1871 1033 confirmate
1911 991 1957 1034 et

172 1064 398 1131 stabilite,
419 1065 636 1114 institute
657 1080 746 1130 pro
762 1065 1046 1116 defensione
1065 1070 1301 1116 terrarum
1319 1068 1576 1116 Germanic
1600 1084 1738 1117 sacro
1756 1085 1957 1117 romano

169 1149 374 1216 imperio
418 1150 772 1216 subjectarum.
819 1149 879 1198 de
923 1166 1018 1213 qua
1059 1151 1255 1215 quidem
1300 1153 1532 1217 ligatione
1574 1158 1685 1202 sunt
1737 1153 1957 1202 marchio

170 1233 403 1284 Badensis
423 1249 588 1284 comes
612 1233 670 1282 de
691 1233 1002 1298 Virtemberg
1021 1237 1068 1283 et
1089 1234 1166 1282 alii
1190 1236 1466 1307 complures
1485 1236 1707 1297 comiteS,
1726 1237 1955 1293 baroneS‚

85 1362 89 1368 s
171 1318 349 1369 milites
373 1321 421 1368 et
440 1318 646 1379 nobiles,
673 1317 850 1383 oppida
877 1318 1123 1368 Utinensis
1146 1324 1193 1369 et
1214 1320 1308 1369 alia
1330 1322 1597 1386 complura.
1623 1325 1707 1370 Est
1729 1326 1776 1371 et
1799 1322 1956 1372 eidem

173 1401 456 1466 collegiatus
471 1405 527 1451 R.
547 1404 604 1450 D.
628 1401 1024 1467 archiepiscopus
1043 1404 1446 1468 Moguntinensis,
1467 1406 1597 1454 lllus.
1622 1406 1959 1470 Sigismundus

131 1555 139 1558 -
175 1485 368 1536 Austrie
398 1485 631 1534 archidux
659 1490 708 1534 et
739 1486 818 1534 alii
850 1486 1121 1551 principes3
1154 1493 1201 1537 et
1230 1504 1342 1536 cum
1369 1489 1471 1553 ipse
1502 1492 1557 1539 D.
1587 1490 1833 1538 Johannes
1861 1506 1959 1538 non

178 1570 336 1622 solum
357 1574 518 1621 orator
537 1570 632 1635 lige
660 1571 876 1635 predicte
906 1576 1051 1632 esset,
1079 1572 1165 1620 sed
1195 1573 1340 1621 etiam
1370 1572 1669 1636 prefatorum
1699 1572 1962 1637 archiepis-

177 1654 288 1719 copi
318 1654 704 1719 Moguntinensis
738 1659 786 1703 et
818 1655 1111 1715 archiducis,
1145 1656 1224 1720 qui
1258 1673 1345 1720 pro
1383 1657 1688 1720 expeditione
1727 1673 1813 1706 sua
1846 1672 1960 1706 suos

177 1742 395 1788 oratores
420 1737 722 1786 ministratur
747 1738 794 1786 in
827 1755 937 1787 eum
968 1740 1131 1788 locum
1164 1740 1213 1788 in
1246 1756 1341 1804 quo
1370 1741 1472 1805 ipse
1504 1741 1564 1789 ad
1594 1741 1774 1790 Urbem
1799 1743 1963 1788 orator

175 1821 335 1890 fuerat
353 1821 638 1881 destinatuS,
673 1825 721 1870 et
749 1838 845 1870 una
874 1839 981 1872 cum
1008 1823 1104 1887 liga
1127 1825 1284 1888 ipsum
1311 1825 1615 1873 ordinaverat
1643 1828 1694 1873 ut
1724 1823 1962 1888 Mogunti-

177 1919 381 1963 nensem
405 1906 670 1970 palatinum
693 1908 956 1970 precedere
978 1907 1195 1968 deberet,
1221 1909 1287 1957 ita
1312 1909 1403 1973 ipsi
1431 1909 1610 1957 oratori
1626 1908 1823 1973 palatini
1853 1924 1961 1972 pre-

173 1988 290 2038 ferri
305 1989 484 2039 debere
507 1995 553 2039 et
575 1990 824 2055 anteponi.
853 1994 908 2040 D.
938 1994 1106 2040 Petrus
1135 1993 1430 2042 innitebatur
1450 1996 1506 2041 R.
1534 1995 1590 2041 D.
1621 1992 1960 2056 Moguntinen-

174 2088 280 2123 sem
314 2073 544 2122 comitem
579 2074 845 2138 palatinum
877 2076 1128 2124 dominum
1157 2093 1296 2125 suum
1330 2077 1624 2141 precedere;
1661 2081 1825 2125 tamen
1850 2093 1958 2125 cum

173 2154 277 2220 ipse
298 2157 356 2205 D.
379 2156 628 2206 Johannes
650 2172 748 2205 non
771 2161 900 2205 esset
921 2157 970 2204 in
993 2158 1118 2206 Urbe
1139 2164 1304 2207 orator
1324 2162 1376 2207 ut
1396 2159 1654 2222 palatium,
1674 2160 1762 2209 sed
1776 2164 1827 2207 ut
1844 2159 1958 2222 liga,

175 2238 414 2303 allegabat
433 2239 647 2304 primum
671 2241 834 2289 locum
856 2240 947 2289 sibi
967 2241 1071 2290 fore
1093 2242 1327 2290 debitum.

239 2323 395 2372 Habui
415 2339 561 2388 super
588 2324 684 2372 hoc
705 2324 945 2389 judicium
975 2326 1100 2374 Rmi.
1132 2329 1188 2374 D.
1214 2327 1470 2375 cardinalis
1498 2326 1745 2386 SenensiS,
1772 2327 1847 2374 cui
1864 2326 1958 2375 dixi

172 2406 293 2455 mihi
330 2406 478 2455 videri
509 2406 638 2470 quod
670 2410 728 2455 D.
763 2409 1010 2457 Johannes
1048 2414 1177 2458 esset
1210 2410 1531 2474 preferendus
1573 2428 1582 2457 :
1621 2410 1871 2474 respondit
1902 2413 1957 2457 R.

175 2490 452 2540 Dominatio
473 2507 560 2540 sua
578 2508 629 2540 se
652 2493 850 2542 credere
877 2508 955 2541 me
978 2508 1139 2542 errare
1162 2499 1208 2542 et
1232 2497 1288 2542 D.
1315 2497 1510 2543 Petrum
1540 2494 1642 2542 fore
1665 2498 1963 2558 anteponen-

175 2573 309 2635 dum,
345 2590 458 2624 cum
492 2577 548 2624 D.
585 2576 970 2641 Moguntinensis
1001 2593 1098 2625 non
1127 2582 1256 2627 esset
1286 2578 1334 2625 in
1370 2578 1468 2642 liga
1499 2582 1728 2641 tanquam
1758 2579 1962 2640 Mogun-

177 2658 380 2708 tinensis
417 2659 603 2708 elector
638 2660 852 2725 imperii,
893 2661 979 2709 sed
1016 2666 1067 2709 ut
1103 2662 1316 2726 prelatus
1348 2667 1396 2711 et
1423 2662 1677 2726 princeps3
1716 2661 1962 2709 nihilomi-

177 2758 268 2790 nus
298 2742 388 2791 sibi
422 2743 664 2792 videretur
705 2745 836 2808 quod
873 2745 1130 2793 consilium
1171 2746 1403 2796 haberem
1445 2746 1651 2794 duorum
1690 2745 1961 2793 auditorum

178 2831 282 2875 rote
314 2831 398 2875 aut
431 2827 635 2876 aliorum
674 2828 972 2892 prelatorum
1009 2829 1283 2890 doctorum,
1316 2847 1377 2879 ne
1412 2830 1643 2894 quiquam
1680 2845 1739 2878 ex
1771 2829 1960 2877 duobus

178 2910 406 2976 predictis
449 2911 660 2960 deterior
707 2911 864 2961 fieret.
900 2912 1129 2961 Consului
1170 2930 1316 2978 super
1352 2915 1447 2962 hoc
1489 2917 1546 2962 D.
1584 2914 1802 2962 Felinum
1840 2914 1962 2960 San-

180 2995 326 3043 deum
364 2994 631 3044 auditorem
672 3000 800 3057 rote,
848 2996 925 3045 cui
965 2996 1118 3044 visum
1159 3001 1255 3057 est,
1304 3003 1560 3061 postquam
1601 2997 1699 3061 liga
1731 3012 1791 3045 ex
1831 2996 1964 3060 justa

181 3093 328 3126 causa
373 3078 608 3137 instituta,
649 3082 696 3127 et
719 3071 815 3143 *per
848 3079 1167 3144 superiorem,
1198 3078 1421 3126 videlicet
1451 3079 1814 3142 imperatorem,
1850 3093 1963 3141 pro-

181 3162 292 3210 bata
325 3177 422 3210 non
458 3163 808 3224 conventicula,
854 3168 900 3211 et
936 3164 983 3211 in
1018 3179 1076 3211 ea
1113 3167 1225 3210 sunt
1255 3163 1434 3227 plures,
1470 3163 1616 3210 etiam
1645 3162 1683 3209 si
1718 3161 1877 3209 nullus
1904 3161 1964 3208 sit

179 3244 390 3308 palatino
424 3246 598 3310 major,
639 3246 727 3295 sibi
764 3246 910 3295 videri
947 3247 1076 3310 quod
1114 3251 1280 3294 orator
1309 3246 1404 3309 lige
1439 3251 1483 3294 et
1519 3245 1729 3303 comitis,
1766 3243 1962 3308 palatini

181 3329 360 3377 oratori
394 3329 453 3378 de
478 3330 586 3394 jure
617 3331 951 3394 preferendus,
983 3347 1095 3379 cum
1123 3331 1279 3394 major
1300 3330 1507 3393 dignitas
1537 3334 1586 3377 et
1612 3324 1966 3392 preeminentia

182 3412 241 3462 sit
263 3412 477 3478 pluribus
500 3413 546 3462 in
575 3429 701 3475 uno;
729 3415 903 3464 deinde
928 3415 1056 3463 idem
1086 3413 1323 3463 conclusit
1348 3416 1403 3464 D.
1429 3414 1674 3461 Johannes
1706 3411 1963 3476 episcopus
