<?xml version="1.0" encoding="UTF-8"?>
<!DOCTYPE html PUBLIC "-//W3C//DTD XHTML 1.0 Transitional//EN"
    "http://www.w3.org/TR/xhtml1/DTD/xhtml1-transitional.dtd">
<html xmlns="http://www.w3.org/1999/xhtml" xml:lang="en" lang="en">
 <head>
  <title>
</title>
<meta http-equiv="Content-Type" content="text/html;charset=utf-8" />
  <meta name='ocr-system' content='tesseract 3.04.00' />
  <meta name='ocr-capabilities' content='ocr_page ocr_carea ocr_par ocr_line ocrx_word'/>
</head>
<body>
  <div class='ocr_page' id='page_1' title='image "./diariumsivererum01burcuoft_0266.png"; bbox 0 0 2262 3958; ppageno 0'>
   <div class='ocr_carea' id='block_1_1' title="bbox 341 308 2109 360">
    <p class='ocr_par' dir='ltr' id='par_1_1' title="bbox 341 308 2109 360">
     <span class='ocr_line' id='line_1_1' title="bbox 341 308 2109 360; baseline 0.004 -17"><span class='ocrx_word' id='word_1_1' title='bbox 341 311 410 345; x_wconf 79' lang='lat'>256</span> <span class='ocrx_word' id='word_1_2' title='bbox 944 308 1176 344; x_wconf 76' lang='lat' dir='ltr'>JOHANNJS</span> <span class='ocrx_word' id='word_1_3' title='bbox 1210 309 1504 356; x_wconf 75' lang='lat' dir='ltr'>BURCHARDI,</span> <span class='ocrx_word' id='word_1_4' title='bbox 1917 318 1995 359; x_wconf 61' lang='lat' dir='ltr'>[nai</span> <span class='ocrx_word' id='word_1_5' title='bbox 2020 319 2109 360; x_wconf 78' lang='lat'><strong>1487]</strong></span> 
     </span>
    </p>
   </div>
   <div class='ocr_carea' id='block_1_2' title="bbox 316 408 2110 3471">
    <p class='ocr_par' dir='ltr' id='par_1_2' title="bbox 335 408 2110 1209">
     <span class='ocr_line' id='line_1_2' title="bbox 339 408 2110 481; baseline 0.007 -25"><span class='ocrx_word' id='word_1_6' title='bbox 339 408 650 457; x_wconf 87' lang='lat' dir='ltr'>diaconorum</span> <span class='ocrx_word' id='word_1_7' title='bbox 671 408 984 456; x_wconf 78' lang='lat' dir='ltr'>cardinalium</span> <span class='ocrx_word' id='word_1_8' title='bbox 1006 414 1052 458; x_wconf 85' lang='lat' dir='ltr'>et</span> <span class='ocrx_word' id='word_1_9' title='bbox 1076 415 1205 460; x_wconf 87' lang='lat' dir='ltr'>retro</span> <span class='ocrx_word' id='word_1_10' title='bbox 1226 411 1394 476; x_wconf 90' lang='lat' dir='ltr'>positis</span> <span class='ocrx_word' id='word_1_11' title='bbox 1421 429 1431 460; x_wconf 92' lang='lat'>:</span> <span class='ocrx_word' id='word_1_12' title='bbox 1456 412 1697 476; x_wconf 86' lang='lat' dir='ltr'>digniores</span> <span class='ocrx_word' id='word_1_13' title='bbox 1720 417 1765 464; x_wconf 93' lang='lat' dir='ltr'>in</span> <span class='ocrx_word' id='word_1_14' title='bbox 1783 418 1938 481; x_wconf 87' lang='lat' dir='ltr'>prima</span> <span class='ocrx_word' id='word_1_15' title='bbox 1953 419 2110 468; x_wconf 88' lang='lat' dir='ltr'>banca</span> 
     </span>
     <span class='ocr_line' id='line_1_3' title="bbox 340 491 2107 565; baseline 0.005 -26"><span class='ocrx_word' id='word_1_16' title='bbox 340 491 431 539; x_wconf 90' lang='lat' dir='ltr'>vidi</span> <span class='ocrx_word' id='word_1_17' title='bbox 458 491 748 555; x_wconf 82' lang='lat' dir='ltr'>proximiore</span> <span class='ocrx_word' id='word_1_18' title='bbox 776 491 930 550; x_wconf 85' lang='lat' dir='ltr'>altari,</span> <span class='ocrx_word' id='word_1_19' title='bbox 963 498 1179 542; x_wconf 88' lang='lat' dir='ltr'>oratores</span> <span class='ocrx_word' id='word_1_20' title='bbox 1208 494 1316 542; x_wconf 89' lang='lat' dir='ltr'>laici</span> <span class='ocrx_word' id='word_1_21' title='bbox 1343 499 1452 558; x_wconf 90' lang='lat' dir='ltr'>post</span> <span class='ocrx_word' id='word_1_22' title='bbox 1479 495 1686 546; x_wconf 89' lang='lat' dir='ltr'>bancum</span> <span class='ocrx_word' id='word_1_23' title='bbox 1713 501 2107 565; x_wconf 84' lang='lat' dir='ltr'>presbyterorum</span> 
     </span>
     <span class='ocr_line' id='line_1_4' title="bbox 339 574 2106 646; baseline 0.005 -24"><span class='ocrx_word' id='word_1_24' title='bbox 339 574 653 623; x_wconf 82' lang='lat' dir='ltr'>cardinalium</span> <span class='ocrx_word' id='word_1_25' title='bbox 673 574 721 621; x_wconf 93' lang='lat' dir='ltr'>in</span> <span class='ocrx_word' id='word_1_26' title='bbox 749 590 835 622; x_wconf 89' lang='lat' dir='ltr'>sua</span> <span class='ocrx_word' id='word_1_27' title='bbox 865 575 1035 635; x_wconf 85' lang='lat' dir='ltr'>banca,</span> <span class='ocrx_word' id='word_1_28' title='bbox 1066 580 1113 625; x_wconf 91' lang='lat' dir='ltr'>et</span> <span class='ocrx_word' id='word_1_29' title='bbox 1148 577 1292 640; x_wconf 77' lang='lat' dir='ltr'>aliqui</span> <span class='ocrx_word' id='word_1_30' title='bbox 1322 578 1508 626; x_wconf 90' lang='lat' dir='ltr'>nobiles</span> <span class='ocrx_word' id='word_1_31' title='bbox 1543 579 1604 627; x_wconf 88' lang='lat' dir='ltr'>ad</span> <span class='ocrx_word' id='word_1_32' title='bbox 1636 581 1739 629; x_wconf 91' lang='lat' dir='ltr'>solii</span> <span class='ocrx_word' id='word_1_33' title='bbox 1781 585 1907 646; x_wconf 88' lang='lat' dir='ltr'>Pape</span> <span class='ocrx_word' id='word_1_34' title='bbox 1931 583 2106 646; x_wconf 87' lang='lat' dir='ltr'>gradus</span> 
     </span>
     <span class='ocr_line' id='line_1_5' title="bbox 336 658 2105 728; baseline 0.005 -23"><span class='ocrx_word' id='word_1_35' title='bbox 336 674 469 705; x_wconf 88' lang='lat' dir='ltr'>more</span> <span class='ocrx_word' id='word_1_36' title='bbox 489 661 738 706; x_wconf 91' lang='lat' dir='ltr'>consueto.</span> <span class='ocrx_word' id='word_1_37' title='bbox 765 658 899 707; x_wconf 85' lang='lat' dir='ltr'>Prior</span> <span class='ocrx_word' id='word_1_38' title='bbox 924 660 1317 724; x_wconf 83' lang='lat' dir='ltr'>presbyterorum</span> <span class='ocrx_word' id='word_1_39' title='bbox 1347 661 1659 710; x_wconf 80' lang='lat' dir='ltr'>cardinalium</span> <span class='ocrx_word' id='word_1_40' title='bbox 1691 679 1786 711; x_wconf 91' lang='lat' dir='ltr'>non</span> <span class='ocrx_word' id='word_1_41' title='bbox 1811 665 1957 712; x_wconf 87' lang='lat' dir='ltr'>astitit</span> <span class='ocrx_word' id='word_1_42' title='bbox 1978 668 2105 728; x_wconf 85' lang='lat' dir='ltr'>Pape</span> 
     </span>
     <span class='ocr_line' id='line_1_6' title="bbox 335 734 2104 807; baseline 0.005 -20"><span class='ocrx_word' id='word_1_43' title='bbox 335 740 421 788; x_wconf 89' lang='lat' dir='ltr'>sed</span> <span class='ocrx_word' id='word_1_44' title='bbox 441 739 615 788; x_wconf 89' lang='lat' dir='ltr'>mansit</span> <span class='ocrx_word' id='word_1_45' title='bbox 639 740 686 788; x_wconf 93' lang='lat' dir='ltr'>in</span> <span class='ocrx_word' id='word_1_46' title='bbox 706 740 815 789; x_wconf 92' lang='lat' dir='ltr'>loco</span> <span class='ocrx_word' id='word_1_47' title='bbox 838 757 925 790; x_wconf 91' lang='lat' dir='ltr'>suo</span> <span class='ocrx_word' id='word_1_48' title='bbox 940 744 1244 807; x_wconf 89' lang='lat' dir='ltr'>propterloci</span> <span class='ocrx_word' id='word_1_49' title='bbox 1257 734 1563 793; x_wconf 84' lang='lat' dir='ltr'>anxietatem.</span> <span class='ocrx_word' id='word_1_50' title='bbox 1587 745 1718 793; x_wconf 82' lang='lat' dir='ltr'>Fecit</span> <span class='ocrx_word' id='word_1_51' title='bbox 1736 746 1945 794; x_wconf 89' lang='lat' dir='ltr'>officium</span> <span class='ocrx_word' id='word_1_52' title='bbox 1964 763 2104 795; x_wconf 90' lang='lat' dir='ltr'>suum</span> 
     </span>
     <span class='ocr_line' id='line_1_7' title="bbox 335 826 2103 888; baseline 0.004 -17"><span class='ocrx_word' id='word_1_53' title='bbox 335 828 550 888; x_wconf 85' lang='lat' dir='ltr'>tempore</span> <span class='ocrx_word' id='word_1_54' title='bbox 585 828 873 888; x_wconf 86' lang='lat' dir='ltr'>opportuno.</span> <span class='ocrx_word' id='word_1_55' title='bbox 907 826 1181 875; x_wconf 87' lang='lat' dir='ltr'>Cardinales</span> <span class='ocrx_word' id='word_1_56' title='bbox 1217 828 1362 876; x_wconf 90' lang='lat' dir='ltr'>etiam</span> <span class='ocrx_word' id='word_1_57' title='bbox 1389 843 1485 875; x_wconf 90' lang='lat' dir='ltr'>non</span> <span class='ocrx_word' id='word_1_58' title='bbox 1516 833 1748 877; x_wconf 89' lang='lat' dir='ltr'>venerunt</span> <span class='ocrx_word' id='word_1_59' title='bbox 1784 829 1845 877; x_wconf 87' lang='lat' dir='ltr'>ad</span> <span class='ocrx_word' id='word_1_60' title='bbox 1871 829 2103 878; x_wconf 91' lang='lat' dir='ltr'>circulum</span> 
     </span>
     <span class='ocr_line' id='line_1_8' title="bbox 337 907 2104 978; baseline 0.005 -23"><span class='ocrx_word' id='word_1_61' title='bbox 337 907 421 956; x_wconf 88' lang='lat' dir='ltr'>sed</span> <span class='ocrx_word' id='word_1_62' title='bbox 449 911 633 956; x_wconf 81' lang='lat' dir='ltr'>tantum</span> <span class='ocrx_word' id='word_1_63' title='bbox 677 914 1001 958; x_wconf 87' lang='lat' dir='ltr'>surrexerunt.</span> <span class='ocrx_word' id='word_1_64' title='bbox 1035 910 1297 975; x_wconf 84' lang='lat' dir='ltr'>Episcopus</span> <span class='ocrx_word' id='word_1_65' title='bbox 1339 911 1719 975; x_wconf 84' lang='lat' dir='ltr'>Albenganensis</span> <span class='ocrx_word' id='word_1_66' title='bbox 1755 912 1955 961; x_wconf 88' lang='lat' dir='ltr'>vicarius</span> <span class='ocrx_word' id='word_1_67' title='bbox 1978 916 2104 978; x_wconf 85' lang='lat' dir='ltr'>Pape</span> 
     </span>
     <span class='ocr_line' id='line_1_9' title="bbox 339 990 2105 1057; baseline 0.002 -19"><span class='ocrx_word' id='word_1_68' title='bbox 339 990 452 1039; x_wconf 81' lang='lat' dir='ltr'>fecit</span> <span class='ocrx_word' id='word_1_69' title='bbox 479 990 691 1039; x_wconf 83' lang='lat' dir='ltr'>officium</span> <span class='ocrx_word' id='word_1_70' title='bbox 718 991 766 1039; x_wconf 92' lang='lat' dir='ltr'>in</span> <span class='ocrx_word' id='word_1_71' title='bbox 793 993 1086 1057; x_wconf 82' lang='lat' dir='ltr'>paramentis</span> <span class='ocrx_word' id='word_1_72' title='bbox 1110 993 1291 1054; x_wconf 78' lang='lat' dir='ltr'>rubeis,</span> <span class='ocrx_word' id='word_1_73' title='bbox 1323 994 1436 1042; x_wconf 80' lang='lat' dir='ltr'>dixit</span> <span class='ocrx_word' id='word_1_74' title='bbox 1468 993 1628 1042; x_wconf 80' lang='lat' dir='ltr'>Gloria</span> <span class='ocrx_word' id='word_1_75' title='bbox 1662 995 1710 1041; x_wconf 78' lang='lat' dir='ltr'>z&#39;n</span> <span class='ocrx_word' id='word_1_76' title='bbox 1742 995 1950 1054; x_wconf 63' lang='lat' dir='ltr'>excelsis,</span> <span class='ocrx_word' id='word_1_77' title='bbox 1992 993 2105 1042; x_wconf 63' lang='lat' dir='ltr'>Pax</span> 
     </span>
     <span class='ocr_line' id='line_1_10' title="bbox 341 1075 2104 1141; baseline 0.001 -19"><span class='ocrx_word' id='word_1_78' title='bbox 341 1075 480 1134; x_wconf 73' lang='lat' dir='ltr'>vobis,</span> <span class='ocrx_word' id='word_1_79' title='bbox 514 1091 659 1122; x_wconf 84' lang='lat' dir='ltr'>unam</span> <span class='ocrx_word' id='word_1_80' title='bbox 680 1075 945 1124; x_wconf 89' lang='lat' dir='ltr'>orationem</span> <span class='ocrx_word' id='word_1_81' title='bbox 968 1080 1167 1136; x_wconf 89' lang='lat' dir='ltr'>tantum,</span> <span class='ocrx_word' id='word_1_82' title='bbox 1198 1077 1364 1138; x_wconf 76' lang='lat' dir='ltr'>Credo,</span> <span class='ocrx_word' id='word_1_83' title='bbox 1395 1077 1710 1140; x_wconf 84' lang='lat' dir='ltr'>prefationem</span> <span class='ocrx_word' id='word_1_84' title='bbox 1732 1078 1790 1127; x_wconf 91' lang='lat' dir='ltr'>de</span> <span class='ocrx_word' id='word_1_85' title='bbox 1812 1076 2039 1141; x_wconf 87' lang='lat' dir='ltr'>apostolis</span> <span class='ocrx_word' id='word_1_86' title='bbox 2058 1080 2104 1125; x_wconf 91' lang='lat' dir='ltr'>et</span> 
     </span>
     <span class='ocr_line' id='line_1_11' title="bbox 335 1158 854 1209; baseline 0.002 -4"><span class='ocrx_word' id='word_1_87' title='bbox 335 1158 425 1206; x_wconf 86' lang='lat' dir='ltr'>alia</span> <span class='ocrx_word' id='word_1_88' title='bbox 449 1174 582 1207; x_wconf 90' lang='lat' dir='ltr'>more</span> <span class='ocrx_word' id='word_1_89' title='bbox 605 1166 854 1209; x_wconf 89' lang='lat' dir='ltr'>consueto.</span> 
     </span>
    </p>

    <p class='ocr_par' dir='ltr' id='par_1_3' title="bbox 325 1242 2104 1870">
     <span class='ocr_line' id='line_1_12' title="bbox 397 1242 2104 1310; baseline 0.003 -21"><span class='ocrx_word' id='word_1_90' title='bbox 397 1244 449 1289; x_wconf 92' lang='lat' dir='ltr'>In</span> <span class='ocrx_word' id='word_1_91' title='bbox 470 1242 566 1290; x_wconf 89' lang='lat' dir='ltr'>fine</span> <span class='ocrx_word' id='word_1_92' title='bbox 593 1242 756 1304; x_wconf 89' lang='lat' dir='ltr'>misse,</span> <span class='ocrx_word' id='word_1_93' title='bbox 789 1246 918 1308; x_wconf 90' lang='lat' dir='ltr'>Papa</span> <span class='ocrx_word' id='word_1_94' title='bbox 941 1245 1071 1294; x_wconf 88' lang='lat' dir='ltr'>dedit</span> <span class='ocrx_word' id='word_1_95' title='bbox 1098 1244 1485 1294; x_wconf 87' lang='lat' dir='ltr'>benedictionem</span> <span class='ocrx_word' id='word_1_96' title='bbox 1519 1250 1566 1294; x_wconf 91' lang='lat' dir='ltr'>et</span> <span class='ocrx_word' id='word_1_97' title='bbox 1595 1245 1912 1309; x_wconf 85' lang='lat' dir='ltr'>indulgentias</span> <span class='ocrx_word' id='word_1_98' title='bbox 1943 1244 2104 1310; x_wconf 86' lang='lat' dir='ltr'>plena-</span> 
     </span>
     <span class='ocr_line' id='line_1_13' title="bbox 327 1323 2102 1391; baseline 0.002 -20"><span class='ocrx_word' id='word_1_99' title='bbox 327 1323 422 1372; x_wconf 87' lang='lat' dir='ltr'>rias</span> <span class='ocrx_word' id='word_1_100' title='bbox 444 1340 563 1388; x_wconf 88' lang='lat' dir='ltr'>quas</span> <span class='ocrx_word' id='word_1_101' title='bbox 584 1325 840 1388; x_wconf 88' lang='lat' dir='ltr'>publicavit</span> <span class='ocrx_word' id='word_1_102' title='bbox 858 1327 1127 1375; x_wconf 87' lang='lat' dir='ltr'>celebrans.</span> <span class='ocrx_word' id='word_1_103' title='bbox 1159 1328 1242 1375; x_wconf 92' lang='lat' dir='ltr'>His</span> <span class='ocrx_word' id='word_1_104' title='bbox 1267 1326 1537 1391; x_wconf 88' lang='lat' dir='ltr'>publicatis,</span> <span class='ocrx_word' id='word_1_105' title='bbox 1567 1328 1646 1376; x_wconf 89' lang='lat' dir='ltr'>ivit</span> <span class='ocrx_word' id='word_1_106' title='bbox 1677 1328 1738 1376; x_wconf 91' lang='lat' dir='ltr'>ad</span> <span class='ocrx_word' id='word_1_107' title='bbox 1758 1327 2024 1376; x_wconf 85' lang='lat' dir='ltr'>sacristiam</span> <span class='ocrx_word' id='word_1_108' title='bbox 2042 1328 2102 1376; x_wconf 88' lang='lat' dir='ltr'>ad</span> 
     </span>
     <span class='ocr_line' id='line_1_14' title="bbox 327 1407 2100 1474; baseline 0.002 -19"><span class='ocrx_word' id='word_1_109' title='bbox 327 1422 378 1456; x_wconf 88' lang='lat' dir='ltr'>se</span> <span class='ocrx_word' id='word_1_110' title='bbox 424 1407 697 1456; x_wconf 87' lang='lat' dir='ltr'>exuendum</span> <span class='ocrx_word' id='word_1_111' title='bbox 741 1409 822 1457; x_wconf 94' lang='lat' dir='ltr'>ubi</span> <span class='ocrx_word' id='word_1_112' title='bbox 873 1410 1017 1458; x_wconf 91' lang='lat' dir='ltr'>etiam</span> <span class='ocrx_word' id='word_1_113' title='bbox 1061 1415 1342 1474; x_wconf 86' lang='lat' dir='ltr'>paramenta</span> <span class='ocrx_word' id='word_1_114' title='bbox 1391 1413 1660 1474; x_wconf 87' lang='lat' dir='ltr'>acceperat.</span> <span class='ocrx_word' id='word_1_115' title='bbox 1711 1411 1838 1458; x_wconf 78' lang='lat' dir='ltr'>Infra</span> <span class='ocrx_word' id='word_1_116' title='bbox 1881 1409 2100 1469; x_wconf 86' lang='lat' dir='ltr'>missam,</span> 
     </span>
     <span class='ocr_line' id='line_1_15' title="bbox 326 1490 2100 1557; baseline 0.001 -18"><span class='ocrx_word' id='word_1_117' title='bbox 326 1490 577 1539; x_wconf 89' lang='lat' dir='ltr'>celebrans</span> <span class='ocrx_word' id='word_1_118' title='bbox 599 1491 721 1540; x_wconf 93' lang='lat' dir='ltr'>sedit</span> <span class='ocrx_word' id='word_1_119' title='bbox 742 1491 791 1539; x_wconf 92' lang='lat' dir='ltr'>in</span> <span class='ocrx_word' id='word_1_120' title='bbox 811 1492 1076 1542; x_wconf 87' lang='lat' dir='ltr'>faldistorio</span> <span class='ocrx_word' id='word_1_121' title='bbox 1098 1493 1147 1541; x_wconf 91' lang='lat' dir='ltr'>in</span> <span class='ocrx_word' id='word_1_122' title='bbox 1175 1509 1324 1542; x_wconf 89' lang='lat' dir='ltr'>cornu</span> <span class='ocrx_word' id='word_1_123' title='bbox 1351 1493 1551 1557; x_wconf 89' lang='lat' dir='ltr'>epistole</span> <span class='ocrx_word' id='word_1_124' title='bbox 1581 1495 1795 1556; x_wconf 88' lang='lat' dir='ltr'>paratus,</span> <span class='ocrx_word' id='word_1_125' title='bbox 1825 1492 1945 1541; x_wconf 89' lang='lat' dir='ltr'>facie</span> <span class='ocrx_word' id='word_1_126' title='bbox 1973 1494 2100 1556; x_wconf 88' lang='lat' dir='ltr'>Pape</span> 
     </span>
     <span class='ocr_line' id='line_1_16' title="bbox 325 1573 2099 1641; baseline 0.001 -19"><span class='ocrx_word' id='word_1_127' title='bbox 325 1578 372 1623; x_wconf 88' lang='lat' dir='ltr'>et</span> <span class='ocrx_word' id='word_1_128' title='bbox 392 1575 585 1623; x_wconf 90' lang='lat' dir='ltr'>renibus</span> <span class='ocrx_word' id='word_1_129' title='bbox 608 1576 783 1640; x_wconf 90' lang='lat' dir='ltr'>populo</span> <span class='ocrx_word' id='word_1_130' title='bbox 805 1573 952 1625; x_wconf 87' lang='lat' dir='ltr'>versis</span> <span class='ocrx_word' id='word_1_131' title='bbox 975 1577 1035 1624; x_wconf 90' lang='lat' dir='ltr'>ad</span> <span class='ocrx_word' id='word_1_132' title='bbox 1059 1577 1211 1625; x_wconf 89' lang='lat' dir='ltr'>instar</span> <span class='ocrx_word' id='word_1_133' title='bbox 1238 1577 1419 1641; x_wconf 91' lang='lat' dir='ltr'>capelle</span> <span class='ocrx_word' id='word_1_134' title='bbox 1448 1575 1644 1624; x_wconf 87' lang='lat' dir='ltr'>basilice</span> <span class='ocrx_word' id='word_1_135' title='bbox 1668 1592 1706 1623; x_wconf 91' lang='lat' dir='ltr'>s.</span> <span class='ocrx_word' id='word_1_136' title='bbox 1731 1575 1876 1624; x_wconf 84' lang='lat' dir='ltr'>Petri.</span> <span class='ocrx_word' id='word_1_137' title='bbox 1903 1574 2099 1624; x_wconf 82' lang='lat' dir='ltr'>Interim</span> 
     </span>
     <span class='ocr_line' id='line_1_17' title="bbox 325 1657 2100 1724; baseline 0.002 -20"><span class='ocrx_word' id='word_1_138' title='bbox 325 1657 453 1720; x_wconf 91' lang='lat' dir='ltr'>quod</span> <span class='ocrx_word' id='word_1_139' title='bbox 486 1661 613 1722; x_wconf 87' lang='lat' dir='ltr'>Pape</span> <span class='ocrx_word' id='word_1_140' title='bbox 648 1659 917 1708; x_wconf 87' lang='lat' dir='ltr'>reverentia</span> <span class='ocrx_word' id='word_1_141' title='bbox 950 1659 1089 1708; x_wconf 89' lang='lat' dir='ltr'>fieret</span> <span class='ocrx_word' id='word_1_142' title='bbox 1127 1676 1213 1724; x_wconf 90' lang='lat' dir='ltr'>per</span> <span class='ocrx_word' id='word_1_143' title='bbox 1251 1660 1535 1720; x_wconf 86' lang='lat' dir='ltr'>cardinales,</span> <span class='ocrx_word' id='word_1_144' title='bbox 1591 1659 1717 1707; x_wconf 90' lang='lat' dir='ltr'>venit</span> <span class='ocrx_word' id='word_1_145' title='bbox 1763 1663 1960 1707; x_wconf 89' lang='lat' dir='ltr'>senator</span> <span class='ocrx_word' id='word_1_146' title='bbox 1991 1674 2100 1708; x_wconf 90' lang='lat' dir='ltr'>cum</span> 
     </span>
     <span class='ocr_line' id='line_1_18' title="bbox 325 1741 2099 1806; baseline 0 -18"><span class='ocrx_word' id='word_1_147' title='bbox 325 1741 758 1802; x_wconf 87' lang='lat' dir='ltr'>conservatoribus,</span> <span class='ocrx_word' id='word_1_148' title='bbox 808 1742 990 1790; x_wconf 89' lang='lat' dir='ltr'>faciens</span> <span class='ocrx_word' id='word_1_149' title='bbox 1042 1743 1358 1791; x_wconf 89' lang='lat' dir='ltr'>reverentiam</span> <span class='ocrx_word' id='word_1_150' title='bbox 1406 1745 1531 1806; x_wconf 89' lang='lat' dir='ltr'>Pape</span> <span class='ocrx_word' id='word_1_151' title='bbox 1583 1745 1630 1790; x_wconf 92' lang='lat' dir='ltr'>et</span> <span class='ocrx_word' id='word_1_152' title='bbox 1659 1741 1797 1790; x_wconf 87' lang='lat' dir='ltr'>altari</span> <span class='ocrx_word' id='word_1_153' title='bbox 1828 1744 2012 1789; x_wconf 89' lang='lat' dir='ltr'>tantum</span> <span class='ocrx_word' id='word_1_154' title='bbox 2051 1744 2099 1790; x_wconf 86' lang='lat' dir='ltr'>et</span> 
     </span>
     <span class='ocr_line' id='line_1_19' title="bbox 327 1826 645 1870; baseline 0.003 -2"><span class='ocrx_word' id='word_1_155' title='bbox 327 1826 645 1870; x_wconf 87' lang='lat' dir='ltr'>recesserunt.</span> 
     </span>
    </p>

    <p class='ocr_par' dir='ltr' id='par_1_4' title="bbox 316 1906 2098 3471">
     <span class='ocr_line' id='line_1_20' title="bbox 390 1906 2096 1973; baseline 0.002 -20"><span class='ocrx_word' id='word_1_156' title='bbox 390 1907 520 1965; x_wconf 90' lang='lat' dir='ltr'>Post,</span> <span class='ocrx_word' id='word_1_157' title='bbox 550 1906 741 1970; x_wconf 87' lang='lat' dir='ltr'>incepta</span> <span class='ocrx_word' id='word_1_158' title='bbox 774 1911 935 1955; x_wconf 89' lang='lat' dir='ltr'>autem</span> <span class='ocrx_word' id='word_1_159' title='bbox 972 1908 1330 1968; x_wconf 88' lang='lat' dir='ltr'>communione,</span> <span class='ocrx_word' id='word_1_160' title='bbox 1368 1909 1655 1973; x_wconf 88' lang='lat' dir='ltr'>inceperunt</span> <span class='ocrx_word' id='word_1_161' title='bbox 1694 1924 1862 1957; x_wconf 89' lang='lat' dir='ltr'>omnes</span> <span class='ocrx_word' id='word_1_162' title='bbox 1902 1907 2096 1957; x_wconf 84' lang='lat' dir='ltr'>ordines</span> 
     </span>
     <span class='ocr_line' id='line_1_21' title="bbox 322 1988 2097 2056; baseline 0.002 -20"><span class='ocrx_word' id='word_1_163' title='bbox 322 1989 470 2036; x_wconf 85' lang='lat' dir='ltr'>altare</span> <span class='ocrx_word' id='word_1_164' title='bbox 505 1988 705 2037; x_wconf 89' lang='lat' dir='ltr'>circuire</span> <span class='ocrx_word' id='word_1_165' title='bbox 737 1989 1158 2053; x_wconf 89' lang='lat' dir='ltr'>processionaliter</span> <span class='ocrx_word' id='word_1_166' title='bbox 1183 1997 1327 2056; x_wconf 91' lang='lat' dir='ltr'>prout</span> <span class='ocrx_word' id='word_1_167' title='bbox 1354 2009 1411 2042; x_wconf 89' lang='lat' dir='ltr'>ea</span> <span class='ocrx_word' id='word_1_168' title='bbox 1436 1993 1512 2041; x_wconf 89' lang='lat' dir='ltr'>die</span> <span class='ocrx_word' id='word_1_169' title='bbox 1541 1992 1645 2040; x_wconf 87' lang='lat' dir='ltr'>fieri</span> <span class='ocrx_word' id='word_1_170' title='bbox 1683 1992 1804 2040; x_wconf 92' lang='lat' dir='ltr'>solet</span> <span class='ocrx_word' id='word_1_171' title='bbox 1837 1995 1883 2040; x_wconf 89' lang='lat' dir='ltr'>et</span> <span class='ocrx_word' id='word_1_172' title='bbox 1915 1990 2097 2039; x_wconf 87' lang='lat' dir='ltr'>duravit</span> 
     </span>
     <span class='ocr_line' id='line_1_22' title="bbox 320 2072 2098 2138; baseline 0.001 -19"><span class='ocrx_word' id='word_1_173' title='bbox 320 2072 602 2136; x_wconf 87' lang='lat' dir='ltr'>hujusmodi</span> <span class='ocrx_word' id='word_1_174' title='bbox 623 2073 871 2136; x_wconf 87' lang='lat' dir='ltr'>processio</span> <span class='ocrx_word' id='word_1_175' title='bbox 899 2073 979 2121; x_wconf 94' lang='lat' dir='ltr'>diu</span> <span class='ocrx_word' id='word_1_176' title='bbox 1012 2079 1120 2138; x_wconf 90' lang='lat' dir='ltr'>post</span> <span class='ocrx_word' id='word_1_177' title='bbox 1141 2075 1339 2123; x_wconf 90' lang='lat' dir='ltr'>missam</span> <span class='ocrx_word' id='word_1_178' title='bbox 1360 2075 1486 2124; x_wconf 83' lang='lat' dir='ltr'>circa</span> <span class='ocrx_word' id='word_1_179' title='bbox 1513 2076 1661 2123; x_wconf 90' lang='lat' dir='ltr'>finem</span> <span class='ocrx_word' id='word_1_180' title='bbox 1690 2076 1874 2138; x_wconf 86' lang='lat' dir='ltr'>Agnus,</span> <span class='ocrx_word' id='word_1_181' title='bbox 1899 2077 1945 2122; x_wconf 86' lang='lat' dir='ltr'>et</span> <span class='ocrx_word' id='word_1_182' title='bbox 1969 2075 2098 2136; x_wconf 86' lang='lat' dir='ltr'>Papa</span> 
     </span>
     <span class='ocr_line' id='line_1_23' title="bbox 320 2146 2096 2220; baseline 0.001 -18"><span class='ocrx_word' id='word_1_183' title='bbox 320 2154 585 2218; x_wconf 84' lang='lat' dir='ltr'>expectavit</span> <span class='ocrx_word' id='word_1_184' title='bbox 604 2153 653 2201; x_wconf 89' lang='lat' dir='ltr'>in</span> <span class='ocrx_word' id='word_1_185' title='bbox 676 2154 794 2203; x_wconf 92' lang='lat' dir='ltr'>solio</span> <span class='ocrx_word' id='word_1_186' title='bbox 817 2170 901 2202; x_wconf 93' lang='lat' dir='ltr'>suo</span> <span class='ocrx_word' id='word_1_187' title='bbox 923 2171 1125 2205; x_wconf 90' lang='lat' dir='ltr'>manens</span> <span class='ocrx_word' id='word_1_188' title='bbox 1151 2173 1160 2204; x_wconf 94' lang='lat'>:</span> <span class='ocrx_word' id='word_1_189' title='bbox 1185 2156 1388 2205; x_wconf 89' lang='lat' dir='ltr'>vicarius</span> <span class='ocrx_word' id='word_1_190' title='bbox 1411 2174 1450 2205; x_wconf 89' lang='lat' dir='ltr'>s.</span> <span class='ocrx_word' id='word_1_191' title='bbox 1476 2146 1625 2205; x_wconf 88' lang='lat' dir='ltr'>Marie</span> <span class='ocrx_word' id='word_1_192' title='bbox 1649 2156 1848 2220; x_wconf 89' lang='lat' dir='ltr'>majoris</span> <span class='ocrx_word' id='word_1_193' title='bbox 1869 2155 1919 2204; x_wconf 93' lang='lat' dir='ltr'>in</span> <span class='ocrx_word' id='word_1_194' title='bbox 1942 2155 2096 2220; x_wconf 82' lang='lat' dir='ltr'>ponti-</span> 
     </span>
     <span class='ocr_line' id='line_1_24' title="bbox 320 2238 2092 2306; baseline 0.002 -22"><span class='ocrx_word' id='word_1_195' title='bbox 320 2238 537 2287; x_wconf 86' lang='lat' dir='ltr'>ficalibus</span> <span class='ocrx_word' id='word_1_196' title='bbox 555 2238 917 2302; x_wconf 89' lang='lat' dir='ltr'>processionem</span> <span class='ocrx_word' id='word_1_197' title='bbox 938 2255 1163 2302; x_wconf 78' lang='lat' dir='ltr'>sequenS,</span> <span class='ocrx_word' id='word_1_198' title='bbox 1189 2256 1301 2289; x_wconf 92' lang='lat' dir='ltr'>cum</span> <span class='ocrx_word' id='word_1_199' title='bbox 1318 2240 1632 2306; x_wconf 83' lang='lat' dir='ltr'>pertransiret</span> <span class='ocrx_word' id='word_1_200' title='bbox 1653 2240 1802 2289; x_wconf 88' lang='lat' dir='ltr'>altare</span> <span class='ocrx_word' id='word_1_201' title='bbox 1824 2243 1872 2288; x_wconf 86' lang='lat' dir='ltr'>et</span> <span class='ocrx_word' id='word_1_202' title='bbox 1893 2242 2092 2303; x_wconf 82' lang='lat' dir='ltr'>Papam,</span> 
     </span>
     <span class='ocr_line' id='line_1_25' title="bbox 323 2321 2093 2386; baseline 0.001 -17"><span class='ocrx_word' id='word_1_203' title='bbox 323 2338 420 2370; x_wconf 89' lang='lat' dir='ltr'>non</span> <span class='ocrx_word' id='word_1_204' title='bbox 457 2321 678 2386; x_wconf 87' lang='lat' dir='ltr'>deposuit</span> <span class='ocrx_word' id='word_1_205' title='bbox 706 2322 925 2381; x_wconf 88' lang='lat' dir='ltr'>mitram;</span> <span class='ocrx_word' id='word_1_206' title='bbox 962 2322 1166 2371; x_wconf 88' lang='lat' dir='ltr'>vicarius</span> <span class='ocrx_word' id='word_1_207' title='bbox 1202 2339 1313 2373; x_wconf 91' lang='lat' dir='ltr'>vero</span> <span class='ocrx_word' id='word_1_208' title='bbox 1341 2324 1546 2373; x_wconf 88' lang='lat' dir='ltr'>ecclesie</span> <span class='ocrx_word' id='word_1_209' title='bbox 1579 2323 1914 2373; x_wconf 85' lang='lat' dir='ltr'>Lateranensis</span> <span class='ocrx_word' id='word_1_210' title='bbox 1948 2323 2093 2371; x_wconf 87' lang='lat' dir='ltr'>etiam</span> 
     </span>
     <span class='ocr_line' id='line_1_26' title="bbox 324 2405 2091 2471; baseline 0.001 -19"><span class='ocrx_word' id='word_1_211' title='bbox 324 2405 662 2469; x_wconf 84' lang='lat' dir='ltr'>pontificaliter</span> <span class='ocrx_word' id='word_1_212' title='bbox 694 2409 904 2468; x_wconf 89' lang='lat' dir='ltr'>paratus,</span> <span class='ocrx_word' id='word_1_213' title='bbox 944 2422 1055 2454; x_wconf 90' lang='lat' dir='ltr'>cum</span> <span class='ocrx_word' id='word_1_214' title='bbox 1093 2407 1240 2455; x_wconf 86' lang='lat' dir='ltr'>altare</span> <span class='ocrx_word' id='word_1_215' title='bbox 1263 2411 1310 2455; x_wconf 89' lang='lat' dir='ltr'>et</span> <span class='ocrx_word' id='word_1_216' title='bbox 1336 2411 1515 2471; x_wconf 91' lang='lat' dir='ltr'>Papam</span> <span class='ocrx_word' id='word_1_217' title='bbox 1542 2407 1872 2471; x_wconf 87' lang='lat' dir='ltr'>pertransiret,</span> <span class='ocrx_word' id='word_1_218' title='bbox 1899 2405 2091 2453; x_wconf 89' lang='lat' dir='ltr'>mitram</span> 
     </span>
     <span class='ocr_line' id='line_1_27' title="bbox 321 2488 2090 2554; baseline -0.001 -17"><span class='ocrx_word' id='word_1_219' title='bbox 321 2488 541 2552; x_wconf 87' lang='lat' dir='ltr'>deposuit</span> <span class='ocrx_word' id='word_1_220' title='bbox 566 2505 575 2536; x_wconf 91' lang='lat'>:</span> <span class='ocrx_word' id='word_1_221' title='bbox 606 2488 721 2536; x_wconf 90' lang='lat' dir='ltr'>item</span> <span class='ocrx_word' id='word_1_222' title='bbox 747 2489 860 2536; x_wconf 89' lang='lat' dir='ltr'>secit</span> <span class='ocrx_word' id='word_1_223' title='bbox 887 2489 1034 2537; x_wconf 86' lang='lat' dir='ltr'>abbas</span> <span class='ocrx_word' id='word_1_224' title='bbox 1066 2506 1104 2537; x_wconf 88' lang='lat' dir='ltr'>s.</span> <span class='ocrx_word' id='word_1_225' title='bbox 1142 2490 1334 2554; x_wconf 84' lang='lat' dir='ltr'>Georgii</span> <span class='ocrx_word' id='word_1_226' title='bbox 1368 2491 1513 2538; x_wconf 88' lang='lat' dir='ltr'>etiam</span> <span class='ocrx_word' id='word_1_227' title='bbox 1544 2489 1881 2554; x_wconf 85' lang='lat' dir='ltr'>pontificaliter</span> <span class='ocrx_word' id='word_1_228' title='bbox 1899 2493 2090 2553; x_wconf 88' lang='lat' dir='ltr'>paratus</span> 
     </span>
     <span class='ocr_line' id='line_1_28' title="bbox 316 2570 2089 2636; baseline 0.001 -18"><span class='ocrx_word' id='word_1_229' title='bbox 316 2570 474 2635; x_wconf 89' lang='lat' dir='ltr'>ipsum</span> <span class='ocrx_word' id='word_1_230' title='bbox 502 2570 763 2619; x_wconf 86' lang='lat' dir='ltr'>associans.</span> <span class='ocrx_word' id='word_1_231' title='bbox 795 2571 1021 2620; x_wconf 88' lang='lat' dir='ltr'>Canonici</span> <span class='ocrx_word' id='word_1_232' title='bbox 1051 2576 1098 2620; x_wconf 88' lang='lat' dir='ltr'>et</span> <span class='ocrx_word' id='word_1_233' title='bbox 1130 2588 1297 2622; x_wconf 90' lang='lat' dir='ltr'>omnes</span> <span class='ocrx_word' id='word_1_234' title='bbox 1330 2574 1388 2621; x_wconf 91' lang='lat' dir='ltr'>de</span> <span class='ocrx_word' id='word_1_235' title='bbox 1424 2573 1608 2636; x_wconf 85' lang='lat' dir='ltr'>gremio</span> <span class='ocrx_word' id='word_1_236' title='bbox 1635 2572 1832 2621; x_wconf 89' lang='lat' dir='ltr'>basilice</span> <span class='ocrx_word' id='word_1_237' title='bbox 1862 2571 2089 2636; x_wconf 88' lang='lat' dir='ltr'>principis</span> 
     </span>
     <span class='ocr_line' id='line_1_29' title="bbox 318 2653 2088 2719; baseline 0.001 -18"><span class='ocrx_word' id='word_1_238' title='bbox 318 2653 643 2718; x_wconf 91' lang='lat' dir='ltr'>apostolorum</span> <span class='ocrx_word' id='word_1_239' title='bbox 658 2670 751 2702; x_wconf 90' lang='lat' dir='ltr'>non</span> <span class='ocrx_word' id='word_1_240' title='bbox 769 2654 1005 2703; x_wconf 86' lang='lat' dir='ltr'>intrarunt</span> <span class='ocrx_word' id='word_1_241' title='bbox 1022 2655 1277 2704; x_wconf 90' lang='lat' dir='ltr'>ecclesiam</span> <span class='ocrx_word' id='word_1_242' title='bbox 1299 2672 1337 2702; x_wconf 92' lang='lat' dir='ltr'>s.</span> <span class='ocrx_word' id='word_1_243' title='bbox 1357 2655 1506 2704; x_wconf 88' lang='lat' dir='ltr'>Marci</span> <span class='ocrx_word' id='word_1_244' title='bbox 1519 2655 1632 2719; x_wconf 86' lang='lat' dir='ltr'>quia</span> <span class='ocrx_word' id='word_1_245' title='bbox 1651 2655 1746 2704; x_wconf 91' lang='lat' dir='ltr'>hoc</span> <span class='ocrx_word' id='word_1_246' title='bbox 1763 2671 1823 2703; x_wconf 88' lang='lat' dir='ltr'>ex</span> <span class='ocrx_word' id='word_1_247' title='bbox 1842 2654 2088 2719; x_wconf 88' lang='lat' dir='ltr'>privilegio</span> 
     </span>
     <span class='ocr_line' id='line_1_30' title="bbox 320 2736 2087 2802; baseline -0.001 -15"><span class='ocrx_word' id='word_1_248' title='bbox 320 2738 549 2787; x_wconf 89' lang='lat' dir='ltr'>asseritur</span> <span class='ocrx_word' id='word_1_249' title='bbox 571 2755 655 2788; x_wconf 91' lang='lat' dir='ltr'>eos</span> <span class='ocrx_word' id='word_1_250' title='bbox 685 2739 883 2788; x_wconf 89' lang='lat' dir='ltr'>habere.</span> <span class='ocrx_word' id='word_1_251' title='bbox 922 2743 1041 2788; x_wconf 89' lang='lat' dir='ltr'>Cum</span> <span class='ocrx_word' id='word_1_252' title='bbox 1074 2754 1243 2787; x_wconf 91' lang='lat' dir='ltr'>omnes</span> <span class='ocrx_word' id='word_1_253' title='bbox 1279 2739 1427 2787; x_wconf 90' lang='lat' dir='ltr'>altare</span> <span class='ocrx_word' id='word_1_254' title='bbox 1453 2737 1847 2802; x_wconf 87' lang='lat' dir='ltr'>pertransissent,</span> <span class='ocrx_word' id='word_1_255' title='bbox 1882 2736 2087 2786; x_wconf 87' lang='lat' dir='ltr'>vicarius</span> 
     </span>
     <span class='ocr_line' id='line_1_31' title="bbox 323 2822 2085 2887; baseline -0.001 -17"><span class='ocrx_word' id='word_1_256' title='bbox 323 2825 448 2887; x_wconf 83' lang='lat' dir='ltr'>Pape</span> <span class='ocrx_word' id='word_1_257' title='bbox 475 2822 555 2887; x_wconf 89' lang='lat' dir='ltr'>qui</span> <span class='ocrx_word' id='word_1_258' title='bbox 589 2822 637 2870; x_wconf 92' lang='lat' dir='ltr'>in</span> <span class='ocrx_word' id='word_1_259' title='bbox 665 2823 881 2871; x_wconf 87' lang='lat' dir='ltr'>sacristia</span> <span class='ocrx_word' id='word_1_260' title='bbox 909 2823 1175 2887; x_wconf 87' lang='lat' dir='ltr'>expectavit</span> <span class='ocrx_word' id='word_1_261' title='bbox 1212 2822 1574 2887; x_wconf 85' lang='lat' dir='ltr'>processionem</span> <span class='ocrx_word' id='word_1_262' title='bbox 1603 2824 1798 2870; x_wconf 89' lang='lat' dir='ltr'>secutus</span> <span class='ocrx_word' id='word_1_263' title='bbox 1830 2825 1903 2869; x_wconf 88' lang='lat' dir='ltr'>est</span> <span class='ocrx_word' id='word_1_264' title='bbox 1936 2835 2085 2883; x_wconf 88' lang='lat' dir='ltr'>usque</span> 
     </span>
     <span class='ocr_line' id='line_1_32' title="bbox 322 2905 2088 2971; baseline -0.002 -16"><span class='ocrx_word' id='word_1_265' title='bbox 322 2906 382 2955; x_wconf 89' lang='lat' dir='ltr'>ad</span> <span class='ocrx_word' id='word_1_266' title='bbox 417 2923 455 2954; x_wconf 90' lang='lat' dir='ltr'>s.</span> <span class='ocrx_word' id='word_1_267' title='bbox 492 2909 704 2955; x_wconf 87' lang='lat' dir='ltr'>Petrum.</span> <span class='ocrx_word' id='word_1_268' title='bbox 747 2907 930 2956; x_wconf 90' lang='lat' dir='ltr'>Deinde</span> <span class='ocrx_word' id='word_1_269' title='bbox 959 2909 1089 2971; x_wconf 89' lang='lat' dir='ltr'>Papa</span> <span class='ocrx_word' id='word_1_270' title='bbox 1121 2907 1339 2968; x_wconf 82' lang='lat' dir='ltr'>surrexit,</span> <span class='ocrx_word' id='word_1_271' title='bbox 1378 2921 1664 2954; x_wconf 89' lang='lat' dir='ltr'>ascensurus</span> <span class='ocrx_word' id='word_1_272' title='bbox 1692 2905 1922 2968; x_wconf 90' lang='lat' dir='ltr'>palatium</span> <span class='ocrx_word' id='word_1_273' title='bbox 1954 2907 2088 2953; x_wconf 85' lang='lat' dir='ltr'>extra</span> 
     </span>
     <span class='ocr_line' id='line_1_33' title="bbox 322 2986 2085 3054; baseline -0.002 -17"><span class='ocrx_word' id='word_1_274' title='bbox 322 2993 509 3054; x_wconf 88' lang='lat' dir='ltr'>portam</span> <span class='ocrx_word' id='word_1_275' title='bbox 547 2989 767 3050; x_wconf 89' lang='lat' dir='ltr'>ecclesie,</span> <span class='ocrx_word' id='word_1_276' title='bbox 807 2990 1078 3039; x_wconf 85' lang='lat' dir='ltr'>licenciavit</span> <span class='ocrx_word' id='word_1_277' title='bbox 1104 3005 1272 3038; x_wconf 90' lang='lat' dir='ltr'>omnes</span> <span class='ocrx_word' id='word_1_278' title='bbox 1312 2988 1578 3038; x_wconf 87' lang='lat' dir='ltr'>cardinales</span> <span class='ocrx_word' id='word_1_279' title='bbox 1606 2988 1686 3052; x_wconf 87' lang='lat' dir='ltr'>qui</span> <span class='ocrx_word' id='word_1_280' title='bbox 1711 2988 1761 3036; x_wconf 92' lang='lat' dir='ltr'>in</span> <span class='ocrx_word' id='word_1_281' title='bbox 1796 2986 1972 3051; x_wconf 86' lang='lat' dir='ltr'>palatia</span> <span class='ocrx_word' id='word_1_282' title='bbox 1999 3001 2085 3035; x_wconf 88' lang='lat' dir='ltr'>sua</span> 
     </span>
     <span class='ocr_line' id='line_1_34' title="bbox 323 3069 2083 3138; baseline -0.002 -18"><span class='ocrx_word' id='word_1_283' title='bbox 323 3073 584 3123; x_wconf 89' lang='lat' dir='ltr'>redierunt.</span> <span class='ocrx_word' id='word_1_284' title='bbox 622 3074 867 3122; x_wconf 87' lang='lat' dir='ltr'>Remansit</span> <span class='ocrx_word' id='word_1_285' title='bbox 894 3073 1024 3122; x_wconf 90' lang='lat' dir='ltr'>solus</span> <span class='ocrx_word' id='word_1_286' title='bbox 1056 3089 1166 3122; x_wconf 91' lang='lat' dir='ltr'>cum</span> <span class='ocrx_word' id='word_1_287' title='bbox 1192 3073 1420 3138; x_wconf 86' lang='lat' dir='ltr'>pontifice</span> <span class='ocrx_word' id='word_1_288' title='bbox 1450 3071 1702 3120; x_wconf 90' lang='lat' dir='ltr'>cardinalis</span> <span class='ocrx_word' id='word_1_289' title='bbox 1728 3069 2083 3133; x_wconf 78' lang='lat' dir='ltr'>Andegavensis</span> 
     </span>
     <span class='ocr_line' id='line_1_35' title="bbox 320 3151 2083 3220; baseline -0.003 -15"><span class='ocrx_word' id='word_1_290' title='bbox 320 3162 367 3205; x_wconf 86' lang='lat' dir='ltr'>et</span> <span class='ocrx_word' id='word_1_291' title='bbox 410 3157 662 3206; x_wconf 87' lang='lat' dir='ltr'>cardinalis</span> <span class='ocrx_word' id='word_1_292' title='bbox 693 3174 731 3205; x_wconf 90' lang='lat' dir='ltr'>s.</span> <span class='ocrx_word' id='word_1_293' title='bbox 783 3157 930 3206; x_wconf 87' lang='lat' dir='ltr'>Marci</span> <span class='ocrx_word' id='word_1_294' title='bbox 963 3157 1011 3204; x_wconf 92' lang='lat' dir='ltr'>in</span> <span class='ocrx_word' id='word_1_295' title='bbox 1059 3156 1201 3205; x_wconf 91' lang='lat' dir='ltr'>domo</span> <span class='ocrx_word' id='word_1_296' title='bbox 1240 3155 1450 3220; x_wconf 87' lang='lat' dir='ltr'>propria.</span> <span class='ocrx_word' id='word_1_297' title='bbox 1490 3154 1708 3202; x_wconf 86' lang='lat' dir='ltr'>Pontifex</span> <span class='ocrx_word' id='word_1_298' title='bbox 1735 3170 1821 3217; x_wconf 90' lang='lat' dir='ltr'>per</span> <span class='ocrx_word' id='word_1_299' title='bbox 1867 3151 2083 3200; x_wconf 84' lang='lat' dir='ltr'>tinellum</span> 
     </span>
     <span class='ocr_line' id='line_1_36' title="bbox 319 3233 2082 3304; baseline -0.004 -15"><span class='ocrx_word' id='word_1_300' title='bbox 319 3241 533 3289; x_wconf 85' lang='lat' dir='ltr'>ascendit</span> <span class='ocrx_word' id='word_1_301' title='bbox 554 3241 613 3289; x_wconf 89' lang='lat' dir='ltr'>ad</span> <span class='ocrx_word' id='word_1_302' title='bbox 633 3240 863 3304; x_wconf 90' lang='lat' dir='ltr'>palatium</span> <span class='ocrx_word' id='word_1_303' title='bbox 894 3244 942 3288; x_wconf 86' lang='lat' dir='ltr'>et</span> <span class='ocrx_word' id='word_1_304' title='bbox 966 3256 1053 3304; x_wconf 90' lang='lat' dir='ltr'>per</span> <span class='ocrx_word' id='word_1_305' title='bbox 1080 3239 1212 3287; x_wconf 89' lang='lat' dir='ltr'>aulas</span> <span class='ocrx_word' id='word_1_306' title='bbox 1241 3242 1288 3286; x_wconf 86' lang='lat' dir='ltr'>ct</span> <span class='ocrx_word' id='word_1_307' title='bbox 1317 3253 1534 3286; x_wconf 86' lang='lat' dir='ltr'>cameras</span> <span class='ocrx_word' id='word_1_308' title='bbox 1564 3237 1652 3285; x_wconf 91' lang='lat' dir='ltr'>fuit</span> <span class='ocrx_word' id='word_1_309' title='bbox 1684 3237 1746 3285; x_wconf 89' lang='lat' dir='ltr'>ad</span> <span class='ocrx_word' id='word_1_310' title='bbox 1775 3237 1971 3284; x_wconf 89' lang='lat' dir='ltr'>hortum</span> <span class='ocrx_word' id='word_1_311' title='bbox 2003 3233 2082 3282; x_wconf 89' lang='lat' dir='ltr'>ubi</span> 
     </span>
     <span class='ocr_line' id='line_1_37' title="bbox 320 3321 2082 3388; baseline -0.003 -17"><span class='ocrx_word' id='word_1_312' title='bbox 320 3324 432 3372; x_wconf 86' lang='lat' dir='ltr'>fecit</span> <span class='ocrx_word' id='word_1_313' title='bbox 452 3323 705 3388; x_wconf 87' lang='lat' dir='ltr'>prandium</span> <span class='ocrx_word' id='word_1_314' title='bbox 728 3327 774 3372; x_wconf 92' lang='lat' dir='ltr'>et</span> <span class='ocrx_word' id='word_1_315' title='bbox 795 3323 987 3387; x_wconf 84' lang='lat' dir='ltr'>quievit.</span> <span class='ocrx_word' id='word_1_316' title='bbox 1023 3322 1205 3372; x_wconf 91' lang='lat' dir='ltr'>Deinde</span> <span class='ocrx_word' id='word_1_317' title='bbox 1228 3321 1356 3370; x_wconf 88' lang='lat' dir='ltr'>circa</span> <span class='ocrx_word' id='word_1_318' title='bbox 1379 3321 1550 3368; x_wconf 89' lang='lat' dir='ltr'>horam</span> <span class='ocrx_word' id='word_1_319' title='bbox 1570 3336 1649 3379; x_wconf 85' lang='lat' dir='ltr'>xx,</span> <span class='ocrx_word' id='word_1_320' title='bbox 1671 3322 1800 3384; x_wconf 86' lang='lat' dir='ltr'>Papa</span> <span class='ocrx_word' id='word_1_321' title='bbox 1818 3322 2011 3383; x_wconf 86' lang='lat' dir='ltr'>paratus</span> <span class='ocrx_word' id='word_1_322' title='bbox 2033 3321 2082 3364; x_wconf 91' lang='lat' dir='ltr'>ut</span> 
     </span>
     <span class='ocr_line' id='line_1_38' title="bbox 321 3397 2082 3471; baseline -0.005 -18"><span class='ocrx_word' id='word_1_323' title='bbox 321 3405 415 3455; x_wconf 89' lang='lat' dir='ltr'>hoc</span> <span class='ocrx_word' id='word_1_324' title='bbox 447 3422 607 3466; x_wconf 87' lang='lat' dir='ltr'>mane,</span> <span class='ocrx_word' id='word_1_325' title='bbox 633 3406 1003 3471; x_wconf 88' lang='lat' dir='ltr'>precedentibus</span> <span class='ocrx_word' id='word_1_326' title='bbox 1031 3404 1312 3454; x_wconf 86' lang='lat' dir='ltr'>officialibus</span> <span class='ocrx_word' id='word_1_327' title='bbox 1340 3418 1483 3452; x_wconf 90' lang='lat' dir='ltr'>cruce</span> <span class='ocrx_word' id='word_1_328' title='bbox 1511 3406 1558 3451; x_wconf 90' lang='lat' dir='ltr'>et</span> <span class='ocrx_word' id='word_1_329' title='bbox 1584 3401 1919 3458; x_wconf 82' lang='lat' dir='ltr'>cardinalibuS‚</span> <span class='ocrx_word' id='word_1_330' title='bbox 1945 3397 2082 3447; x_wconf 85' lang='lat' dir='ltr'>rediit</span> 
     </span>
    </p>
   </div>
  </div>
 </body>
</html>
