2262 3958
108 285 373 329 [suavia-149⁰]
564 281 733 319 RERUM
767 281 1071 319 URBANARUM
1103 280 1453 326 CQMMENTARH.
1594 325 1599 329 ι
1820 277 1887 313 381

100 410 103 413 -
166 387 216 447 Ῡ.
245 386 523 435 Convertere
541 384 798 445 humiliter,
822 402 1094 451 quesumus,

171 470 224 530 ἦ»
246 468 461 529 Domine,
489 469 554 517 ad
570 478 733 534 qentes
757 486 847 534 que
866 470 1139 533 opprimunt
1154 484 1258 517 nos.

173 553 224 612 Ῡ.
252 551 350 610 Qui
365 552 636 617 qloriantur
653 553 871 616 superbia
893 569 998 600 sua.

168 636 220 697 ἢ.
241 635 422 700 Diriqe,
446 652 720 700 quesumus,
742 635 963 694 Domine,
990 636 1231 683 bracliium
1253 642 1470 683 sanctum
1497 642 1649 682 tuum.

175 721 226 780 Ῡ.
250 719 315 768 In
341 719 638 783 adjutorium
656 735 896 767 servorum
919 725 1125 767 tuorum.

176 806 227 866 ἡ.
250 803 475 868 Disperde
495 820 570 852 eos
591 803 648 851 de
668 810 791 851 terra
813 801 1085 859 viventium,

173 895 220 952 Ῡ.
249 888 375 946 Quia
399 903 496 936 non
518 894 753 935 noverunt
775 884 853 945 Te,
877 885 1103 944 Domine,
1126 884 1251 933 Deus
1273 891 1445 931 noster.

177 974 231 1034 ἡ).
251 971 367 1021 Non
397 971 548 1030 nobis,
577 970 799 1029 Domine,
824 985 920 1017 non
945 969 1096 1028 nobis,

174 1057 225 1116 Ῡ.
247 1054 349 1105 Sed
362 1054 546 1103 nomini
565 1061 644 1103 tuo
664 1053 725 1101 da
744 1052 966 1118 qloriam.

171 1141 227 1200 ἢ.
246 1138 454 1188 Domine
473 1138 649 1187 eoeaudi
674 1137 931 1186 orationem
959 1153 1132 1197 meam,

175 1222 228 1283 Ῡρ
248 1220 324 1271 Et
335 1220 528 1280 clamor,
553 1228 660 1269 etc..

172 1306 224 1367 ᾗ).
247 1304 486 1355 Dominus
506 1305 760 1367 vobiscum,
785 1313 895 1365 etc.,
921 1313 1048 1354 etc...

890 1429 1114 1476 OremUS.

174 1522 421 1574 Protector
437 1522 486 1572 in
512 1530 554 1573 te
572 1524 882 1589 sperantium,
905 1523 1060 1583 Deus,
1081 1524 1182 1572 sine
1202 1540 1293 1589 quo
1314 1524 1435 1572 nibil
1452 1531 1520 1572 est
1541 1522 1765 1584 calidum,
1783 1523 1905 1571 nillil

107 1616 343 1670 sanctum,
367 1608 627 1673 multiplica
647 1624 787 1673 super
806 1624 891 1657 nos
911 1608 1280 1657 misericordiam
1300 1617 1448 1668 tuam,
1479 1616 1548 1667 ut,
1580 1616 1622 1657 te
1647 1616 1839 1667 rectore,
1861 1615 1903 1655 te

109 1693 244 1755 duce,
264 1693 332 1742 sic
356 1700 652 1742 transeamus
673 1709 763 1755 per
790 1692 909 1741 bona
938 1693 1211 1758 temporalia
1235 1701 1282 1741 et
1303 1709 1398 1741 non
1424 1692 1695 1748 amittamus
1722 1698 1898 1739 eterna.

178 1776 483 1842 Omnipotens
500 1777 779 1842 sempiterne
796 1776 923 1826 Deus
952 1777 1002 1826 in
1033 1778 1175 1841 cujus
1205 1794 1353 1826 manu
1381 1784 1496 1825 sunt
1519 1776 1732 1825 omnium
1746 1782 1903 1839 potes-

109 1868 224 1912 tates
245 1869 292 1912 et
317 1862 530 1912 omnium
554 1861 678 1926 jura
706 1877 983 1927 reqnorum,
1006 1862 1181 1927 respice
1201 1862 1251 1910 in
1279 1861 1514 1910 auxilium
1541 1852 1904 1908 christianOrum

111 1954 166 1996 ut
179 1954 343 2013 qentes
362 1962 668 2013 paqanorum
688 1963 778 2012 que
805 1946 854 1995 in
877 1963 964 1994 sua
985 1946 1178 2012 feritate
1204 1945 1466 2011 considunt,
1497 1944 1684 1993 dextere
1719 1952 1797 1992 tue
1815 1960 1905 2009 po—

111 2031 257 2081 tentia
282 2016 604 2081 conterantur.

176 2115 302 2164 Deus
329 2114 381 2163 in
415 2122 459 2164 te
486 2099 778 2180 sperantium
809 2114 1058 2180 fortitudo,
1090 2114 1246 2164 adesto
1269 2115 1507 2179 propitius
1534 2113 1905 2162 invocationibus

112 2199 302 2259 nostris,
330 2206 379 2248 et
394 2199 507 2264 quia
525 2199 628 2246 sine
652 2206 694 2247 te
719 2198 842 2247 nibil
861 2206 1016 2263 potest
1034 2199 1244 2247 mortalis
1273 2197 1545 2262 infirmitas,
1565 2204 1730 2262 presta
1764 2194 1906 2245 auxi-

112 2282 232 2333 lium
259 2283 416 2348 qratie
446 2290 522 2331 tue
553 2283 679 2330 utin
711 2282 994 2348 exequendis
1025 2282 1260 2331 mandatis
1289 2282 1380 2330 tuis
1407 2289 1454 2329 et
1485 2281 1724 2330 voluntate
1754 2281 1836 2330 tibi
1865 2288 1911 2329 et

111 2381 275 2416 amore
294 2365 569 2432 diliqamus.

178 2447 427 2499 Protector
444 2457 602 2499 noster
619 2450 771 2515 aspice
790 2449 916 2499 Deus
941 2458 987 2498 et
1007 2450 1064 2499 ab
1086 2450 1385 2500 inimicorum
1405 2467 1490 2500 nos
1509 2450 1712 2518 defende
1726 2449 1910 2515 pericu-

114 2533 190 2594 lis,
224 2540 281 2582 ut
307 2534 438 2583 omni
453 2535 812 2600 perturbatione
837 2543 1032 2597 remota,
1067 2536 1222 2584 liberis
1258 2535 1340 2583 tibi
1371 2535 1604 2584 mentibus
1627 2535 1904 2583 serviamus.

182 2617 333 2679 Deus,
356 2615 606 2685 refuqium
620 2627 834 2668 nostrum
849 2631 896 2668 et
910 2620 1074 2681 virtus,
1095 2619 1251 2669 adesto
1261 2620 1356 2685 piis
1375 2619 1561 2668 ecclesie
1579 2627 1656 2668 tue
1664 2603 1905 2684 precibus,

118 2709 282 2751 auctor
306 2701 403 2766 ipse
423 2703 612 2767 pietatis
633 2711 678 2751 et
683 2712 848 2768 presta
872 2712 928 2752 ut
953 2705 1011 2753 ab
1041 2705 1170 2753 omni
1189 2721 1426 2754 exuamur
1450 2704 1674 2754 bellorum
1699 2704 1910 2769 nequitia

61 2817 65 2821 -
119 2793 167 2834 et
182 2785 232 2834 in
254 2792 331 2834 tue
336 2787 642 2850 protectionis
658 2787 905 2836 securitate
932 2788 1144 2838 letemur.

178 2864 392 2918 Ecclesie
417 2876 511 2931 tue,
535 2886 811 2935 quesumus,
835 2871 1058 2933 Domine,
1076 2889 1238 2938 preces
1247 2873 1488 2939 placatus,
1505 2873 1698 2923 admitte
1721 2880 1789 2931 ut,
1813 2870 1913 2919 des-

122 2954 289 3002 tructis
334 2953 695 3004 adversitatibus
739 2962 786 3003 et
821 2957 1054 3005 erroribus
1103 2958 1352 3019 universis,
1395 2975 1561 3007 secura
1616 2957 1698 3006 tibi
1740 2956 1916 3004 serviat

124 3039 351 3088 libertate.
372 3039 473 3088 Per
497 3039 739 3089 Christum
755 3040 1022 3089 Dominum
1045 3047 1259 3089 nostrum
1282 3040 1361 3107 (1).

175 3189 208 3228 1-.
237 3205 258 3225 «
278 3188 392 3227 Addit
409 3193 539 3228 auctor
559 3189 829 3240 (Burchardus)
849 3190 1042 3229 formulam
1062 3201 1212 3239 precum
1232 3201 1253 3227 a
1274 3202 1313 3228 se
1336 3190 1576 3239 compositam
1600 3202 1752 3239 eamque
1778 3190 1917 3228 decan-

124 3251 238 3290 tando
258 3251 395 3300 hymno
429 3251 479 3287 Te
509 3252 634 3289 Deum
654 3252 858 3301 repetitam.
889 3250 1096 3299 Habitaque
1122 3249 1232 3287 etiam
1253 3255 1311 3288 est
1336 3262 1460 3288 coram
1490 3250 1666 3288 Pontifice
1689 3255 1726 3287 et
1745 3250 1913 3293 cardina-

123 3309 222 3348 libus
253 3310 367 3348 oratio
396 3310 635 3360 panegyrica,
670 3323 752 3361 quae
784 3310 884 3361 typis
916 3322 1006 3348 cusa
1039 3314 1110 3356 est,
1143 3310 1330 3360 proposito
1350 3311 1510 3349 themate
1537 3322 1640 3348 sacro
1663 3322 1671 3348 z
1697 3326 1715 3345 «
1739 3312 1829 3348 Hoec
1860 3317 1915 3347 est

126 3372 292 3408 victoria
309 3382 388 3419 quae
408 3372 530 3408 vincit
555 3373 746 3409 mundum
767 3373 866 3420 fides
885 3378 1033 3408 nostra.
1058 3385 1077 3405 »
1100 3370 1252 3419 fflinal„
1277 3376 1302 3409 t.
1324 3371 1441 3418 XXX,
1464 3383 1501 3421 p.
1530 3373 1608 3418 167,
1637 3383 1679 3408 no
1702 3372 1775 3419 17).

174 3431 362 3470 L'orateur
381 3431 571 3481 rappelant
590 3432 642 3470 les
669 3432 876 3471 differentes
898 3433 1033 3482 phases
1062 3432 1106 3469 de
1128 3432 1162 3468 la
1182 3431 1272 3469 lutte
1293 3431 1354 3480 qui
1380 3443 1420 3468 se
1446 3430 1601 3469 termina
1630 3443 1696 3490 pap
1722 3432 1755 3469 la
1781 3432 1915 3470 defaite
