2262 3958
276 290 344 325 454
875 283 1107 320 JOHANNIS
1141 283 1434 330 BURCHARDI,
1818 285 1922 327 [Mars
1945 284 2035 326 1492]

275 388 579 437 existentium
606 387 830 436 eumdem
850 389 1041 434 Rmum.
1069 388 1124 432 D.
1153 385 1445 433 cardinalem
1471 385 1529 433 de
1559 386 1754 434 Medicis
1776 386 1836 434 ad
1859 385 2039 432 dictum

275 471 534 519 claustrum
560 471 834 519 venientem
868 469 1084 532 recipere
1113 472 1161 517 et
1190 468 1448 527 associare,
1482 470 1624 530 prout
1650 467 1764 516 alias
1793 468 1895 516 fieri
1927 481 2040 515 con-

277 553 524 617 suevit(1).

341 634 520 682 Eadem
537 634 632 692 die,
658 634 786 681 circa
800 633 923 681 hora
949 633 1228 696 vigesimam
1255 632 1478 696 primam,
1514 634 1678 679 RmuS.
1706 633 1762 678 D.
1787 632 2040 681 cardinalis

277 719 335 766 de
372 715 569 765 Medicis
610 716 964 780 suprascriptus
1000 732 1088 779 per
1123 719 1322 764 Pontem
1355 714 1566 762 Milvium
1607 713 1655 760 in
1687 713 1916 762 mantello
1953 730 2039 764 suo

276 800 419 865 panni
448 802 627 847 rosette
662 802 708 846 et
738 799 971 863 capucino
998 814 1053 846 ac
1084 798 1268 861 capello
1305 796 1588 846 cardinalari
1623 800 1821 860 propter
1850 799 2041 860 tempus

276 882 564 947 pluviosum,
588 887 813 945 receptus
849 898 877 929 a
907 884 961 930 D.
988 882 1241 930 Francisco
1269 881 1367 929 filio
1390 884 1516 944 Pape
1539 885 1585 928 et
1604 880 1735 928 socio
1757 895 1844 928 suo
1865 879 2041 928 comite

279 965 481 1013 Pitiliani
498 964 747 1028 capitaneo
769 965 931 1028 palatii
954 965 1202 1028 apostolici
1226 968 1273 1012 et
1290 963 1449 1011 multis
1474 963 1576 1011 aliis
1594 963 1854 1011 baronibus
1873 962 2042 1011 vicinis

278 1063 333 1095 ac
355 1047 458 1094 aliis
476 1047 745 1095 oratoribus
765 1063 953 1110 quoque
976 1047 1357 1111 quampluribus,
1386 1047 1514 1094 venit
1541 1047 1601 1094 ad
1623 1045 1878 1095 ecclesiam
1900 1045 2041 1094 beate

278 1129 426 1177 Marie
454 1129 511 1176 de
543 1129 727 1192 Populo
761 1130 861 1190 ubi,
898 1130 1026 1178 facta
1057 1146 1114 1178 ex
1145 1145 1280 1176 more
1315 1130 1529 1179 oratione
1558 1134 1667 1178 ante
1699 1129 1848 1177 altare
1877 1132 1924 1177 et
1944 1143 2042 1177 uno

279 1213 451 1259 ducato
485 1211 692 1274 desuper
723 1212 900 1270 oblata,
933 1212 1123 1260 intravit
1152 1228 1238 1276 per
1266 1228 1463 1275 parvum
1500 1213 1676 1261 ostium
1705 1213 1840 1276 juxta
1869 1211 2044 1259 sacris-

278 1294 392 1341 tiam
437 1292 668 1339 ambitum
706 1292 819 1340 dicti
860 1294 1157 1352 monasterii,
1207 1293 1288 1341 ubi
1329 1293 1544 1341 exuimus
1594 1292 1637 1341 ei
1673 1293 1952 1342 mantellum
1991 1298 2040 1342 et

251 1384 255 1388 '
279 1375 614 1438 capuccinum,
636 1376 807 1438 quibus
829 1376 984 1424 adhuc
1014 1376 1209 1424 indutus
1243 1380 1361 1436 erat,
1402 1392 1493 1439 que
1515 1376 1655 1424 nobis
1682 1377 1867 1425 ratione
1894 1376 2041 1425 officii

278 1459 427 1506 nostri
455 1458 839 1507 ceremoniarum
871 1460 1218 1507 reservavimus
1247 1476 1256 1507 :
1292 1459 1425 1507 venit
1456 1448 1507 1506 in'
1538 1459 1710 1507 eodem
1743 1459 1923 1507 ambitu
1955 1458 2045 1506 sibi

278 1541 463 1589 obviam
499 1543 664 1588 Rmus.
702 1543 759 1588 D.
814 1540 1067 1589 cardinalis
1112 1541 1465 1600 Ulixbonensis,
1508 1541 1588 1604 qui
1627 1541 1896 1605 presentari
1929 1540 2045 1589 fecit

279 1625 436 1672 eidem
470 1624 699 1671 cardinali
739 1624 797 1671 de
830 1623 1029 1672 Medicis
1063 1619 1405 1683 confectiones,
1438 1638 1768 1687 marzapanes,
1803 1623 2046 1687 composi-

279 1707 432 1755 tiones
465 1706 513 1753 in
541 1706 797 1765 albarelliS,
828 1721 988 1769 poma,
1013 1705 1115 1769 pira
1143 1710 1190 1754 et
1216 1706 1403 1754 diversa
1422 1705 1531 1766 alia,
1568 1707 1713 1755 etiam
1747 1707 1855 1756 vina
1881 1707 1931 1755 in
1963 1720 2045 1755 ca-

278 1790 428 1848 raffis,
453 1805 545 1852 que
568 1789 731 1837 omnia
751 1789 943 1837 circiter
973 1789 1137 1851 viginti
1165 1789 1374 1852 quinque
1397 1789 1610 1838 scutiferi
1635 1789 1901 1838 successive
1918 1789 2046 1838 ince-

280 1872 449 1920 dentes
477 1875 727 1935 portarunt
750 1872 799 1918 in
831 1871 1045 1930 basilica,
1077 1871 1286 1929 scatuliS,
1321 1871 1557 1919 albarellis
1585 1876 1631 1920 et
1655 1872 1861 1920 caraffis.
1891 1873 2044 1920 Mansi

279 1970 390 2002 cum
412 1954 584 2003 eodem
606 1954 846 2002 cardinale
867 1955 925 2002 de
945 1954 1143 2002 Medicis
1171 1969 1323 2016 usque
1353 1955 1414 2002 ad
1441 1958 1651 2022 noctem,
1676 1970 1732 2002 ac
1754 1955 1796 2003 ei
1816 1969 2044 2004 coronam

279 2036 496 2100 ampliari
522 2036 644 2094 feci3
676 2037 966 2084 reverentias
996 2051 1083 2100 per
1113 2051 1222 2083 eum
1253 2036 1496 2086 faciendas
1530 2038 1746 2101 pontifici
1775 2037 1963 2086 ostendi
1989 2052 2045 2086 ac

278 2121 337 2168 de
359 2120 581 2167 omnibus
603 2120 707 2168 aliis
727 2121 977 2169 informavi
999 2125 1046 2168 et
1065 2121 1267 2169 instruxi
1302 2120 1708 2184 quemadmodum
1741 2136 1770 2168 a
1797 2121 1879 2168 SS.
1902 2122 1960 2168 D.
1983 2122 2040 2168 N.

278 2203 543 2251 habueram
563 2203 612 2250 in
633 2204 888 2252 mandatis

345 2286 482 2333 Feria
504 2289 654 2345 sexta,
679 2290 738 2335 23
761 2288 918 2335 martii
942 2287 1028 2335 fuit
1049 2288 1325 2336 continuata
1342 2286 1498 2351 pluvia
1518 2303 1669 2350 usque
1691 2287 1751 2335 ad
1770 2286 2040 2350 prandium.

280 2372 444 2416 Rmus.
482 2371 539 2415 D.
583 2369 838 2416 cardinalis
873 2370 931 2418 de
968 2370 1166 2418 Medicis
1215 2370 1389 2418 audivit
1427 2369 1624 2416 missam
1655 2369 1705 2416 in
1745 2368 1955 2432 capitulo
1987 2369 2046 2416 de

281 2451 481 2514 Populo,
513 2451 730 2499 videlicet
755 2452 804 2498 in
829 2452 937 2500 loco
964 2452 1013 2498 in
1040 2468 1134 2514 quo
1167 2452 1432 2499 cardinales
1468 2451 1746 2498 conventuri
1779 2455 1930 2510 erant,
1965 2450 2045 2513 qui

279 2537 473 2595 paratus
515 2532 604 2579 fuit
642 2533 858 2596 spaleriis
884 2534 1065 2581 circum
1101 2534 1230 2581 circa
1263 2537 1309 2581 et
1338 2532 1577 2596 tapetibus
1616 2532 1828 2595 undique
1867 2536 2045 2580 terram

281 2615 440 2662 stratis
460 2631 470 2674 3
496 2618 541 2662 et
558 2615 745 2662 banche
768 2615 827 2662 ab
849 2619 985 2663 extra
1005 2615 1185 2664 dictum
1205 2616 1366 2663 locum
1383 2615 1527 2663 etiam
1548 2615 1740 2663 fuerunt
1762 2616 1976 2679 spaleriis
1997 2618 2046 2663 et

280 2695 560 2743 bancalibus
601 2701 792 2756 ornate3
837 2714 931 2761 qua
961 2698 1097 2746 finita
1131 2702 1364 2746 venerunt
1396 2698 1507 2746 illuc
1535 2713 1669 2746 more
1701 2698 1841 2746 solito
1874 2698 2042 2746 RRmi.

283 2781 382 2826 DD.
413 2778 679 2828 cardinales
705 2781 892 2843 :primo
924 2780 1278 2841 Ulixbonensis,
1313 2780 1485 2829 deinde
1519 2781 1914 2840 Rechanatensis,
1943 2786 2046 2830 tum

283 2863 527 2923 Senensis,
554 2869 662 2928 post
684 2880 794 2912 eum
826 2865 1119 2924 Parmensis,
1150 2865 1458 2925 camerarius,
1486 2864 1720 2912 Ascanius
1748 2868 1795 2913 et
1825 2863 2045 2923 Ursinus,

282 2945 422 2992 simul
441 2947 730 3007 successive,
753 2947 904 2996 sancti
924 2948 1052 2995 Petri
1075 2948 1134 2995 ad
1147 2949 1369 3007 Vincula,
1395 2946 1748 3009 sanctiAngeli‚
1770 2946 2041 3004 Januensis,

281 3028 339 3075 de
361 3029 561 3077 Sabellis
584 3034 630 3078 et
651 3030 886 3079 Columna
906 3034 953 3078 et
972 3031 1166 3079 tandem
1184 3029 1604 3080 vicecancellarius
1622 3033 1668 3077 et
1687 3029 2043 3093 Neapolitanus,

330 3203 363 3237 1.
389 3202 486 3250 Voy.
513 3202 534 3238 ὲ
551 3201 762 3250 l'Append.‚
785 3208 827 3237 n⁰
845 3202 904 3246 38,
923 3201 1190 3239 l’interessante
1215 3202 1366 3239 relation
1386 3201 1434 3237 du
1454 3210 1597 3248 voyage
1616 3203 1653 3236 et
1675 3199 1720 3236 de
1746 3199 1780 3235 la
1801 3198 1983 3248 reception
2002 3196 2048 3234 de

277 3259 369 3295 Jean
398 3260 443 3297 de
471 3260 619 3298 Medicis
639 3263 662 3297 a
681 3261 794 3298 Rome
817 3261 860 3297 de
880 3261 1011 3297 Petrus
1032 3261 1246 3309 Delphinus,
1277 3267 1319 3296 n⁰
1350 3261 1410 3304 40,
1433 3262 1470 3295 et
1487 3259 1578 3300 dans
1600 3257 1758 3300 Roscoe,
1782 3258 1858 3294 The
1877 3259 1947 3304 life
1966 3257 2048 3292 and

281 3319 522 3366 Pontificate‚
544 3324 628 3365 etc„
648 3325 674 3357 t.
694 3321 756 3366 III,
778 3332 815 3368 p.
838 3319 922 3363 406,
942 3321 1100 3369 append.
1127 3328 1169 3357 n⁰
1209 3323 1267 3368 17,
1285 3320 1319 3357 le
1337 3319 1427 3356 recit
1451 3318 1614 3355 succinct
1630 3318 1674 3354 de
1689 3317 1850 3355 l’arrivee
1870 3317 1916 3353 de
1936 3316 1972 3352 J.
1998 3315 2043 3351 de

278 3377 428 3413 Medicis
448 3380 468 3413 ὲ
484 3378 613 3425 Rome,
631 3379 778 3415 adressa
797 3381 819 3415 a
839 3391 902 3416 son
925 3382 1024 3427 pere.
