2262 3958
166 306 384 350 [Aout1484]
620 286 790 340 RERUM
816 302 1122 340 URBANARUM
1150 302 1503 343 COMMENTARH.
1911 307 1951 344 11

164 409 339 459 secreti
380 407 452 458 sui
478 406 802 466 cubicularii,
847 410 895 455 et
933 405 1188 454 domestici
1229 405 1449 465 fuerunt,
1493 410 1540 455 et
1584 406 1756 470 quibus
1796 407 1951 457 fuerat

163 492 343 558 optime
389 491 568 541 factum
607 491 883 556 petiissem;
931 490 1125 538 tandem
1167 505 1313 538 cocus
1354 489 1589 539 raminam
1639 489 1726 556 (1),
1770 491 1819 539 in
1862 509 1954 556 qua

161 591 336 640 aquam
364 563 453 641 pro
478 576 691 624 scutellis
717 574 928 624 lavandis
956 573 1226 622 calefacere
1258 574 1466 634 solebat,
1505 590 1614 623 cum
1645 590 1768 639 aqua
1800 576 1954 623 calida

94 664 97 666 ’
161 660 280 718 mihi
322 659 635 719 ministravit,
674 663 723 708 et
757 658 1002 723 predictus
1043 658 1260 706 Andreas
1305 658 1614 707 barbitonsor
1650 659 1858 708 bacilem
1893 660 1952 709 de

161 745 400 810 apotheca
433 760 518 793 sua
549 747 742 809 portare
775 741 913 802 fecit;
950 741 1076 790 lotus
1116 741 1204 790 fuit
1239 741 1458 804 pontifex
1492 742 1588 802 sic,
1631 748 1680 792 et
1712 758 1823 792 cum
1856 758 1953 792 non

161 832 292 878 esset
324 829 562 878 lintheum
589 843 699 876 cum
726 842 820 891 quo
853 830 1143 890 tergeretur,
1176 825 1376 874 camisia
1409 842 1512 886 sua,
1541 827 1591 874 in
1619 843 1710 891 qua
1737 831 1952 876 mortuus

161 917 252 973 est,
294 912 344 962 in
380 913 497 961 duas
535 915 696 976 partes
739 910 906 970 divisa,
953 926 1064 959 eum
1105 909 1226 974 tergi
1268 909 1386 970 feci3
1429 910 1660 970 brachaS,
1695 910 1743 958 in
1781 910 1952 975 quibus

158 1000 375 1046 mortuus
397 1000 488 1056 est,
513 1000 560 1045 et
580 995 730 1055 lotus,
764 995 830 1043 illi
858 1000 1045 1044 mutare
1074 1011 1172 1043 non
1199 993 1351 1059 potui,
1383 1010 1493 1043 cum
1522 1010 1621 1043 non
1649 999 1811 1044 essent
1833 994 1948 1055 alie;

157 1081 261 1130 sine
283 1080 483 1130 camisia
502 1080 782 1146 impositum
804 1080 892 1129 fuit
912 1080 1002 1128 sibi
1029 1079 1313 1147 diploidum,
1338 1082 1387 1127 et
1407 1095 1555 1129 unum
1582 1096 1668 1144 par
1689 1079 1951 1144 caligarum

155 1165 343 1214 rosacei
376 1166 541 1230 panni,
578 1182 671 1230 que
708 1165 993 1214 ministravit
1029 1164 1286 1229 episcopus
1322 1163 1616 1224 Cerviensis,
1657 1164 1803 1213 etiam
1837 1180 1950 1212 suus

155 1249 500 1309 cubicularius,
541 1254 587 1299 et
620 1250 765 1299 vestis
808 1250 954 1314 longa
994 1265 1052 1298 ex
1098 1249 1439 1309 damaschino,
1481 1249 1520 1297 si
1557 1249 1682 1298 bene
1723 1249 1946 1310 memini,

154 1333 304 1383 rubeo
346 1334 421 1383 vel
453 1335 581 1384 albo,
631 1337 684 1383 ln
720 1335 815 1382 hoc
861 1333 1037 1392 erravi;
1079 1334 1287 1382 debebat
1321 1333 1451 1382 enim
1490 1333 1538 1381 in
1582 1333 1750 1382 habitu
1796 1334 1948 1382 sancti

154 1417 416 1478 Francisci,
468 1420 604 1483 cujus
652 1418 873 1468 ordinem
922 1418 1172 1482 professus
1221 1422 1347 1477 erat,
1391 1417 1610 1482 sepeliri,
1654 1418 1865 1483 desuper
1900 1419 1949 1466 in

152 1501 364 1550 vestibus
409 1502 559 1551 sacris
607 1502 990 1567 pontificalibus3
1035 1507 1084 1551 et
1123 1518 1234 1550 cum
1274 1517 1372 1551 non
1418 1502 1623 1551 haberet
1668 1501 1944 1560 rochetum,

154 1601 316 1635 sacras
336 1591 492 1635 vestes
520 1602 666 1650 super
690 1586 941 1650 premissis
971 1586 1061 1634 sibi
1088 1586 1428 1651 imposuimus,
1458 1586 1689 1646 sandalia,
1716 1585 1946 1634 amictum

151 1669 332 1729 album,
365 1670 629 1734 cingulum,
666 1670 838 1718 stolam
872 1670 920 1718 in
948 1671 1145 1718 modum
1179 1670 1336 1718 crucis
1372 1673 1481 1719 ante
1509 1674 1678 1735 pectus
1706 1669 1817 1734 quia
1843 1686 1948 1718 cru-

151 1768 259 1802 cem
279 1754 572 1819 pastoralem
599 1754 779 1802 habere
812 1771 909 1802 non
943 1754 1095 1818 potui,
1120 1753 1416 1813 tunicellam,
1440 1753 1765 1814 dalmaticam,
1790 1754 1948 1802 chiro-

150 1837 336 1897 thecaS,
367 1837 579 1886 casulam
607 1838 765 1886 albam
792 1837 1075 1901 pretiosam,
1105 1837 1322 1902 pallium,
1352 1837 1546 1886 mitram
1575 1838 1865 1903 simplicem,
1899 1841 1947 1886 et

148 1921 343 1971 anulum
371 1937 481 1970 cum
509 1922 703 1987 saphiro
731 1922 1025 1987 pretiosum,
1053 1922 1254 1982 valoris,
1291 1925 1341 1971 ut
1375 1922 1577 1971 sacrista
1610 1922 1819 1981 dicebat,
1851 1925 1945 1971 300

146 2005 450 2067 ducatorum,
488 2006 652 2070 sicque
693 2011 913 2071 paratum
953 2022 1098 2070 supra
1135 2006 1334 2066 lectum,
1380 2022 1524 2070 quem
1557 2022 1702 2071 supra
1734 2006 1944 2055 tabulam

145 2090 414 2156 predictam
441 2091 764 2140 ordinavimus
792 2107 902 2140 cum
931 2090 1137 2139 cussinis
1158 2091 1218 2139 ad
1246 2094 1407 2155 caput,
1438 2094 1485 2139 et
1505 2091 1648 2156 pallio
1670 2090 1940 2150 brucchati,

145 2174 196 2224 in
232 2175 394 2225 medio
432 2175 559 2224 dIcte
608 2191 801 2224 camere
849 2175 1099 2239 posuimus
1138 2174 1219 2223 ubi
1266 2174 1444 2222 mansit
1482 2190 1632 2238 usque
1672 2174 1732 2223 ad
1770 2175 1942 2222 horam

145 2259 407 2324 sepulture.
444 2259 703 2308 Sollicitari
739 2259 933 2308 interim
960 2258 1053 2307 feci
1086 2273 1175 2323 pro
1202 2257 1475 2313 intorticiis‚
1507 2274 1598 2322 que
1627 2274 1738 2306 cum
1766 2274 1941 2322 magna

142 2341 424 2390 difficultate
465 2341 594 2390 circa
635 2342 807 2390 horam
845 2341 1085 2390 decimam
1125 2345 1346 2405 quartam
1383 2341 1546 2389 habite
1587 2345 1698 2390 sunt
1735 2358 1939 2390 numero

140 2424 305 2490 viginti
328 2428 536 2485 tantum;
554 2425 726 2490 quibus
748 2426 1030 2491 apportatis,
1055 2426 1235 2489 absque
1258 2441 1336 2485 eo,
1361 2425 1488 2490 quod
1510 2426 1703 2490 aliquod
1725 2426 1938 2475 officium

140 2510 269 2560 circa
299 2511 577 2560 defunctum
609 2511 789 2560 dictum
818 2515 965 2570 esset,
994 2510 1369 2575 precedentibus
1397 2526 1541 2558 cruce
1570 2515 1617 2559 et
1639 2511 1934 2581 canto-ribus,

136 2593 465 2658 penitentiarii
507 2599 555 2644 et
588 2595 868 2643 cubicularii
911 2598 1221 2659 portaverunt
1254 2594 1534 2642 defunctum
1567 2610 1717 2658 usque
1751 2595 1812 2643 ad
1844 2595 1937 2659 pri-
2012 2661 2014 2663 Ι

50 2667 66 2679 ”
99 2735 114 2742 Ι,
132 2692 268 2744 νιιιειῐι]
289 2677 446 2726 aulam
467 2679 720 2743 majorem,
746 2678 967 2727 videlicet
994 2678 1174 2742 palatii,
1191 2677 1270 2726 ubi
1294 2682 1430 2727 erant
1451 2679 1690 2740 canonici,
1717 2682 1763 2728 et
1785 2680 1935 2727 bene-

11 2770 13 2773 '
75 2751 89 2777 ³'
138 2760 304 2821 ficiati,
329 2778 385 2811 ac
407 2762 564 2812 clerus
586 2763 785 2812 basilice
815 2763 967 2811 sancti
1000 2763 1153 2822 Petri,
1184 2763 1244 2810 ab
1272 2763 1352 2810 illo
1379 2762 1488 2811 loco
1517 2779 1667 2827 usque
1697 2763 1756 2812 ad
1784 2763 1932 2811 altare

138 2845 293 2909 majus
319 2850 570 2910 portavere
599 2848 880 2896 defunctum
913 2847 1134 2895 canonici
1163 2846 1384 2911 predicti.
1418 2847 1672 2896 Processio
1701 2847 1827 2895 facta
1860 2852 1932 2895 est

138 2944 227 2994 per
252 2929 432 2978 scalam
466 2934 513 2979 et
548 2931 749 2991 curiam,
780 2932 861 2979 ubi
889 2931 1157 2980 cardinales
1187 2931 1343 2979 solent
1376 2931 1675 2979 descendere
1711 2930 1930 2979 exeundo

138 3027 227 3076 per
274 3016 464 3076 portam
515 3014 832 3078 principalem
883 3014 1045 3079 pala-tii
1096 3015 1157 3062 ad
1207 3014 1418 3063 mediam
1470 3015 1701 3078 plateam;
1753 3013 1930 3061 ibidem

137 3099 379 3145 vertentes
413 3115 576 3147 versus
619 3099 772 3147 scalas
811 3099 1028 3158 basilice,
1072 3098 1329 3146 ecclesiam
1371 3114 1534 3146 sumus
1574 3097 1795 3160 ingressi.
1834 3099 1930 3143 De-

138 3183 328 3232 sunctus
360 3185 544 3248 positus
579 3188 651 3232 est
684 3187 793 3232 ante
829 3183 977 3231 altare
1018 3183 1173 3246 majus
1212 3182 1260 3230 in
1292 3182 1435 3246 plano
1470 3181 1717 3245 superiore
1750 3180 1926 3243 primo,

139 3266 312 3315 deinde
329 3267 452 3316 infra
471 3271 613 3336 caput
633 3283 823 3315 versum
846 3267 906 3315 ad
926 3266 1094 3326 altare,
1120 3270 1167 3314 et
1188 3265 1336 3330 pedes
1359 3269 1493 3314 extra
1514 3267 1699 3327 gratam
1720 3263 1927 3312 ferream

185 3452 221 3488 1.
251 3451 303 3488 De
321 3451 469 3489 l’italien
490 3466 509 3485 «
527 3451 665 3489 ramino
686 3467 706 3486 »
727 3452 928 3489 chaudron.
