2262 3958
316 347 384 383 120
919 342 938 378 J
944 341 1151 378 OHANNIS
1185 339 1479 388 BURCHARDI,
1766 340 1970 384 [Decembre
1985 342 2076 385 1484]

382 447 709 497 precedebant
740 447 834 493 duo
863 444 1122 492 servientes
1154 458 1399 492 armorum
1432 431 1478 490 et
1511 442 1740 506 magister
1772 442 1962 502 domuS,
1992 442 2073 506 qui

307 535 407 578 tam
447 529 507 577 ad
534 529 765 576 lotionem
797 542 941 590 quam
970 525 1049 573 hic
1084 530 1132 574 et
1158 526 1206 573 in
1228 525 1539 588 sequentibus
1569 525 1751 574 actibus
1782 541 1878 574 non
1914 540 2078 574 exces-

308 611 367 659 sit
389 611 562 675 gradus
581 610 701 668 solii,
722 609 807 658 sed
826 609 1004 659 ibidem
1022 625 1074 658 se
1096 609 1198 657 fixit
1219 624 1370 672 usque
1392 608 1449 657 ad
1476 608 1742 656 discessum
1766 608 2074 658 servientium

309 694 368 742 de
408 693 547 752 solio,
583 708 693 741 cum
732 692 901 755 quibus
936 693 1109 741 iterum
1161 692 1220 740 ad
1264 692 1558 741 credentiam
1595 691 1752 740 rediit.
1791 692 2072 761 Magistrum

310 777 481 825 domus
503 777 827 839 sequebantur
854 776 947 824 duo
975 776 1233 836 auditores,
1258 775 1439 839 primus
1468 776 1569 824 sine
1598 775 1799 835 mantili,
1834 768 2074 824 secundus

309 875 418 908 cum
457 859 662 917 mantili;
700 858 920 907 schalcus
958 874 1081 922 pape
1124 859 1365 922 predictus
1410 859 1567 908 ferens
1614 858 1873 918 ferculum3
1919 857 2075 919 solum

309 942 535 1006 magister
547 941 740 1005 hospitii
761 941 934 989 mansit
956 941 1082 1005 apud
1108 937 1419 1000 credentiam,
1450 942 1542 990 hoc
1571 945 1643 990 est
1665 957 1862 990 manere
1891 940 2071 989 debuit.

310 1025 404 1073 Sed
427 1039 582 1088 neque
614 1024 852 1083 schalcUS,
881 1039 1039 1087 neque
1072 1024 1302 1088 magister
1330 1025 1523 1087 hospitii
1556 1025 1751 1073 solitum
1782 1029 1829 1072 et
1858 1023 2074 1072 debitum
2133 1062 2135 1064 ,

309 1106 527 1155 ordinem
565 1111 829 1166 servarunt,
860 1107 945 1155 sed
978 1123 1145 1156 omnes
1176 1108 1436 1156 servientes
1466 1112 1563 1156 tam
1591 1108 1648 1156 de
1686 1106 1896 1167 ferculiS,
1929 1121 2074 1170 quam

307 1189 365 1238 de
387 1190 596 1253 potibus,
626 1191 751 1239 inter
777 1206 827 1239 se
855 1192 1169 1252 associarunt,
1195 1196 1242 1240 et
1266 1192 1410 1240 male.
1443 1193 1561 1239 Cum
1589 1191 1802 1255 prefatus
1829 1190 1925 1239 dux
1946 1194 2074 1239 esset

306 1288 468 1321 coram
486 1272 730 1336 pontifice,
750 1273 913 1322 datum
934 1275 1020 1323 fuit
1042 1274 1129 1322 sibi
1151 1291 1211 1322 ex
1228 1274 1442 1338 portatis,
1463 1290 1552 1338 per
1570 1273 1864 1322 cardinalem
1886 1275 2073 1322 Senen-

307 1372 408 1403 sem
446 1372 532 1420 pro
579 1356 696 1405 roba
735 1356 828 1405 sive
867 1358 1113 1406 credentia
1150 1358 1387 1417 facienda,
1430 1373 1575 1421 quam
1614 1357 1898 1420 genuflexus
1937 1355 2067 1415 fecit,

306 1438 469 1501 sicque
497 1438 676 1487 tamdiu
705 1440 1032 1489 consecteram
1068 1440 1238 1499 tenuit,
1263 1456 1514 1504 quousque
1536 1438 1751 1503 pontifex
1772 1439 1830 1486 de
1851 1438 1933 1486 illa
1958 1437 2071 1487 satis

303 1521 592 1570 comedisset
614 1522 707 1569 sive
733 1522 791 1570 ad
820 1523 1114 1572 voluntatem
1142 1539 1292 1572 suam.
1325 1526 1425 1586 Ego
1455 1521 1955 1586 quamprimumidem
1975 1520 2072 1570 dux

303 1619 466 1652 coram
503 1604 729 1668 pontifice
775 1606 920 1667 venit,
970 1606 1175 1655 conduxi
1227 1622 1335 1654 cum
1382 1605 1485 1653 aliis
1530 1605 1718 1653 duobus
1759 1604 2071 1652 servientibus

303 1702 545 1735 armorum
592 1690 646 1734 R.
701 1690 756 1735 D.
804 1689 1143 1752 Masquardum
1194 1689 1444 1752 Brisaquer
1496 1694 1735 1745 rectorem
1784 1693 1831 1736 et
1871 1687 2071 1737 militem

302 1769 596 1833 imperialem
624 1775 865 1820 oratorem
889 1777 936 1821 et
964 1773 1081 1820 duos
1109 1772 1226 1820 alios
1257 1776 1474 1820 oratores
1508 1771 1569 1819 ad
1598 1774 1835 1819 secretam
1867 1771 2070 1820 creden-

301 1853 415 1900 tiam
435 1854 717 1916 predictam,
746 1855 845 1914 ubi,
874 1854 1098 1918 imposita
1119 1855 1178 1903 ad
1208 1854 1383 1902 collum
1404 1854 1599 1902 domino
1617 1854 1905 1916 Masquardo
1929 1869 2067 1918 map-

301 1935 413 1999 pula
437 1935 606 1994 serica,
649 1937 804 1984 eidem
840 1941 982 2001 potus
1020 1952 1107 2000 pro
1145 1937 1372 2000 pontifice
1412 1936 1501 1984 fuit
1543 1936 1812 2000 assignatus
1845 1936 1895 1983 in
1924 1936 2066 2000 cipho

300 2032 496 2081 magno,
526 2022 573 2066 et
599 2018 700 2082 ipse
730 2022 784 2067 D.
815 2019 1131 2082 Masquardus
1165 2020 1369 2083 portavit
1397 2019 1612 2083 pontifici
1644 2034 1702 2068 eo
1730 2019 1898 2068 ordine
1924 2025 2068 2083 prout

300 2099 393 2147 dux
408 2100 648 2163 predictus
669 2102 900 2150 ferculum
924 2103 1142 2167 portavit,
1175 2108 1223 2152 et
1249 2119 1346 2152 non
1374 2104 1572 2152 recessit
1597 2104 1655 2152 de
1687 2103 1948 2162 credentia,
1979 2103 2073 2155 nisi

298 2185 550 2245 postquam
583 2183 678 2232 dux
706 2184 766 2232 ad
796 2184 948 2248 ipsam
985 2186 1279 2235 credentiam
1318 2186 1377 2235 de
1414 2186 1639 2250 pontifice
1679 2186 1900 2235 rediisset
1932 2203 1942 2233 z
1975 2174 2071 2234 hoc

299 2265 464 2313 ordine
486 2271 693 2329 quatuor
712 2267 896 2317 fercula
915 2269 1108 2317 fuerunt
1131 2269 1399 2318 successive
1424 2268 1638 2332 pontifici
1662 2273 1867 2332 portata,
1892 2273 1940 2318 et
1958 2273 2068 2332 post

298 2348 541 2410 quodlibet
567 2351 800 2399 ferculum
835 2352 955 2399 alius
983 2356 1124 2416 potus
1150 2352 1261 2399 vini.
1294 2352 1503 2399 Primum
1530 2351 1782 2410 ferculum,
1815 2352 1943 2414 quod
1966 2355 2068 2399 erat

297 2429 585 2492 pinocchiati
623 2432 826 2480 indorati
866 2438 914 2481 et
955 2434 1239 2497 inargentati
1279 2450 1389 2481 cum
1428 2448 1570 2497 parvo
1612 2433 1782 2481 vexillo
1822 2433 2063 2496 pontificis

298 2517 458 2562 erecto
490 2514 538 2562 in
565 2516 742 2574 medio,
774 2516 812 2562 si
852 2519 982 2564 recte
1022 2515 1236 2574 memini,
1277 2515 1480 2578 portavit
1518 2515 1666 2563 lllust.
1709 2514 1933 2562 dominns
1969 2514 2066 2563 dux

300 2597 630 2646 Amalfitanus.

361 2678 572 2728 Primum
592 2683 759 2744 potum
775 2681 867 2728 vini
890 2681 1093 2744 portavit
1114 2684 1171 2729 D.
1197 2681 1511 2745 Masquardus
1533 2684 1696 2729 orator
1714 2681 1992 2745 imperialis.

362 2763 634 2811 Secundum
658 2764 893 2813 ferculum
924 2767 1024 2812 erat
1054 2763 1290 2813 coriandri
1320 2764 1481 2827 magni
1513 2769 1560 2813 et
1587 2765 1760 2828 grossi,
1790 2765 1919 2829 quod
1946 2771 2060 2828 por—

296 2844 407 2893 tavit
425 2861 588 2894 comes
609 2847 840 2896 Merconii
859 2852 1021 2896 orator
1043 2847 1169 2911 regis
1191 2841 1507 2911 Neapolitani.

359 2929 634 2977 Secundum
651 2934 817 2993 potum
844 2930 1047 2994 portavit
1075 2934 1132 2978 D.
1160 2934 1352 2980 senator
1373 2931 1529 2979 Urbis.

363 3012 575 3060 Tertium
606 3012 841 3062 ferculum
869 3017 971 3062 erat
999 3014 1314 3062 confectionis
1342 3014 1507 3073 mixte,
1528 3014 1656 3077 quod
1674 3013 1875 3077 portavit
1895 3027 2059 3061 comes

292 3097 548 3160 Montagne
570 3096 715 3145 etiam
737 3099 899 3145 orator
922 3097 1046 3161 regis
1069 3096 1346 3160 supradicti.

357 3179 567 3227 Tertium
600 3183 767 3243 potum
800 3180 1004 3244 portavit
1032 3183 1088 3228 D.
1124 3179 1308 3227 Florius
1340 3179 1599 3228 Duverrela
1632 3179 1769 3228 miles
1804 3179 1984 3228 ordinis
2017 3195 2057 3227 S.

289 3260 518 3309 Johannis
541 3262 976 3328 Hierosolymitani,
999 3267 1160 3312 orator
1180 3262 1307 3326 regis
1331 3263 1554 3327 Ungarie.

361 3344 588 3398 Quartum
609 3346 843 3395 ferculum
868 3350 969 3395 erat
993 3346 1253 3404 cialdones,
1283 3345 1411 3409 quod
1436 3346 1639 3409 portavit
1666 3348 1722 3394 D.
1757 3346 2057 3406 Leonardus,

291 3425 456 3472 doctor
477 3430 523 3473 et
543 3428 695 3487 mileS,
727 3433 890 3477 orator
909 3429 979 3476 111.
1005 3428 1136 3478 ducis
1159 3428 1546 3477 Mediolanensis.
