2262 3958
236 315 319 359 [Mai
342 310 432 353 1488]
675 305 845 344 RERUM
880 302 1186 342 URBANARUM
1220 300 1574 341 COMMENTARII.
1954 301 2026 339 309

235 418 321 466 SS.
346 417 404 463 D.
428 414 507 470 N.,
531 414 725 475 paratus
746 424 881 457 more
905 407 1065 465 solim,
1089 405 1223 453 venit
1251 404 1312 452 ad
1338 402 1576 467 capellam
1591 402 1832 466 ‘majorem
1860 402 2023 465 palatii

233 503 282 548 et
302 495 415 546 fecit
435 493 652 543 officium
674 497 817 558 prout
839 498 912 540 est
933 494 1239 539 consuetum.
1511 487 1514 493 '

299 579 440 629 Feria
459 577 642 643 quinta,
678 581 733 626 15
766 575 947 624 mensis
982 573 1114 632 maii,
1148 573 1324 621 festum
1355 571 1656 619 ascensionis
1688 570 1899 629 Domini,
1934 572 2019 618 SS.

236 667 294 714 D.
318 665 375 712 N.
400 665 593 727 paratus
616 665 666 709 ut
687 659 833 708 moris
850 662 941 712 est,
961 657 1088 705 venit
1108 657 1166 704 ad
1182 655 1430 704 basilicam
1449 653 1678 718 principis
1695 653 2024 718 apostolorum

235 745 315 794 ubi
352 760 462 793 cum
498 741 822 792 cardinalibus
868 739 1014 786 misse
1066 737 1271 785 solemni
1312 736 1547 794 interfuit,
1583 752 1727 798 quam
1765 737 2026 785 celebravit

238 832 406 877 Rmus.
431 830 489 876 D.
515 824 771 875 cardinalis
800 840 838 871 s.
875 821 1135 870 Clementis
1162 820 1211 866 in
1241 818 1538 882 paramentis
1568 819 1706 866 albis.
1739 821 2025 868 Sermonem

236 913 348 962 fecit
365 911 688 975 Hieronymus
708 904 1040 970 Traguriensis
1063 902 1123 968 (1)
1149 902 1271 950 Rmi.
1294 904 1347 950 D.
1365 901 1535 949 datarii
1558 902 1853 965 capellanus·
1871 902 2026 950 Finito

237 1009 482 1052 sermone,
505 1007 604 1041 non
621 989 881 1056 publicavit
912 986 1265 1051 indulgentias3
1291 985 1376 1033 sed
1404 984 1527 1033 facta
1551 985 1875 1044 confessione,
1902 988 2031 1049 Papa

238 1078 401 1128 statim
434 1076 566 1126 dedit
613 1072 970 1123 absolutionem
1019 1075 1067 1118 et
1113 1068 1525 1118 benedictionem.
1575 1069 1722 1116 Facta
1763 1068 2029 1116 elevatione

236 1161 525 1212 sacramenti
557 1160 606 1208 in
637 1158 792 1217 altari,
827 1158 911 1205 SS.
951 1157 1008 1203 D.
1046 1156 1125 1215 N.,
1159 1153 1220 1202 ad
1252 1151 1655 1216 supplicationem
1684 1168 1863 1211 meam,
1900 1152 2031 1200 dedit

236 1246 484 1297 licentiam
530 1240 662 1308 quod
700 1241 855 1290 vultus
906 1239 1098 1288 Domini
1135 1237 1316 1302 populo
1357 1236 1697 1284 ostenderetur
1737 1239 1788 1284 ut
1823 1235 2031 1300 populus

238 1330 411 1381 deinde
440 1328 697 1379 ecclesiam
732 1325 886 1374 exiret
918 1338 1007 1388 pro
1038 1322 1231 1387 publica
1261 1320 1600 1370 benedictione
1622 1320 1863 1379 habenda,
1888 1324 2030 1384 prout

239 1413 420 1462 factum
458 1415 546 1459 est.
596 1409 752 1457 Finita
791 1407 938 1455 missa
975 1411 1022 1454 et
1055 1404 1396 1453 benedictione
1441 1419 1530 1468 per
1573 1403 1856 1468 pontificem
1899 1403 2027 1463 data,

239 1495 454 1561 pontifex
467 1509 555 1559 per
574 1507 745 1541 navem
765 1490 1041 1549 Salvatoris,
1067 1489 1115 1536 in
1132 1504 1226 1552 qua
1242 1488 1421 1536 vultum
1439 1493 1658 1536 sanctum
1676 1488 1765 1536 sibi
1781 1492 2032 1537 ostensum

238 1580 370 1639 vidit,
405 1577 625 1627 ascendit
660 1577 721 1625 ad
749 1576 912 1624 locum
940 1589 1027 1638 pro
1062 1572 1402 1621 benedictione
1438 1571 1633 1635 publica
1665 1571 1842 1636 populo
1875 1570 2034 1619 danda

242 1666 571 1729 preparatum,
602 1660 683 1709 ubi
712 1664 860 1716 stanS,
898 1657 1075 1721 populo
1104 1655 1386 1705 solemniter
1412 1655 1659 1703 benedixit
1687 1659 1733 1703 et
1765 1655 2032 1719 plenariam

243 1746 460 1796 omnium
481 1749 793 1810 peccatorum
815 1741 1153 1791 remissionem
1169 1739 1318 1798 dedit,
1344 1755 1489 1802 quam
1510 1739 1768 1803 publicavit
1783 1743 1950 1788 Rmus.
1971 1742 2028 1788 D.

243 1828 500 1879 cardinalis
528 1827 757 1877 Senensis
790 1826 839 1874 in
867 1825 1016 1873 latino
1046 1827 1093 1872 et
1120 1823 1178 1872 de
1208 1823 1444 1871 Columna
1472 1823 1728 1871 cardinalis
1756 1823 1804 1871 in
1828 1823 2028 1888 vulgari.

242 1913 445 1974 Deinde,
467 1911 677 1961 dimissis
699 1910 745 1958 in
769 1909 902 1959 curia
923 1906 1265 1966 cardinalibus,
1291 1909 1421 1969 Papa
1443 1905 1661 1954 ascendit
1683 1906 1743 1954 ad
1765 1922 2028 1966 cameram,

241 2002 291 2047 et
309 1998 405 2047 hoc
425 2011 570 2045 mane
592 1998 723 2059 Papa
743 1998 842 2043 tam
866 1994 924 2041 de
957 2008 1151 2041 camera
1184 1990 1244 2039 ad
1272 1990 1532 2039 ecclesiam
1560 2006 1706 2053 quam
1741 1991 1801 2040 de
1827 1991 2035 2040 ecclesia

243 2080 305 2128 ad
323 2079 486 2129 locum
503 2077 695 2143 publice
717 2075 1070 2126 benedictionis
1091 2075 1220 2124 venit
1242 2076 1329 2123 sub
1350 2075 1659 2135 baldachinO,
1690 2079 1742 2122 ut
1768 2075 1916 2122 moris
1938 2078 2027 2123 est.

242 2161 349 2211 Alia
369 2161 533 2210 omnia
547 2176 682 2209 more
706 2159 849 2208 solito
873 2162 982 2206 sunt
1005 2158 1273 2207 observata.

307 2244 536 2304 Sabbato,
572 2247 642 2292 24-
662 2243 792 2301 maii,
821 2241 980 2306 vigilia
1001 2244 1334 2300 Pentecostes,
1366 2243 1451 2289 SS.
1481 2243 1538 2289 D.
1575 2243 1631 2289 N.
1672 2244 1862 2304 paratus
1897 2255 2031 2289 more

242 2328 383 2377 solito
409 2328 538 2378 venit
564 2328 626 2376 ad
650 2326 886 2391 capellam
917 2326 1155 2390 majorem
1182 2325 1344 2389 palatii
1374 2325 1446 2372 sui
1473 2341 1561 2389 pro
1593 2324 1806 2389 vesperis
1843 2328 1891 2371 et
1920 2323 2031 2371 fecit

241 2412 458 2461 officium
479 2427 615 2461 more
637 2414 874 2460 consueto
893 2413 940 2458 et
960 2425 1059 2457 non
1075 2409 1256 2473 incepit
1275 2409 1530 2474 hymnum.

307 2495 578 2555 Dominica,
604 2498 664 2543 25
694 2494 826 2553 maii,
857 2493 1032 2541 festum
1063 2495 1397 2552 Pentecostes,
1431 2495 1516 2542 SS.
1551 2495 1605 2541 D.
1647 2495 1702 2541 N.
1735 2496 1946 2557 paratuS,
1981 2497 2033 2540 ut

240 2570 389 2628 mo‘ris
410 2582 500 2640 est,
525 2579 585 2627 ad
600 2578 851 2627 basilicam
867 2594 907 2626 S.
933 2577 1062 2626 Petri
1087 2576 1213 2625 venit
1239 2576 1341 2625 sine
1369 2576 1680 2636 baldachino,
1710 2577 1791 2625 ubi
1819 2576 2033 2624 interfuit

241 2662 390 2712 misse
423 2661 628 2711 solemni
650 2677 796 2726 quam
818 2660 1079 2710 celebravit
1102 2663 1269 2708 Rmus.
1296 2663 1354 2708 D.
1391 2661 1648 2709 cardinalis
1671 2677 1710 2709 s.
1733 2660 1880 2708 Marci
1903 2660 2032 2724 epis-

242 2759 393 2808 copus
414 2744 727 2792 Prenestinus
746 2743 796 2791 in
817 2742 1113 2808 paramentis
1132 2743 1313 2791 rubeis.
1341 2745 1627 2791 Sermonem
1651 2743 1765 2792 fecit
1774 2780 1872 2792 .....
1901 2743 1961 2809 (2)
1985 2748 2031 2792 et

245 2829 331 2877 SS.
357 2830 415 2876 D.
433 2829 490 2876 N.
514 2827 757 2876 concessit
777 2826 1125 2891 indulgentiam
1140 2826 1407 2890 plenariam
1429 2843 1575 2891 quam
1598 2828 1936 2891 pronunciavit
1953 2827 2032 2891 qui

243 2911 359 2960 fecit
380 2926 674 2960 sermonem.
699 2911 805 2959 Alia
826 2911 1078 2958 observata
1106 2914 1216 2959 sunt
1240 2925 1376 2958 more
1400 2911 1557 2959 solito.

314 2994 542 3054 Sabbato‚
566 2998 618 3043 31
651 2994 782 3054 maii,
807 2993 964 3059 vigilia
986 3009 1025 3041 s·
1047 2993 1307 3054 Trinitatis,
1335 2995 1418 3043 SS.
1441 2997 1566 3043 D.N.
1586 3000 1798 3060 paratus,
1818 2995 2032 3043 utmoris

246 3082 336 3138 est,
353 3077 483 3126 venit
503 3078 564 3126 ad
584 3077 819 3142 capellam
837 3078 1074 3141 majorem
1095 3076 1260 3140 palatii
1280 3092 1367 3140 pro
1385 3078 1599 3141 vesperis
1618 3083 1664 3127 et
1686 3078 1798 3126 fecit
1819 3077 2032 3126 officium

245 3175 380 3208 more
402 3164 655 3210 consueto.
678 3159 920 3208 Mandavit
940 3159 1086 3208 etiam
1109 3157 1348 3206 Sanctitas
1377 3174 1482 3219 sua,
1516 3175 1595 3208 me
1620 3160 1949 3222 interrogante
1972 3175 2033 3207 an

246 3244 763 3294 commemorationem
800 3243 907 3292 fieri
942 3243 1085 3291 vellet
1120 3242 1179 3290 de
1222 3241 1466 3290 dominica
1498 3243 1637 3306 juxta
1679 3242 2033 3291 ordinationem

294 3366 330 3403 1.
358 3366 468 3411 Trau,
490 3377 536 3402 en
558 3366 748 3404 Dalmatie.

291 3427 329 3462 2.
352 3425 613 3463 Meinelacune
634 3426 726 3463 dans
743 3432 824 3464 tous
841 3427 892 3464 les
916 3439 1002 3465 mss.
