2262 3958
355 342 421 378 166
958 338 976 373 J
983 337 1143 373 OHANN
1148 337 1190 373 IS
1224 335 1518 385 BURCHARDI,
1803 338 2012 380 [Novembre
2027 339 2106 371 1485

353 446 410 491 D.
454 442 702 491 cardinalis
744 440 1031 499 ParmensiS,
1068 438 1227 488 rubeis
1279 439 1570 503 paramentis
1613 445 1823 504 paratuS‚
1863 438 2120 489 celebravit

353 525 549 574 missam
571 525 835 573 solemnem
871 524 930 571 de
962 522 1083 570 festo
1105 522 1152 570 in
1174 522 1308 570 altari
1330 523 1514 586 majore
1542 522 1736 571 basilice
1768 539 1812 570 s.
1841 522 1986 583 Petri,
2017 521 2119 571 sine

353 608 497 667 bulla,
534 624 618 671 per
648 606 1044 654 inadvertentiam
1082 605 1176 654 sive
1212 605 1517 663 oblivionem,
1553 605 1663 668 quia
1693 607 1990 669 premonitus
2023 621 2122 655 non

354 691 646 753 fueratquod
668 689 846 738 bullam
868 689 1009 737 scribi
1043 688 1263 747 fecisset3
1288 704 1378 736 nec
1402 687 1532 752 potui
1554 688 1829 751 hujusmodi
1858 689 2117 749 defectum,

354 773 522 820 saltem
539 776 841 837 apparenter,
867 772 1107 835 supplere,
1133 773 1242 835 quia
1262 788 1357 820 non
1377 772 1532 836 reperi
1551 772 1758 836 aliquam
1782 771 1960 821 bullam
1981 787 2123 836 quam

353 856 617 920 potuissem
638 856 745 904 loco
774 871 883 904 vere
916 855 1044 904 bulle
1075 855 1379 920 appendisse.
1417 856 1541 903 Dixit
1571 859 1754 904 tantum
1782 870 1928 904 unam
1949 854 2122 904 oratio-

354 955 466 987 nem
487 939 545 987 de
567 925 686 988 festo
702 938 936 998 videlicet,
961 938 1140 1002 absque
1161 939 1621 988 commemoratione
1644 939 1893 988 adventus.

420 1024 504 1071 SS.
531 1025 588 1071 D.
612 1025 668 1071 N.
686 1022 813 1071 venit
832 1022 892 1070 ad
912 1021 1157 1070 basilicam
1180 1022 1445 1086 predictam
1468 1025 1514 1070 et
1532 1037 1642 1070 cum
1660 1021 1977 1070 cardinalibus
1991 1035 2125 1070 more

356 1106 523 1166 solito;
549 1110 595 1154 et
623 1122 711 1170 per
747 1106 1143 1154 inadvertentiam
1175 1108 1231 1154 D.
1261 1105 1497 1154 Robertus
1529 1109 1825 1154 remanserat
1854 1105 1902 1153 in
1933 1116 2133 1154 camera'

357 1205 457 1249 sua,
495 1193 752 1252 expectans
782 1189 912 1252 quod
943 1193 1215 1249 vocaretur3
1252 1189 1332 1254 qui
1365 1192 1534 1252 postea
1561 1205 1648 1253 per
1676 1204 1752 1237 me
1782 1192 1978 1238 vocatus
1998 1188 2127 1237 venit

355 1272 416 1319 ad
430 1272 673 1320 basilicam
692 1272 977 1336 predictam,
999 1286 1077 1320 me
1098 1276 1283 1320 tantum
1301 1273 1347 1320 in
1368 1271 1677 1321 familiaribus
1699 1272 1794 1320 suis
1814 1271 2124 1338 precedente,

356 1374 384 1406 a
407 1357 504 1404 suis
526 1356 836 1404 servientibus
858 1372 1103 1405 armorum
1121 1372 1175 1406 ac
1196 1357 1434 1406 nobilibus
1456 1357 1554 1406 suis
1573 1356 1854 1414 associatuS‚
1875 1359 1923 1403 et
1941 1355 2129 1410 intravit

356 1441 414 1489 ad
446 1440 593 1487 altare
633 1440 788 1503 majus
819 1455 927 1487 cum
966 1439 1115 1488 Credo
1147 1440 1403 1489 diceretur.
1439 1444 1507 1489 De
1537 1440 1762 1488 mandato
1788 1441 1917 1501 Pape
1938 1436 2047 1486 dedi
2080 1437 2124 1487 ei

355 1522 514 1570 locum
549 1521 597 1568 in
637 1522 786 1584 gradu
822 1521 976 1585 primo
1013 1526 1120 1586 post
1163 1524 1462 1587 superiorem
1502 1524 1606 1572 solii
1647 1539 1676 1571 a
1703 1522 1884 1571 dextris
1917 1524 2043 1586 Pape
2081 1525 2128 1570 et

356 1603 554 1651 fratrem
577 1605 720 1665 Pape,
761 1602 839 1665 qui
878 1602 1057 1650 ibidem
1085 1603 1255 1664 stabat,
1293 1606 1351 1654 de
1386 1606 1610 1654 mandato
1639 1604 1700 1653 ad
1727 1604 1968 1653 sinistram
2000 1606 2127 1668 Papo

357 1686 467 1734 duxi
487 1686 546 1734 ad
567 1684 792 1733 eumdem
814 1686 1033 1749 gradum,
1049 1686 1227 1735 ibidem
1247 1688 1405 1753 ipsum
1425 1689 1648 1738 locando,
1668 1687 1800 1736 Idem
1816 1689 1873 1735 D.
1889 1678 2143 1736 Robertus'

355 1771 550 1837 vestitus
572 1774 673 1818 erat
693 1772 854 1816 manto
871 1769 929 1817 de
948 1769 1173 1818 broccato
1195 1772 1338 1835 pleno
1359 1772 1629 1821 richissimo
1643 1772 1808 1834 longo,
1832 1770 2047 1819 fimbrias
2066 1770 2128 1819 ad

356 1852 476 1899 duos
515 1851 688 1914 digitos
723 1866 810 1915 per
848 1855 1021 1899 terram
1054 1853 1293 1914 trahente,
1337 1858 1503 1918 aperto
1542 1854 1603 1902 ad
1640 1854 1886 1902 dexteram
1918 1856 2121 1912 tantum,

297 1916 308 1927 ²
356 1934 547 1982 suffulto
564 1934 762 1982 zendato
785 1934 1054 1983 cremesino
1078 1936 1259 1984 circum
1281 1937 1459 1985 collum
1480 1936 1739 2000 duplicato,
1757 1935 1853 1984 sive
1876 1934 2124 1983 collarium

354 2018 563 2065 habente
583 2017 881 2080 largitudinis
902 2018 1042 2064 unius
1063 2019 1207 2081 palmi
1235 2023 1280 2067 et
1310 2036 1337 2067 a
1363 2020 1530 2068 dextra
1556 2022 1761 2082 quatuor
1787 2018 1994 2067 botonos
2019 2033 2124 2066 ma—

358 2115 478 2162 gnos
495 2116 553 2147 ex
573 2100 742 2163 perlis;
768 2100 827 2148 de
849 2100 1017 2148 subtus
1035 2101 1244 2150 habebat
1263 2107 1447 2151 vestem
1470 2103 1663 2166 longam
1692 2117 1843 2165 usque
1867 2100 1927 2149 ad
1947 2104 2125 2150 terram

356 2183 414 2230 de
438 2183 578 2230 simili
606 2183 835 2231 bruccato
865 2184 1108 2232 zebellinis
1142 2185 1386 2234 suffultam
1414 2190 1461 2234 et
1486 2185 1534 2233 in
1553 2184 1708 2249 capite
1730 2185 1960 2235 birretum
1985 2200 2126 2234 suum

358 2266 565 2313 solitum.
586 2266 739 2314 Finita
760 2266 907 2314 missa
928 2272 975 2314 et
994 2283 1081 2330 per
1097 2268 1377 2330 pontificem
1394 2268 1730 2317 benedictione
1752 2268 1880 2327 data,
1903 2283 2001 2316 non
2021 2267 2128 2318 fue-

358 2352 467 2396 runt
492 2348 730 2411 publicate
763 2349 1058 2412 indulgentie
1087 2351 1196 2413 quia
1224 2367 1280 2398 ea
1307 2351 1400 2411 die,
1435 2367 1493 2399 ex
1520 2351 1702 2398 indulto
1729 2351 1880 2399 felicis
1908 2351 2129 2407 recorda-

358 2430 499 2478 tionis
521 2430 589 2477 Pii
610 2446 731 2493 pape
756 2433 812 2490 Il,
839 2438 949 2479 sunt
969 2434 1180 2495 plenarie
1203 2415 1454 2497 perpetuis·
1471 2434 1769 2497 temporibus
1793 2424 2035 2483 durature.

424 2513 603 2561 Deinde
636 2517 823 2575 portata
855 2514 1047 2563 fuerunt
1080 2531 1240 2563 coram
1275 2516 1503 2579 pontifice
1534 2516 1628 2564 duo
1661 2516 1849 2576 vexilla,
1877 2531 1990 2580 que,
2013 2531 2126 2580 pre-

358 2599 493 2644 sente
515 2596 756 2644 cardinale
774 2597 1117 2645 Mediolanensi
1139 2599 1528 2663 presbyterorum
1547 2599 1726 2663 priore,
1741 2602 1867 2663 Papa
1883 2599 2126 2649 benedixit

358 2683 498 2741 prout
519 2679 565 2725 in
586 2679 723 2727 libro.
741 2682 858 2727 Tum
884 2683 937 2728 D.
956 2681 1377 2729 Robertuscoram
1398 2682 1625 2745 pontifice
1649 2682 1928 2746 genuflexus
1950 2682 2123 2746 juravit

359 2766 501 2826 prout
534 2763 752 2826 superius
786 2767 857 2811 est
887 2767 1128 2823 notatum3
1157 2765 1487 2827 juramentum
1519 2768 1681 2814 tamen
1712 2765 1875 2829 legere
1904 2765 2122 2824 nescivit,

360 2861 596 2907 excusans
627 2862 678 2894 se
709 2846 817 2908 quia
843 2846 1052 2894 ocularia
1078 2863 1164 2895 sua
1183 2863 1279 2895 non
1300 2848 1525 2907 habebat,
1551 2849 1679 2911 quod
1705 2848 1947 2912 predictus
1970 2847 2126 2896 cardi-

360 2929 479 2976 nalis
497 2918 864 2977 Mediolanensis
882 2945 969 2992 per
995 2929 1180 2993 singula
1201 2931 1345 2978 verba
1370 2930 1591 2994 prelegit,
1620 2935 1667 2979 et
1693 2931 1770 2979 ille
1793 2930 1961 2979 eadem
1982 2929 2126 2978 verba

360 3012 617 3075 replicavit.
662 3015 872 3075 Rogatus
906 3011 994 3059 fuit
1027 3012 1085 3060 de
1124 3013 1401 3076 hujusmodi
1432 3014 1692 3077 juramenti
1730 3012 2023 3076 prestatione
2063 3015 2122 3061 D.

360 3095 653 3143 Hanichetus
681 3110 871 3142 camere
903 3095 1163 3158 apostolice
1185 3096 1428 3154 notarius3
1454 3112 1548 3159 quo
1575 3095 1794 3159 prestito,
1819 3097 1946 3159 Papa
1967 3095 2124 3160 impo-

359 3180 452 3227 suit
473 3179 560 3226 sibi
582 3179 812 3227 birretum
832 3179 1094 3226 altitudinis
1122 3178 1263 3226 unius
1284 3178 1427 3241 palmi
1455 3193 1565 3226 cum
1587 3178 1782 3226 dimidio
1803 3178 1876 3226 vel
1893 3179 2038 3238 circa,
2065 3194 2125 3228 ex

359 3262 579 3310 setonino
602 3262 873 3310 cremesino
897 3261 1095 3310 inferius
1117 3262 1176 3309 ab
1203 3265 1336 3309 extra
1356 3260 1538 3309 habens
1560 3261 1792 3309 circulum
1811 3260 2121 3324 longitudinis

358 3343 497 3390 unius
518 3345 649 3407 digiti
679 3361 789 3392 cum
817 3345 1013 3393 dimidio
1049 3345 1122 3392 vel
1157 3344 1285 3392 circa
1308 3343 1366 3391 de
1397 3344 1623 3392 broccato
1651 3348 1878 3408 argenteo
1905 3358 2014 3393 cum
2041 3342 2122 3390 ali-

357 3425 526 3491 quibus
541 3427 705 3490 paucis
720 3428 864 3491 perlis
879 3444 888 3487 ;
909 3434 954 3475 et
969 3427 1186 3491 superius
1199 3427 1246 3474 in
1261 3426 1419 3475 medio
1433 3426 1600 3474 habuit
1612 3427 1850 3489 quoddam
1866 3425 2120 3480 rotundum
