2262 3958
175 323 391 394 [Amn‘stffiss
618 323 788 360 RERUM
823 323 1129 361 URBANARUM
1164 324 1515 362 COMMENTARII.
1922 327 1970 362 83
2010 380 2018 386 ν

239 425 426 476 Deinde
446 426 578 491 prior
597 426 843 491 predictus
869 428 996 476 dicet
1022 429 1178 477 semel
1201 433 1390 478 tantum
1412 448 1422 477 :
1445 430 1590 494 Kyrie
1614 430 1801 488 eleison,
1838 434 1885 477 et
1905 429 1971 476 illi

169 508 550 574 ‘respondebunt
576 527 586 559 :
610 511 754 575 Kyrie
775 511 963 559 eleison.
985 514 1106 559 Tum
1127 511 1254 560 dicet
1274 513 1402 562 idem
1421 514 1553 577 prior
1574 512 1725 562 semel
1746 516 1932 560 tantum
1959 530 1968 559 :

182 591 366 642 Christe
385 594 575 656 eleison,
602 599 648 644 et
669 595 736 643 illi
761 595 1088 659 respondeant
1113 615 1122 644 :
1147 596 1330 645 Christe
1351 598 1541 645 eleison.

245 678 367 726 Tum
387 679 521 742 prior
543 683 591 729 et
615 680 695 728 alii
724 695 894 729 omnes
917 696 1030 728 cum
1062 696 1120 729 eo
1164 680 1306 729 simul
1343 680 1521 736 dicent,
1563 680 1715 730 semel
1747 683 1933 729 tantum
1959 696 1969 730 ε

179 761 340 825 Κῃνὶε
353 762 524 811 eleison
532 802 542 812 .

248 847 490 897 Laudibus
513 847 588 896 his
609 847 774 908 finitis,
799 847 1003 911 quisque
1025 848 1086 896 ad
1104 848 1268 898 locum
1291 865 1432 898 suum
1461 850 1733 910 revertitur,
1771 850 1975 899 diacono

181 931 494 997 precedente.

250 1020 427 1069 Omnia
449 1019 542 1069 alia
570 1019 731 1080 faciet,
759 1023 904 1084 prout
927 1020 977 1068 in
1007 1020 1173 1080 missa,
1206 1022 1335 1084 Papa
1366 1019 1661 1079 celebrante,
1690 1024 1764 1067 est
1786 1019 1980 1067 ordina-

188 1108 309 1153 tum.
336 1102 494 1153 Finita
522 1104 687 1164 missa,
707 1107 846 1170 ‚Papa
874 1105 1093 1154 ascendit
1122 1110 1407 1169 suggestum
1437 1120 1582 1169 supra
1609 1103 1764 1151 scalas
1786 1102 1982 1150 basilice

191 1204 230 1236 S.
260 1188 389 1237 Petri
409 1189 686 1238 ordinatum
706 1189 755 1237 in
783 1190 898 1239 sede
920 1189 1152 1239 eminenti
1174 1190 1354 1239 ibidem
1377 1189 1465 1239 sihi
1486 1191 1652 1254 parata
1674 1187 1867 1247 sedenS,
1890 1201 1986 1249 quo

192 1270 261 1322 sic
284 1272 508 1334 sedente,
533 1273 767 1323 diaconus
795 1290 824 1322 a
848 1274 1053 1322 sinistris
1076 1274 1165 1322 sibi
1184 1273 1417 1323 assistens
1441 1273 1653 1323 extrahit
1671 1273 1715 1322 ei
1733 1271 1928 1320 mitram
1942 1276 1990 1319 et

187 1357 321 1422 prior
347 1358 663 1408 diaconorum
694 1358 900 1423 imponit
931 1359 975 1408 ei
1003 1374 1229 1424 regnum,
1269 1358 1678 1407 circunstantibus
1715 1352 1989 1405 acclaman-

189 1441 318 1491 tibus
350 1461 360 1491 ε
389 1443 532 1509 Kyrie
557 1444 745 1492 eleison.
786 1443 972 1493 Deinde
999 1443 1214 1508 publicat
1242 1443 1595 1509 indulgentiam
1627 1441 1893 1508 plenariam
1916 1440 1991 1489 vel

193 1524 356 1587 aliam,
385 1532 531 1592 prout
558 1531 686 1593 Pape
716 1528 944 1594 placebit,
976 1528 1135 1577 verbis
1169 1528 1348 1589 latinis,
1386 1533 1434 1578 et
1464 1529 1585 1578 alius
1615 1528 1848 1576 diaconus
1880 1530 1990 1590 post

193 1626 308 1660 eum
327 1613 484 1662 verbis
501 1614 794 1679 vulgaribus,
1572 1627 1575 1630 ’

260 1697 460 1747 Ordinat
482 1699 655 1749 deinde
674 1700 1042 1764 processionem
1065 1700 1126 1748 ad
1153 1704 1375 1750 sanctum
1403 1702 1426 1748 J
1432 1699 1677 1748 ohannem
1697 1701 1990 1746 Lateranum

205 1784 252 1830 et
271 1780 367 1831 hoc
387 1783 534 1833 modo
554 1785 821 1849 procedent
861 1802 871 1834 :

256 1865 518 1917 familiares
541 1884 711 1919 omnes
734 1870 784 1918 in
805 1870 1031 1919 brevibus
1050 1869 1367 1918 cardinalium
1390 1872 1438 1917 et
1459 1867 1682 1926 aliorum,

260 1951 568 2003 barbitonsor
612 1959 659 2004 et

260 2041 418 2086 sartor
440 2039 568 2103 Pape

256 2121 444 2171 nobiles
462 2122 613 2183 curie,

259 2209 464 2269 nepotes
490 2211 537 2255 et
555 2207 726 2257 affines
745 2209 1079 2268 cardinalium,

261 2304 416 2354 equus
434 2306 544 2340 cum
567 2292 697 2341 scala
718 2296 865 2358 Pape,
891 2298 1151 2358 postquam
1171 2295 1302 2356 Papa
1317 2287 1592 2340 ascenderit
1610 2302 1807 2350 equum,

261 2373 519 2424 duodecim
541 2392 765 2426 cursores
784 2393 896 2427 cum
915 2377 1172 2426 duodecim
1195 2376 1395 2435 vexilliS,

260 2458 494 2510 tredecim
515 2463 1084 2530 capita‘regionumncum
1106 2461 1341 2511 tredecim
1359 2459 1559 2519 vexillis,

259 2536 356 2594 dub
374 2554 600 2595 cursores
619 2563 731 2596 cum
753 2547 942 2596 duobus
962 2546 1146 2596 vexillis
1165 2537 1563 2602 cherubinorum,

259 2629 484 2679 vexillum
503 2631 671 2696 Populi
693 2631 899 2692 romani,

253 2713 481 2763 vexillum
499 2714 679 2764 ordinis
702 2714 1132 2775 Theutonicorum,

263 2796 488 2858 vexillum
512 2814 622 2848 cum
641 2799 786 2848 armis
811 2802 958 2862 Pape,

259 2880 487 2930 vexillum
508 2898 621 2931 cum
640 2883 785 2932 armis
808 2882 1040 2942 Ecclesie,

258 2965 486 3014 vexillum
509 2983 549 3015 s.
574 2966 808 3016 Johannis
830 2965 1274 3030 Hierosolymitani,

259 3048 516 3100 duodecim
538 3051 648 3115 equi
668 3055 796 3116 Pape
817 3054 864 3100 et
884 3050 1016 3098 mula
1037 3052 1183 3113 Pape,

257 3138 463 3196 quatuor
483 3135 672 3184 nobiles
696 3135 910 3185 scutiferi
931 3134 1149 3194 honoriS,
1173 3137 1382 3197 quatuor
1400 3131 1555 3197 pileos
1572 3134 1701 3194 Pape
1716 3131 1982 3192 portanteS,

246 3217 525 3268 cubicularii
544 3224 678 3269 extra
698 3236 943 3270 cameram
972 3223 1120 3284 Pape,

263 3305 482 3352 oratores
501 3304 612 3354 laici
627 3309 676 3355 et
697 3305 859 3354 clerici
878 3320 975 3354 non
991 3302 1180 3370 prelati,

265 3385 591 3436 subdiaconus
619 3404 729 3439 cum
748 3405 908 3450 cruce,

263 3469 524 3520 duodecim
550 3472 815 3523 familiares
835 3477 964 3538 Pape
986 3489 1095 3522 cum
1116 3471 1315 3520 totidem
1339 3467 1591 3518 intorticiis
1609 3467 1746 3526 albis,

779 2013 889 2046 cum
912 1997 1101 2048 duobus
1119 1995 1312 2055 valisiiS,
