2262 3958
169 304 379 350 [Aont1484]
614 300 783 339 RERUM
815 299 1121 338 URBANARUM
1154 298 1505 338 COMMENTARII.
1910 307 1957 343 25

115 475 119 477 ,
232 409 371 460 Feria
391 411 558 472 quarta
579 407 760 456 mensis
782 407 969 471 augusti
991 410 1071 465 25,
1087 409 1252 454 Rmus.
1271 408 1326 455 D.
1350 404 1604 454 cardinalis
1627 406 1779 455 sancti
1802 408 1953 455 Marci

166 496 216 545 in
234 492 434 543 basilica
459 492 611 540 sancti
634 491 781 550 Petri,
807 496 855 540 et
875 491 1024 539 altare
1055 494 1166 538 ante
1198 490 1486 550 cancellum,
1519 494 1569 539 ut
1599 507 1743 555 supra
1763 496 1952 555 paratO,

164 578 214 627 in
228 580 503 627 ceterorum
522 592 662 625 xx1111
686 579 976 624 RRmorum.
998 577 1097 622 DD.
1118 574 1433 622 cardinalium
1448 575 1710 639 presentia,
1732 579 1779 624 et
1801 575 1958 640 prela-

165 665 342 720 torum,
361 664 409 710 et
429 664 675 710 oratorum
696 660 745 708 in
767 674 964 707 romana
979 658 1110 706 curia
1126 658 1452 718 existentium,
1472 658 1731 708 celebravit
1752 659 1955 707 missam

167 744 436 794 solemnem
464 745 524 794 de
564 745 732 810 spiritu
759 747 926 792 sancto
961 759 1071 791 cum
1106 742 1323 791 oratione
1356 743 1680 803 convenienti,
1718 747 1765 792 et
1801 744 1959 808 prefa-

164 829 315 890 tione,
340 828 531 878 omissis
550 827 708 877 verbis
727 827 955 875 hodierna
981 827 1072 886 die,
1098 830 1163 886 et,
1189 826 1228 874 si
1255 827 1379 874 bene
1411 826 1629 886 memini,
1654 827 1782 876 dicta
1802 828 1958 892 prima

166 913 383 962 oratione
417 913 505 961 sub
538 927 622 960 sua
655 911 984 971 conclusione,
1022 911 1141 959 dixit
1181 911 1341 971 aliam,
1379 913 1427 958 et
1458 911 1610 969 bene;
1648 911 1793 959 debet
1826 911 1956 959 enim

165 999 261 1048 dici
298 1014 386 1064 pro
425 997 662 1047 electione
707 996 852 1045 futuri
891 995 1154 1060 pontificis,
1185 995 1372 1044 scilicet
1407 1011 1416 1043 :
1454 993 1692 1059 Supplici,
1730 995 1954 1055 Domine,

164 1082 428 1132 humilitate
455 1081 763 1146 deposcimus,
791 1089 876 1130 etc.
912 1080 1041 1129 Dixit
1078 1080 1248 1139 Credo,
1274 1084 1322 1128 et
1354 1079 1446 1128 alia
1478 1095 1614 1128 more
1649 1079 1806 1128 solito.
1835 1082 1957 1137 Qum

163 1168 256 1218 iret
287 1170 397 1217 ante
429 1167 577 1217 altare
618 1165 677 1214 de
715 1165 980 1214 faldistorio
1014 1180 1102 1229 pro
1135 1164 1341 1212 dicenda
1380 1162 1703 1223 confessione,
1740 1164 1958 1229 deposita

163 1253 254 1303 sihi
280 1252 440 1313 mitra,
473 1255 661 1301 retento
693 1251 782 1299 sibi
816 1250 866 1298 in
899 1249 1055 1314 capite
1090 1248 1288 1309 birreto,
1331 1248 1446 1297 fecit
1478 1248 1766 1313 profundam
1806 1250 1959 1298 cardi-

163 1336 352 1386 nalibus
365 1333 704 1393 reverentiam,
729 1331 896 1380 dicens
918 1331 967 1379 in
986 1331 1078 1380 hac
1101 1331 1249 1379 missa
1270 1331 1335 1380 ita
1362 1330 1639 1392 convenire,
1666 1347 1776 1379 cum
1801 1332 1958 1380 cardi-

165 1418 299 1468 nales
319 1422 434 1468 tunc
462 1417 744 1483 pontificem
766 1419 1120 1481 representent.
1156 1417 1277 1464 Item
1302 1414 1418 1463 fecit
1444 1414 1711 1476 redeundo,
1744 1420 1791 1464 et
1818 1432 1959 1465 acce-

166 1503 324 1553 dendo
345 1503 405 1571 ad
425 1502 591 1562 altare,
615 1504 725 1565 post
745 1499 1064 1548 offertorium.
1089 1498 1237 1547 Missa
1256 1498 1409 1558 finita,
1434 1497 1536 1563 ipse
1553 1498 1806 1547 celebrans
1827 1499 1958 1549 dedit

166 1586 527 1636 bendictionem
548 1601 660 1634 cum
686 1584 846 1643 mitra,
876 1599 1013 1631 more
1043 1582 1202 1643 solite,
1225 1580 1282 1648 [et
1309 1598 1408 1630 non
1435 1582 1630 1631 suerunt
1662 1583 1772 1632 date
1799 1583 1958 1632 indul-

167 1670 346 1735 gentie.
389 1672 523 1719 Tunc
562 1668 769 1718 accessit
802 1668 862 1716 ad
893 1666 1231 1726 faldistorium,
1265 1665 1364 1726 ubi,
1398 1665 1630 1730 depositis
1663 1668 1957 1731 paramentis

167 1752 335 1814 sacris,
368 1753 574 1803 accessit
601 1753 660 1801 ad
686 1753 850 1800 locum
877 1767 1019 1800 suum
1046 1750 1172 1798 inter
1198 1749 1317 1798 alios
1346 1749 1631 1798 cardinales.
1669 1751 1868 1799 Interim
1896 1753 1953 1799 D.

165 1836 450 1886 Guillelmus
499 1837 558 1886 de
607 1835 842 1885 Perreriis
887 1834 1079 1883 auditor
1125 1837 1248 1894 rote,
1294 1849 1446 1898 cappa
1493 1849 1580 1882 sua
1627 1838 1862 1883 consueta
1914 1839 1961 1883 et

165 1920 367 1970 rocheto
394 1920 607 1980 indutuS,
640 1923 784 1985 prout
814 1919 863 1967 in
890 1918 1075 1983 capella
1101 1917 1170 1966 uti
1199 1917 1356 1965 solent
1391 1917 1655 1978 auditoreS,
1685 1918 1815 1967 venit
1847 1922 1958 1968 ante

164 2003 333 2064 altare,
374 2003 456 2053 uhi
508 2004 795 2069 genuflexus
845 2002 1196 2067 aliquantulum
1248 2001 1415 2050 oravit.
1471 2004 1592 2050 Tum
1644 2003 1868 2064 surrexit,
1913 2007 1961 2051 et

164 2087 370 2137 accessit
414 2088 475 2136 ad
513 2088 772 2153 pulpitum,
807 2087 908 2148 ubi,
940 2090 1198 2152 postquam
1241 2085 1496 2135 cardinalis
1532 2085 1685 2134 sancti
1717 2086 1867 2134 Marci
1901 2086 1961 2134 ad

162 2171 328 2222 locum
348 2188 491 2221 suum
509 2172 721 2222 venisset
750 2188 807 2220 ac
835 2171 1186 2235 aliquantulum
1214 2170 1492 2234 quievisset,
1525 2169 1706 2233 incepit
1729 2173 1776 2218 et
1796 2186 1961 2233 prose-

168 2259 311 2305 cutus
331 2259 406 2305 est
426 2256 696 2305 orationem
718 2271 855 2305 suam
878 2255 956 2321 (1).

229 2341 284 2388 In
314 2339 406 2388 hac
439 2339 605 2399 missa,
642 2342 689 2387 et
727 2338 832 2387 aliis
871 2341 982 2386 octo
1016 2336 1367 2401 exequialibuS,
1402 2341 1454 2386 ut
1487 2352 1649 2401 supra,
1681 2335 1957 2395 celebratiS,

161 2423 334 2491 prelati
366 2423 500 2493 curie
533 2423 857 2472 interfuerunt
878 2422 981 2471 sine
1004 2421 1188 2487 cappiS,
1215 2422 1300 2470 sed
1321 2421 1370 2469 in
1392 2437 1563 2470 eorum
1584 2421 1824 2470 mantellis
1847 2437 1959 2470 cum

163 2507 263 2557 suis
284 2507 530 2573 cappuciis
553 2507 684 2556 circa
704 2507 883 2556 collum
904 2505 1258 2567 transversatiS,
1285 2522 1420 2554 more
1444 2506 1604 2554 solito.

229 2594 464 2642 Sermone
503 2591 658 2652 finite,
702 2607 792 2655 ego
826 2590 993 2655 accepi
1027 2574 1226 2639 crucem
1258 2591 1481 2655 papalem
1515 2605 1627 2638 cum
1662 2605 1748 2638 suo
1783 2589 1956 2637 haculo

162 2677 393 2739 argenteo
420 2671 563 2740 juxta
596 2675 744 2724 altare
783 2674 1057 2739 predictum
1094 2678 1418 2739 preparatam,
1454 2678 1503 2722 et
1535 2674 1752 2739 processi
1785 2689 1953 2722 versus

158 2760 349 2821 portam
387 2757 594 2808 ecclesie
632 2756 919 2822 predictam,
963 2760 1010 2805 et
1043 2757 1271 2806 conclave
1316 2776 1325 2806 ε
1369 2758 1698 2822 precedebant
1737 2758 1951 2807 scutiferi

213 2908 246 2943 1.
275 2919 295 2940 «
316 2905 444 2943 Sermo
470 2905 619 2943 habitus
645 2906 763 2943 Rome
788 2905 826 2943 in
849 2905 1000 2943 basilica
1026 2907 1200 2956 principis
1226 2907 1484 2956 Apostolorum
1511 2919 1578 2957 per,
1601 2908 1857 2945 Reverendum
1884 2908 1953 2944 Pa-

161 2969 253 3004 trem
279 2966 326 3003 D.
350 2964 588 3003 Guillermum
618 2966 662 3002 de
688 2965 842 3003 Pereriis
870 2966 953 3013 (sic)
979 2966 1195 3005 Auditorem
1220 2967 1470 3017 Apostolicum
1502 2979 1614 3017 super
1638 2967 1814 3005 electione
1839 2967 1950 3004 futuri

162 3024 354 3063 Pontificis
380 3036 477 3062 anno
499 3025 591 3062 1484
617 3024 674 3061 die
695 3024 792 3073 jovis
811 3037 899 3063 xxvi
926 3025 1090 3074 augusti.
1113 3041 1132 3061 »
1160 3027 1268 3064 Piece
1294 3027 1384 3064 iri-4⁰
1403 3027 1449 3064 de
1476 3029 1497 3065 4
1520 3039 1557 3076 p.
1580 3027 1701 3076 goth„
1725 3039 1757 3063 s.
1781 3027 1806 3063 l.
1830 3039 1869 3062 η.
1892 3027 1948 3071 d„

162 3084 369 3134 reproduite
393 3096 460 3134 par
483 3085 649 3122 Martene
675 3084 819 3134 d’apres
846 3097 895 3123 un
918 3096 1008 3123 mss.
1034 3086 1127 3123 dans
1149 3097 1216 3124 son
1241 3087 1464 3124 Thesaurus
1488 3087 1620 3124 Novus
1646 3087 1948 3131 Anecdotorum‚

165 3144 270 3190 1717,
294 3147 322 3181 t.
343 3144 389 3190 ΙΙ,
409 3144 478 3182 col.
503 3145 611 3182 1760.

210 3202 260 3239 Le
284 3203 434 3241 Journal
456 3205 502 3241 de
526 3204 716 3242 Burchard
744 3204 864 3243 relatis
883 3217 930 3244 au
950 3207 1141 3255 pontificat
1166 3207 1383 3246 d'Innocent
1407 3209 1491 3246 VIII
1512 3212 1569 3245 est
1590 3208 1763 3244 consacre
1795 3217 1952 3255 presque

162 3261 451 3302 exclusivement
469 3275 518 3302 au
538 3264 779 3311 ceremonia13
802 3265 891 3303 c'est
910 3267 1089 3316 pout-quoi
1105 3267 1142 3316 Je
1163 3267 1323 3314 renvoie,
1339 3280 1431 3317 pour
1448 3267 1672 3314 l’historique
1692 3266 1758 3303 des
1777 3266 1863 3303 faits
1879 3278 1950 3315 que

162 3321 354 3359 Burchard
373 3333 395 3359 a.
414 3323 562 3372 neglige
582 3323 625 3361 de
647 3327 765 3371 noter,
787 3336 833 3362 au
852 3325 1004 3363 Journal
1023 3326 1268 3371 d'Inl'essura3
1285 3338 1331 3363 au
1355 3331 1382 3364 t.
1406 3327 1471 3364 VIl
1490 3326 1535 3363 de
1555 3326 1589 3362 la
1607 3325 1739 3363 storia
1757 3326 1799 3363 dc·
1821 3326 1947 3363 Roma

160 3382 226 3419 ‘nel
246 3382 346 3421 med.
363 3393 442 3428 evo,
464 3382 509 3419 de
524 3382 770 3432 Gregorovius
791 3384 913 3433 (chap.
937 3385 998 3432 IV,
1015 3397 1052 3434 p.
1068 3386 1153 3434 317)
1175 3389 1212 3423 et
1230 3396 1303 3422 aux
1323 3385 1563 3423 nombreuses
1587 3384 1770 3433 depeches
1790 3383 1947 3422 inedites

161 3441 325 3491 publices
338 3445 360 3480 a
379 3443 613 3492 l'Appendice
632 3445 706 3494 (nn
728 3446 752 3482 9
772 3448 794 3483 ὁ.
813 3446 890 3494 30).
