<?xml version="1.0" encoding="UTF-8"?>
<!DOCTYPE html PUBLIC "-//W3C//DTD XHTML 1.0 Transitional//EN"
    "http://www.w3.org/TR/xhtml1/DTD/xhtml1-transitional.dtd">
<html xmlns="http://www.w3.org/1999/xhtml" xml:lang="en" lang="en">
 <head>
  <title>
</title>
<meta http-equiv="Content-Type" content="text/html;charset=utf-8" />
  <meta name='ocr-system' content='tesseract 3.04.00' />
  <meta name='ocr-capabilities' content='ocr_page ocr_carea ocr_par ocr_line ocrx_word'/>
</head>
<body>
  <div class='ocr_page' id='page_1' title='image "./diariumsivererum01burcuoft_0474.png"; bbox 0 0 2262 3958; ppageno 0'>
   <div class='ocr_carea' id='block_1_1' title="bbox 405 363 2173 416">
    <p class='ocr_par' dir='ltr' id='par_1_1' title="bbox 405 363 2173 416">
     <span class='ocr_line' id='line_1_1' title="bbox 405 363 2173 416; baseline 0.009 -25"><span class='ocrx_word' id='word_1_1' title='bbox 405 363 474 398; x_wconf 63' lang='lat' dir='ltr'>4ss4</span> <span class='ocrx_word' id='word_1_2' title='bbox 1008 363 1192 400; x_wconf 87' lang='lat' dir='ltr'>JOHANN</span> <span class='ocrx_word' id='word_1_3' title='bbox 1200 364 1240 399; x_wconf 84' lang='lat' dir='ltr'>IS</span> <span class='ocrx_word' id='word_1_4' title='bbox 1275 364 1567 411; x_wconf 84' lang='lat' dir='ltr'>BURCHARDI,</span> <span class='ocrx_word' id='word_1_5' title='bbox 1952 370 2060 415; x_wconf 73' lang='lat' dir='ltr'>[Avril</span> <span class='ocrx_word' id='word_1_6' title='bbox 2080 369 2173 416; x_wconf 73' lang='lat'>1492]</span> 
     </span>
    </p>
   </div>
   <div class='ocr_carea' id='block_1_2' title="bbox 399 461 2172 2586">
    <p class='ocr_par' dir='ltr' id='par_1_2' title="bbox 399 461 2172 2586">
     <span class='ocr_line' id='line_1_2' title="bbox 404 461 2168 534; baseline 0.005 -25"><span class='ocrx_word' id='word_1_7' title='bbox 404 462 463 509; x_wconf 83' lang='lat' dir='ltr'>ad</span> <span class='ocrx_word' id='word_1_8' title='bbox 485 461 713 525; x_wconf 87' lang='lat' dir='ltr'>palatium</span> <span class='ocrx_word' id='word_1_9' title='bbox 746 462 1055 511; x_wconf 80' lang='lat' dir='ltr'>habitationis</span> <span class='ocrx_word' id='word_1_10' title='bbox 1084 479 1187 523; x_wconf 87' lang='lat' dir='ltr'>sue,</span> <span class='ocrx_word' id='word_1_11' title='bbox 1221 464 1429 527; x_wconf 88' lang='lat' dir='ltr'>publice,</span> <span class='ocrx_word' id='word_1_12' title='bbox 1470 466 1638 514; x_wconf 90' lang='lat' dir='ltr'>ordine</span> <span class='ocrx_word' id='word_1_13' title='bbox 1669 467 1806 516; x_wconf 90' lang='lat' dir='ltr'>solito</span> <span class='ocrx_word' id='word_1_14' title='bbox 1837 468 2063 517; x_wconf 86' lang='lat' dir='ltr'>associari</span> <span class='ocrx_word' id='word_1_15' title='bbox 2089 468 2168 534; x_wconf 87' lang='lat'>(1).</span> 
     </span>
     <span class='ocr_line' id='line_1_3' title="bbox 408 544 2171 610; baseline 0.005 -19"><span class='ocrx_word' id='word_1_16' title='bbox 408 547 510 600; x_wconf 87' lang='lat' dir='ltr'>Quo</span> <span class='ocrx_word' id='word_1_17' title='bbox 532 545 675 602; x_wconf 86' lang='lat' dir='ltr'>facto,</span> <span class='ocrx_word' id='word_1_18' title='bbox 702 544 937 593; x_wconf 79' lang='lat' dir='ltr'>Sanctitas</span> <span class='ocrx_word' id='word_1_19' title='bbox 961 562 1046 593; x_wconf 89' lang='lat' dir='ltr'>sua</span> <span class='ocrx_word' id='word_1_20' title='bbox 1062 547 1192 594; x_wconf 90' lang='lat' dir='ltr'>venit</span> <span class='ocrx_word' id='word_1_21' title='bbox 1212 546 1272 594; x_wconf 86' lang='lat' dir='ltr'>ad</span> <span class='ocrx_word' id='word_1_22' title='bbox 1288 547 1520 610; x_wconf 86' lang='lat' dir='ltr'>capellam</span> <span class='ocrx_word' id='word_1_23' title='bbox 1537 547 1802 610; x_wconf 82' lang='lat' dir='ltr'>predictam</span> <span class='ocrx_word' id='word_1_24' title='bbox 1822 550 1903 597; x_wconf 90' lang='lat' dir='ltr'>ubi</span> <span class='ocrx_word' id='word_1_25' title='bbox 1925 549 2171 599; x_wconf 84' lang='lat' dir='ltr'>benedixit</span> 
     </span>
     <span class='ocr_line' id='line_1_4' title="bbox 405 626 2168 689; baseline 0.004 -16"><span class='ocrx_word' id='word_1_26' title='bbox 405 627 587 689; x_wconf 86' lang='lat' dir='ltr'>palmas</span> <span class='ocrx_word' id='word_1_27' title='bbox 615 631 662 674; x_wconf 90' lang='lat' dir='ltr'>et</span> <span class='ocrx_word' id='word_1_28' title='bbox 689 626 929 675; x_wconf 85' lang='lat' dir='ltr'>distribuit</span> <span class='ocrx_word' id='word_1_29' title='bbox 955 643 1089 677; x_wconf 91' lang='lat' dir='ltr'>more</span> <span class='ocrx_word' id='word_1_30' title='bbox 1118 628 1276 676; x_wconf 90' lang='lat' dir='ltr'>solito.</span> <span class='ocrx_word' id='word_1_31' title='bbox 1306 628 1568 677; x_wconf 87' lang='lat' dir='ltr'>Cardinalis</span> <span class='ocrx_word' id='word_1_32' title='bbox 1596 629 1874 689; x_wconf 87' lang='lat' dir='ltr'>Aleriensis,</span> <span class='ocrx_word' id='word_1_33' title='bbox 1907 647 2018 680; x_wconf 90' lang='lat' dir='ltr'>cum</span> <span class='ocrx_word' id='word_1_34' title='bbox 2050 631 2168 680; x_wconf 83' lang='lat' dir='ltr'>ordo</span> 
     </span>
     <span class='ocr_line' id='line_1_5' title="bbox 406 706 2167 775; baseline 0.005 -20"><span class='ocrx_word' id='word_1_35' title='bbox 406 708 561 772; x_wconf 90' lang='lat' dir='ltr'>ipsum</span> <span class='ocrx_word' id='word_1_36' title='bbox 584 713 820 772; x_wconf 87' lang='lat' dir='ltr'>tangeret,</span> <span class='ocrx_word' id='word_1_37' title='bbox 845 726 903 757; x_wconf 85' lang='lat' dir='ltr'>ex</span> <span class='ocrx_word' id='word_1_38' title='bbox 923 710 1186 759; x_wconf 86' lang='lat' dir='ltr'>faldistorio</span> <span class='ocrx_word' id='word_1_39' title='bbox 1210 712 1338 759; x_wconf 89' lang='lat' dir='ltr'>venit</span> <span class='ocrx_word' id='word_1_40' title='bbox 1353 727 1439 774; x_wconf 92' lang='lat' dir='ltr'>pro</span> <span class='ocrx_word' id='word_1_41' title='bbox 1466 712 1648 775; x_wconf 86' lang='lat' dir='ltr'>palma;</span> <span class='ocrx_word' id='word_1_42' title='bbox 1673 712 1846 761; x_wconf 91' lang='lat' dir='ltr'>deinde</span> <span class='ocrx_word' id='word_1_43' title='bbox 1879 706 1989 762; x_wconf 82' lang='lat' dir='ltr'>illuc</span> <span class='ocrx_word' id='word_1_44' title='bbox 2011 714 2167 763; x_wconf 89' lang='lat' dir='ltr'>rediit.</span> 
     </span>
     <span class='ocr_line' id='line_1_6' title="bbox 407 779 2171 858; baseline 0.004 -20"><span class='ocrx_word' id='word_1_45' title='bbox 407 791 594 839; x_wconf 87' lang='lat' dir='ltr'>Palmas</span> <span class='ocrx_word' id='word_1_46' title='bbox 633 791 751 840; x_wconf 89' lang='lat' dir='ltr'>duas</span> <span class='ocrx_word' id='word_1_47' title='bbox 794 809 994 856; x_wconf 83' lang='lat' dir='ltr'>magnas</span> <span class='ocrx_word' id='word_1_48' title='bbox 1031 809 1138 841; x_wconf 88' lang='lat' dir='ltr'>suas</span> <span class='ocrx_word' id='word_1_49' title='bbox 1182 797 1310 858; x_wconf 90' lang='lat' dir='ltr'>Papa</span> <span class='ocrx_word' id='word_1_50' title='bbox 1349 779 1480 842; x_wconf 87' lang='lat' dir='ltr'>dedit</span> <span class='ocrx_word' id='word_1_51' title='bbox 1519 794 1628 842; x_wconf 90' lang='lat' dir='ltr'>duci</span> <span class='ocrx_word' id='word_1_52' title='bbox 1670 796 1788 842; x_wconf 89' lang='lat' dir='ltr'>Sore</span> <span class='ocrx_word' id='word_1_53' title='bbox 1821 799 1870 843; x_wconf 90' lang='lat' dir='ltr'>et</span> <span class='ocrx_word' id='word_1_54' title='bbox 1905 797 2171 845; x_wconf 85' lang='lat' dir='ltr'>marchioni</span> 
     </span>
     <span class='ocr_line' id='line_1_7' title="bbox 406 874 2171 940; baseline 0.004 -20"><span class='ocrx_word' id='word_1_55' title='bbox 406 874 580 921; x_wconf 88' lang='lat' dir='ltr'>Finarii</span> <span class='ocrx_word' id='word_1_56' title='bbox 602 875 851 923; x_wconf 86' lang='lat' dir='ltr'>tenendas.</span> <span class='ocrx_word' id='word_1_57' title='bbox 883 877 989 923; x_wconf 87' lang='lat' dir='ltr'>Dux</span> <span class='ocrx_word' id='word_1_58' title='bbox 1013 876 1228 924; x_wconf 87' lang='lat' dir='ltr'>Ferrarie</span> <span class='ocrx_word' id='word_1_59' title='bbox 1259 877 1473 924; x_wconf 87' lang='lat' dir='ltr'>interfuit</span> <span class='ocrx_word' id='word_1_60' title='bbox 1507 882 1555 924; x_wconf 88' lang='lat' dir='ltr'>et</span> <span class='ocrx_word' id='word_1_61' title='bbox 1585 877 1771 940; x_wconf 89' lang='lat' dir='ltr'>accepit</span> <span class='ocrx_word' id='word_1_62' title='bbox 1798 877 2007 940; x_wconf 90' lang='lat' dir='ltr'>palmam</span> <span class='ocrx_word' id='word_1_63' title='bbox 2038 894 2171 927; x_wconf 83' lang='lat' dir='ltr'>suam</span> 
     </span>
     <span class='ocr_line' id='line_1_8' title="bbox 405 959 2172 1023; baseline 0.003 -18"><span class='ocrx_word' id='word_1_64' title='bbox 405 961 512 1020; x_wconf 89' lang='lat' dir='ltr'>post</span> <span class='ocrx_word' id='word_1_65' title='bbox 532 973 699 1006; x_wconf 88' lang='lat' dir='ltr'>omnes</span> <span class='ocrx_word' id='word_1_66' title='bbox 720 959 986 1007; x_wconf 86' lang='lat' dir='ltr'>cardinales</span> <span class='ocrx_word' id='word_1_67' title='bbox 1006 963 1052 1006; x_wconf 89' lang='lat' dir='ltr'>et</span> <span class='ocrx_word' id='word_1_68' title='bbox 1070 964 1178 1022; x_wconf 89' lang='lat' dir='ltr'>post</span> <span class='ocrx_word' id='word_1_69' title='bbox 1200 975 1311 1006; x_wconf 89' lang='lat' dir='ltr'>eum</span> <span class='ocrx_word' id='word_1_70' title='bbox 1334 960 1611 1023; x_wconf 84' lang='lat' dir='ltr'>capitaneus</span> <span class='ocrx_word' id='word_1_71' title='bbox 1628 959 1856 1017; x_wconf 77' lang='lat' dir='ltr'>Ecclesia,</span> <span class='ocrx_word' id='word_1_72' title='bbox 1879 959 1973 1007; x_wconf 87' lang='lat' dir='ltr'>dux</span> <span class='ocrx_word' id='word_1_73' title='bbox 1987 961 2105 1008; x_wconf 86' lang='lat' dir='ltr'>Sore</span> <span class='ocrx_word' id='word_1_74' title='bbox 2125 966 2172 1010; x_wconf 87' lang='lat' dir='ltr'>et</span> 
     </span>
     <span class='ocr_line' id='line_1_9' title="bbox 406 1039 2172 1104; baseline 0.004 -20"><span class='ocrx_word' id='word_1_75' title='bbox 406 1039 622 1088; x_wconf 84' lang='lat' dir='ltr'>marchio</span> <span class='ocrx_word' id='word_1_76' title='bbox 645 1041 838 1099; x_wconf 90' lang='lat' dir='ltr'>Finarii,</span> <span class='ocrx_word' id='word_1_77' title='bbox 860 1040 1033 1089; x_wconf 90' lang='lat' dir='ltr'>deinde</span> <span class='ocrx_word' id='word_1_78' title='bbox 1055 1041 1225 1104; x_wconf 83' lang='lat' dir='ltr'>prelati</span> <span class='ocrx_word' id='word_1_79' title='bbox 1252 1043 1530 1090; x_wconf 79' lang='lat' dir='ltr'>assistentes</span> <span class='ocrx_word' id='word_1_80' title='bbox 1561 1046 1662 1099; x_wconf 80' lang='lat' dir='ltr'>tum</span> <span class='ocrx_word' id='word_1_81' title='bbox 1692 1042 1788 1089; x_wconf 91' lang='lat' dir='ltr'>alii.</span> <span class='ocrx_word' id='word_1_82' title='bbox 1825 1044 1929 1089; x_wconf 85' lang='lat' dir='ltr'>Dux</span> <span class='ocrx_word' id='word_1_83' title='bbox 1954 1043 2172 1091; x_wconf 87' lang='lat' dir='ltr'>Ferrarie</span> 
     </span>
     <span class='ocr_line' id='line_1_10' title="bbox 404 1121 2172 1188; baseline 0.002 -19"><span class='ocrx_word' id='word_1_84' title='bbox 404 1121 571 1170; x_wconf 87' lang='lat' dir='ltr'>habuit</span> <span class='ocrx_word' id='word_1_85' title='bbox 604 1123 765 1170; x_wconf 89' lang='lat' dir='ltr'>locum</span> <span class='ocrx_word' id='word_1_86' title='bbox 813 1138 958 1185; x_wconf 91' lang='lat' dir='ltr'>quem</span> <span class='ocrx_word' id='word_1_87' title='bbox 1009 1123 1067 1171; x_wconf 89' lang='lat' dir='ltr'>de</span> <span class='ocrx_word' id='word_1_88' title='bbox 1108 1124 1334 1172; x_wconf 88' lang='lat' dir='ltr'>mandato</span> <span class='ocrx_word' id='word_1_89' title='bbox 1380 1126 1460 1171; x_wconf 88' lang='lat' dir='ltr'>SS.</span> <span class='ocrx_word' id='word_1_90' title='bbox 1500 1126 1554 1170; x_wconf 92' lang='lat' dir='ltr'>D.</span> <span class='ocrx_word' id='word_1_91' title='bbox 1600 1124 1751 1171; x_wconf 86' lang='lat' dir='ltr'>nostri</span> <span class='ocrx_word' id='word_1_92' title='bbox 1791 1124 2027 1187; x_wconf 84' lang='lat' dir='ltr'>assignavi</span> <span class='ocrx_word' id='word_1_93' title='bbox 2064 1129 2172 1188; x_wconf 91' lang='lat' dir='ltr'>post</span> 
     </span>
     <span class='ocr_line' id='line_1_11' title="bbox 403 1204 2172 1269; baseline 0.001 -17"><span class='ocrx_word' id='word_1_94' title='bbox 403 1205 624 1252; x_wconf 87' lang='lat' dir='ltr'>ultimum</span> <span class='ocrx_word' id='word_1_95' title='bbox 667 1205 922 1253; x_wconf 85' lang='lat' dir='ltr'>diaconum</span> <span class='ocrx_word' id='word_1_96' title='bbox 954 1205 1265 1262; x_wconf 88' lang='lat' dir='ltr'>cardinalem,</span> <span class='ocrx_word' id='word_1_97' title='bbox 1298 1204 1520 1252; x_wconf 89' lang='lat' dir='ltr'>videlicet</span> <span class='ocrx_word' id='word_1_98' title='bbox 1561 1204 1853 1252; x_wconf 82' lang='lat' dir='ltr'>de&#39;Medicis</span> <span class='ocrx_word' id='word_1_99' title='bbox 1890 1205 1968 1268; x_wconf 92' lang='lat' dir='ltr'>qui</span> <span class='ocrx_word' id='word_1_100' title='bbox 1994 1205 2044 1252; x_wconf 91' lang='lat' dir='ltr'>in</span> <span class='ocrx_word' id='word_1_101' title='bbox 2063 1221 2172 1269; x_wconf 90' lang='lat' dir='ltr'>pro-</span> 
     </span>
     <span class='ocr_line' id='line_1_12' title="bbox 406 1286 2170 1351; baseline 0.002 -18"><span class='ocrx_word' id='word_1_102' title='bbox 406 1286 644 1344; x_wconf 86' lang='lat' dir='ltr'>cessione,</span> <span class='ocrx_word' id='word_1_103' title='bbox 667 1291 714 1335; x_wconf 90' lang='lat' dir='ltr'>et</span> <span class='ocrx_word' id='word_1_104' title='bbox 737 1290 864 1350; x_wconf 87' lang='lat' dir='ltr'>Papa</span> <span class='ocrx_word' id='word_1_105' title='bbox 883 1288 943 1336; x_wconf 86' lang='lat' dir='ltr'>ad</span> <span class='ocrx_word' id='word_1_106' title='bbox 962 1287 1195 1351; x_wconf 89' lang='lat' dir='ltr'>capellam</span> <span class='ocrx_word' id='word_1_107' title='bbox 1215 1287 1453 1345; x_wconf 87' lang='lat' dir='ltr'>veniente,</span> <span class='ocrx_word' id='word_1_108' title='bbox 1479 1287 1677 1334; x_wconf 86' lang='lat' dir='ltr'>incessit</span> <span class='ocrx_word' id='word_1_109' title='bbox 1694 1291 1801 1350; x_wconf 88' lang='lat' dir='ltr'>post</span> <span class='ocrx_word' id='word_1_110' title='bbox 1826 1303 2018 1336; x_wconf 89' lang='lat' dir='ltr'>crucem</span> <span class='ocrx_word' id='word_1_111' title='bbox 2040 1288 2170 1337; x_wconf 93' lang='lat' dir='ltr'>solus</span> 
     </span>
     <span class='ocr_line' id='line_1_13' title="bbox 403 1369 2164 1432; baseline 0.002 -16"><span class='ocrx_word' id='word_1_112' title='bbox 403 1373 514 1418; x_wconf 87' lang='lat' dir='ltr'>ante</span> <span class='ocrx_word' id='word_1_113' title='bbox 537 1384 705 1418; x_wconf 90' lang='lat' dir='ltr'>omnes</span> <span class='ocrx_word' id='word_1_114' title='bbox 728 1370 1012 1419; x_wconf 71' lang='lat' dir='ltr'>cardinales</span> <span class='ocrx_word' id='word_1_115' title='bbox 1039 1370 1157 1418; x_wconf 90' lang='lat' dir='ltr'>Dedi</span> <span class='ocrx_word' id='word_1_116' title='bbox 1181 1370 1325 1418; x_wconf 90' lang='lat' dir='ltr'>etiam</span> <span class='ocrx_word' id='word_1_117' title='bbox 1345 1385 1402 1418; x_wconf 89' lang='lat' dir='ltr'>ex</span> <span class='ocrx_word' id='word_1_118' title='bbox 1422 1369 1618 1432; x_wconf 88' lang='lat' dir='ltr'>speciali</span> <span class='ocrx_word' id='word_1_119' title='bbox 1640 1369 1980 1418; x_wconf 85' lang='lat' dir='ltr'>commissione</span> <span class='ocrx_word' id='word_1_120' title='bbox 2003 1372 2087 1420; x_wconf 92' lang='lat' dir='ltr'>SS.</span> <span class='ocrx_word' id='word_1_121' title='bbox 2109 1373 2164 1419; x_wconf 92' lang='lat' dir='ltr'>D.</span> 
     </span>
     <span class='ocr_line' id='line_1_14' title="bbox 403 1451 2165 1516; baseline 0.002 -18"><span class='ocrx_word' id='word_1_122' title='bbox 403 1452 553 1499; x_wconf 83' lang='lat' dir='ltr'>nostri</span> <span class='ocrx_word' id='word_1_123' title='bbox 585 1452 744 1500; x_wconf 89' lang='lat' dir='ltr'>locum</span> <span class='ocrx_word' id='word_1_124' title='bbox 783 1457 987 1516; x_wconf 89' lang='lat' dir='ltr'>quatuor</span> <span class='ocrx_word' id='word_1_125' title='bbox 1022 1453 1277 1501; x_wconf 87' lang='lat' dir='ltr'>comitibus</span> <span class='ocrx_word' id='word_1_126' title='bbox 1318 1456 1364 1500; x_wconf 92' lang='lat' dir='ltr'>et</span> <span class='ocrx_word' id='word_1_127' title='bbox 1394 1451 1656 1500; x_wconf 91' lang='lat' dir='ltr'>baronibus</span> <span class='ocrx_word' id='word_1_128' title='bbox 1699 1466 1757 1498; x_wconf 85' lang='lat' dir='ltr'>ex</span> <span class='ocrx_word' id='word_1_129' title='bbox 1792 1451 1973 1499; x_wconf 84' lang='lat' dir='ltr'>familia</span> <span class='ocrx_word' id='word_1_130' title='bbox 2012 1452 2165 1512; x_wconf 89' lang='lat' dir='ltr'>ducis,</span> 
     </span>
     <span class='ocr_line' id='line_1_15' title="bbox 402 1533 2168 1599; baseline 0.002 -19"><span class='ocrx_word' id='word_1_131' title='bbox 402 1533 623 1583; x_wconf 85' lang='lat' dir='ltr'>videlicet</span> <span class='ocrx_word' id='word_1_132' title='bbox 645 1535 694 1582; x_wconf 91' lang='lat' dir='ltr'>in</span> <span class='ocrx_word' id='word_1_133' title='bbox 713 1536 869 1599; x_wconf 87' lang='lat' dir='ltr'>primo</span> <span class='ocrx_word' id='word_1_134' title='bbox 891 1536 1040 1599; x_wconf 83' lang='lat' dir='ltr'>gradu</span> <span class='ocrx_word' id='word_1_135' title='bbox 1065 1536 1171 1584; x_wconf 91' lang='lat' dir='ltr'>solii</span> <span class='ocrx_word' id='word_1_136' title='bbox 1190 1535 1465 1584; x_wconf 90' lang='lat' dir='ltr'>Sanctitatis</span> <span class='ocrx_word' id='word_1_137' title='bbox 1481 1550 1565 1582; x_wconf 92' lang='lat' dir='ltr'>sue</span> <span class='ocrx_word' id='word_1_138' title='bbox 1587 1534 1668 1581; x_wconf 90' lang='lat' dir='ltr'>ubi</span> <span class='ocrx_word' id='word_1_139' title='bbox 1685 1538 1917 1583; x_wconf 88' lang='lat' dir='ltr'>steterunt</span> <span class='ocrx_word' id='word_1_140' title='bbox 1932 1550 2044 1584; x_wconf 90' lang='lat' dir='ltr'>cum</span> <span class='ocrx_word' id='word_1_141' title='bbox 2064 1536 2168 1584; x_wconf 82' lang='lat' dir='ltr'>aliis</span> 
     </span>
     <span class='ocr_line' id='line_1_16' title="bbox 405 1618 2170 1683; baseline 0.001 -19"><span class='ocrx_word' id='word_1_142' title='bbox 405 1618 663 1666; x_wconf 89' lang='lat' dir='ltr'>comitibus</span> <span class='ocrx_word' id='word_1_143' title='bbox 697 1621 744 1666; x_wconf 84' lang='lat' dir='ltr'>et</span> <span class='ocrx_word' id='word_1_144' title='bbox 774 1618 1052 1666; x_wconf 87' lang='lat' dir='ltr'>baronibus.</span> <span class='ocrx_word' id='word_1_145' title='bbox 1102 1621 1214 1666; x_wconf 86' lang='lat' dir='ltr'>Post</span> <span class='ocrx_word' id='word_1_146' title='bbox 1245 1618 1630 1666; x_wconf 88' lang='lat' dir='ltr'>distributionem</span> <span class='ocrx_word' id='word_1_147' title='bbox 1667 1618 1954 1681; x_wconf 89' lang='lat' dir='ltr'>palmarum,</span> <span class='ocrx_word' id='word_1_148' title='bbox 1986 1619 2170 1683; x_wconf 82' lang='lat' dir='ltr'>Magni-</span> 
     </span>
     <span class='ocr_line' id='line_1_17' title="bbox 406 1699 2165 1766; baseline 0.001 -19"><span class='ocrx_word' id='word_1_149' title='bbox 406 1699 524 1748; x_wconf 91' lang='lat' dir='ltr'>ficus</span> <span class='ocrx_word' id='word_1_150' title='bbox 547 1702 603 1747; x_wconf 92' lang='lat' dir='ltr'>D.</span> <span class='ocrx_word' id='word_1_151' title='bbox 627 1705 787 1749; x_wconf 85' lang='lat' dir='ltr'>orator</span> <span class='ocrx_word' id='word_1_152' title='bbox 806 1701 934 1765; x_wconf 83' lang='lat' dir='ltr'>regis</span> <span class='ocrx_word' id='word_1_153' title='bbox 952 1701 1150 1749; x_wconf 92' lang='lat' dir='ltr'>Polonie</span> <span class='ocrx_word' id='word_1_154' title='bbox 1171 1701 1301 1749; x_wconf 92' lang='lat' dir='ltr'>dedit</span> <span class='ocrx_word' id='word_1_155' title='bbox 1325 1716 1498 1764; x_wconf 89' lang='lat' dir='ltr'>aquam</span> <span class='ocrx_word' id='word_1_156' title='bbox 1519 1700 1740 1747; x_wconf 89' lang='lat' dir='ltr'>manibus</span> <span class='ocrx_word' id='word_1_157' title='bbox 1760 1702 1844 1749; x_wconf 90' lang='lat' dir='ltr'>SS.</span> <span class='ocrx_word' id='word_1_158' title='bbox 1869 1703 2004 1749; x_wconf 55' lang='lat' dir='ltr'>DnN.</span> <span class='ocrx_word' id='word_1_159' title='bbox 2026 1717 2165 1766; x_wconf 87' lang='lat' dir='ltr'>pape.</span> 
     </span>
     <span class='ocr_line' id='line_1_18' title="bbox 403 1782 2169 1847; baseline 0.001 -17"><span class='ocrx_word' id='word_1_160' title='bbox 403 1785 530 1846; x_wconf 87' lang='lat' dir='ltr'>Papa</span> <span class='ocrx_word' id='word_1_161' title='bbox 550 1784 678 1831; x_wconf 86' lang='lat' dir='ltr'>venit</span> <span class='ocrx_word' id='word_1_162' title='bbox 699 1783 1122 1847; x_wconf 89' lang='lat' dir='ltr'>processionaliter</span> <span class='ocrx_word' id='word_1_163' title='bbox 1141 1784 1199 1831; x_wconf 90' lang='lat' dir='ltr'>ad</span> <span class='ocrx_word' id='word_1_164' title='bbox 1217 1783 1378 1831; x_wconf 88' lang='lat' dir='ltr'>locum</span> <span class='ocrx_word' id='word_1_165' title='bbox 1401 1799 1558 1840; x_wconf 91' lang='lat' dir='ltr'>suum,</span> <span class='ocrx_word' id='word_1_166' title='bbox 1588 1782 1670 1830; x_wconf 91' lang='lat' dir='ltr'>ubi</span> <span class='ocrx_word' id='word_1_167' title='bbox 1696 1783 1922 1846; x_wconf 88' lang='lat' dir='ltr'>projectis</span> <span class='ocrx_word' id='word_1_168' title='bbox 1940 1783 2169 1832; x_wconf 84' lang='lat' dir='ltr'>olivarum</span> 
     </span>
     <span class='ocr_line' id='line_1_19' title="bbox 402 1864 2170 1930; baseline 0.002 -18"><span class='ocrx_word' id='word_1_169' title='bbox 402 1866 550 1913; x_wconf 88' lang='lat' dir='ltr'>ramis</span> <span class='ocrx_word' id='word_1_170' title='bbox 571 1866 766 1930; x_wconf 92' lang='lat' dir='ltr'>populo,</span> <span class='ocrx_word' id='word_1_171' title='bbox 792 1866 980 1913; x_wconf 83' lang='lat' dir='ltr'>intravit</span> <span class='ocrx_word' id='word_1_172' title='bbox 1015 1866 1195 1914; x_wconf 91' lang='lat' dir='ltr'>ibidem</span> <span class='ocrx_word' id='word_1_173' title='bbox 1224 1882 1467 1914; x_wconf 89' lang='lat' dir='ltr'>cameram</span> <span class='ocrx_word' id='word_1_174' title='bbox 1495 1864 1751 1913; x_wconf 88' lang='lat' dir='ltr'>cardinalis</span> <span class='ocrx_word' id='word_1_175' title='bbox 1780 1882 1819 1912; x_wconf 90' lang='lat' dir='ltr'>s.</span> <span class='ocrx_word' id='word_1_176' title='bbox 1851 1866 2102 1915; x_wconf 86' lang='lat' dir='ltr'>Anastasie</span> <span class='ocrx_word' id='word_1_177' title='bbox 2123 1871 2170 1915; x_wconf 84' lang='lat' dir='ltr'>et</span> 
     </span>
     <span class='ocr_line' id='line_1_20' title="bbox 402 1947 2170 2017; baseline 0.002 -23"><span class='ocrx_word' id='word_1_178' title='bbox 402 1948 648 2010; x_wconf 88' lang='lat' dir='ltr'>processio</span> <span class='ocrx_word' id='word_1_179' title='bbox 668 1948 770 1995; x_wconf 92' lang='lat' dir='ltr'>sine</span> <span class='ocrx_word' id='word_1_180' title='bbox 793 1950 921 2010; x_wconf 87' lang='lat' dir='ltr'>Papa</span> <span class='ocrx_word' id='word_1_181' title='bbox 939 1947 1078 1995; x_wconf 90' lang='lat' dir='ltr'>rediit</span> <span class='ocrx_word' id='word_1_182' title='bbox 1100 1947 1159 1995; x_wconf 87' lang='lat' dir='ltr'>ad</span> <span class='ocrx_word' id='word_1_183' title='bbox 1189 1948 1423 2011; x_wconf 89' lang='lat' dir='ltr'>capellam</span> <span class='ocrx_word' id='word_1_184' title='bbox 1452 1948 1735 2017; x_wconf 86' lang='lat' dir='ltr'>predictam.</span> <span class='ocrx_word' id='word_1_185' title='bbox 1762 1951 1963 1998; x_wconf 85' lang='lat' dir='ltr'>Crucem</span> <span class='ocrx_word' id='word_1_186' title='bbox 1984 1949 2170 2013; x_wconf 87' lang='lat' dir='ltr'>accepit</span> 
     </span>
     <span class='ocr_line' id='line_1_21' title="bbox 403 2030 2168 2096; baseline 0.002 -19"><span class='ocrx_word' id='word_1_187' title='bbox 403 2030 721 2078; x_wconf 88' lang='lat' dir='ltr'>subdiaconus</span> <span class='ocrx_word' id='word_1_188' title='bbox 761 2030 942 2093; x_wconf 90' lang='lat' dir='ltr'>capelle</span> <span class='ocrx_word' id='word_1_189' title='bbox 977 2035 1138 2079; x_wconf 90' lang='lat' dir='ltr'>nostre</span> <span class='ocrx_word' id='word_1_190' title='bbox 1172 2038 1314 2093; x_wconf 87' lang='lat' dir='ltr'>quam</span> <span class='ocrx_word' id='word_1_191' title='bbox 1346 2030 1549 2094; x_wconf 87' lang='lat' dir='ltr'>portavit</span> <span class='ocrx_word' id='word_1_192' title='bbox 1581 2031 1630 2078; x_wconf 90' lang='lat' dir='ltr'>in</span> <span class='ocrx_word' id='word_1_193' title='bbox 1664 2030 1789 2090; x_wconf 88' lang='lat' dir='ltr'>alba,</span> <span class='ocrx_word' id='word_1_194' title='bbox 1829 2032 1941 2096; x_wconf 88' lang='lat' dir='ltr'>quia</span> <span class='ocrx_word' id='word_1_195' title='bbox 1976 2031 2168 2095; x_wconf 81' lang='lat' dir='ltr'>planeta</span> 
     </span>
     <span class='ocr_line' id='line_1_22' title="bbox 401 2112 2166 2176; baseline 0.001 -16"><span class='ocrx_word' id='word_1_196' title='bbox 401 2113 531 2160; x_wconf 92' lang='lat' dir='ltr'>nulla</span> <span class='ocrx_word' id='word_1_197' title='bbox 548 2128 634 2175; x_wconf 91' lang='lat' dir='ltr'>pro</span> <span class='ocrx_word' id='word_1_198' title='bbox 664 2129 721 2160; x_wconf 92' lang='lat' dir='ltr'>eo</span> <span class='ocrx_word' id='word_1_199' title='bbox 745 2113 914 2161; x_wconf 89' lang='lat' dir='ltr'>haberi</span> <span class='ocrx_word' id='word_1_200' title='bbox 943 2116 1159 2176; x_wconf 85' lang='lat' dir='ltr'>poterat:</span> <span class='ocrx_word' id='word_1_201' title='bbox 1185 2113 1474 2161; x_wconf 87' lang='lat' dir='ltr'>candelabra</span> <span class='ocrx_word' id='word_1_202' title='bbox 1509 2116 1556 2160; x_wconf 92' lang='lat' dir='ltr'>et</span> <span class='ocrx_word' id='word_1_203' title='bbox 1588 2112 1884 2164; x_wconf 85' lang='lat' dir='ltr'>thuribulum</span> <span class='ocrx_word' id='word_1_204' title='bbox 1918 2117 2166 2176; x_wconf 85' lang='lat' dir='ltr'>portarunt</span> 
     </span>
     <span class='ocr_line' id='line_1_23' title="bbox 401 2193 2167 2257; baseline 0.002 -16"><span class='ocrx_word' id='word_1_205' title='bbox 401 2194 494 2241; x_wconf 90' lang='lat' dir='ltr'>duo</span> <span class='ocrx_word' id='word_1_206' title='bbox 546 2193 779 2257; x_wconf 87' lang='lat' dir='ltr'>capellani</span> <span class='ocrx_word' id='word_1_207' title='bbox 835 2194 1139 2242; x_wconf 67' lang='lat' dir='ltr'>celebrantis</span> <span class='ocrx_word' id='word_1_208' title='bbox 1192 2194 1456 2242; x_wconf 87' lang='lat' dir='ltr'>Cardinalis</span> <span class='ocrx_word' id='word_1_209' title='bbox 1507 2195 1771 2242; x_wconf 88' lang='lat' dir='ltr'>Aleriensis</span> <span class='ocrx_word' id='word_1_210' title='bbox 1839 2195 2167 2244; x_wconf 88' lang='lat' dir='ltr'>celebraturus</span> 
     </span>
     <span class='ocr_line' id='line_1_24' title="bbox 401 2276 2172 2342; baseline 0.001 -18"><span class='ocrx_word' id='word_1_211' title='bbox 401 2276 597 2324; x_wconf 91' lang='lat' dir='ltr'>incessit</span> <span class='ocrx_word' id='word_1_212' title='bbox 618 2276 666 2323; x_wconf 90' lang='lat' dir='ltr'>in</span> <span class='ocrx_word' id='word_1_213' title='bbox 688 2276 856 2324; x_wconf 84' lang='lat' dir='ltr'>ultimo</span> <span class='ocrx_word' id='word_1_214' title='bbox 876 2277 984 2324; x_wconf 90' lang='lat' dir='ltr'>loco</span> <span class='ocrx_word' id='word_1_215' title='bbox 1000 2280 1106 2339; x_wconf 89' lang='lat' dir='ltr'>post</span> <span class='ocrx_word' id='word_1_216' title='bbox 1127 2291 1295 2324; x_wconf 87' lang='lat' dir='ltr'>omnes</span> <span class='ocrx_word' id='word_1_217' title='bbox 1318 2276 1583 2325; x_wconf 88' lang='lat' dir='ltr'>cardinales</span> <span class='ocrx_word' id='word_1_218' title='bbox 1605 2276 1654 2323; x_wconf 90' lang='lat' dir='ltr'>in</span> <span class='ocrx_word' id='word_1_219' title='bbox 1668 2277 1878 2340; x_wconf 84' lang='lat' dir='ltr'>planeta,</span> <span class='ocrx_word' id='word_1_220' title='bbox 1903 2282 2065 2326; x_wconf 87' lang='lat' dir='ltr'>tamen</span> <span class='ocrx_word' id='word_1_221' title='bbox 2083 2294 2172 2342; x_wconf 90' lang='lat' dir='ltr'>per</span> 
     </span>
     <span class='ocr_line' id='line_1_25' title="bbox 400 2358 2172 2427; baseline 0.001 -21"><span class='ocrx_word' id='word_1_222' title='bbox 400 2359 797 2407; x_wconf 89' lang='lat' dir='ltr'>inadvertentiam</span> <span class='ocrx_word' id='word_1_223' title='bbox 830 2363 1071 2416; x_wconf 81' lang='lat' dir='ltr'>nostram3</span> <span class='ocrx_word' id='word_1_224' title='bbox 1107 2358 1312 2406; x_wconf 88' lang='lat' dir='ltr'>debebat</span> <span class='ocrx_word' id='word_1_225' title='bbox 1354 2359 1483 2406; x_wconf 90' lang='lat' dir='ltr'>enim</span> <span class='ocrx_word' id='word_1_226' title='bbox 1517 2359 1720 2422; x_wconf 90' lang='lat' dir='ltr'>pluviale</span> <span class='ocrx_word' id='word_1_227' title='bbox 1764 2359 2009 2427; x_wconf 84' lang='lat' dir='ltr'>detulisse,</span> <span class='ocrx_word' id='word_1_228' title='bbox 2043 2376 2172 2408; x_wconf 90' lang='lat' dir='ltr'>asso-</span> 
     </span>
     <span class='ocr_line' id='line_1_26' title="bbox 401 2440 2163 2506; baseline 0 -18"><span class='ocrx_word' id='word_1_229' title='bbox 401 2441 638 2488; x_wconf 88' lang='lat' dir='ltr'>ciantibus</span> <span class='ocrx_word' id='word_1_230' title='bbox 676 2442 835 2504; x_wconf 90' lang='lat' dir='ltr'>ipsum</span> <span class='ocrx_word' id='word_1_231' title='bbox 872 2440 1076 2488; x_wconf 89' lang='lat' dir='ltr'>diacono</span> <span class='ocrx_word' id='word_1_232' title='bbox 1112 2445 1159 2488; x_wconf 89' lang='lat' dir='ltr'>et</span> <span class='ocrx_word' id='word_1_233' title='bbox 1191 2441 1438 2502; x_wconf 88' lang='lat' dir='ltr'>capellano</span> <span class='ocrx_word' id='word_1_234' title='bbox 1472 2441 1743 2498; x_wconf 87' lang='lat' dir='ltr'>assistente,</span> <span class='ocrx_word' id='word_1_235' title='bbox 1769 2441 1874 2491; x_wconf 88' lang='lat' dir='ltr'>aliis</span> <span class='ocrx_word' id='word_1_236' title='bbox 1907 2442 2163 2506; x_wconf 86' lang='lat' dir='ltr'>capellanis</span> 
     </span>
     <span class='ocr_line' id='line_1_27' title="bbox 399 2523 907 2586; baseline -0.002 -17"><span class='ocrx_word' id='word_1_237' title='bbox 399 2523 557 2586; x_wconf 89' lang='lat' dir='ltr'>ipsum</span> <span class='ocrx_word' id='word_1_238' title='bbox 580 2523 907 2585; x_wconf 87' lang='lat' dir='ltr'>sequentibus.</span> 
     </span>
    </p>
   </div>
   <div class='ocr_carea' id='block_1_3' title="bbox 400 2642 2163 2753">
    <p class='ocr_par' dir='ltr' id='par_1_3' title="bbox 400 2642 2163 2753">
     <span class='ocr_line' id='line_1_28' title="bbox 446 2642 2163 2691; baseline -0.001 -8"><span class='ocrx_word' id='word_1_239' title='bbox 446 2647 480 2683; x_wconf 94' lang='lat'>1.</span> <span class='ocrx_word' id='word_1_240' title='bbox 509 2646 659 2683; x_wconf 85' lang='lat' dir='ltr'>Stefano</span> <span class='ocrx_word' id='word_1_241' title='bbox 680 2645 716 2682; x_wconf 89' lang='lat' dir='ltr'>di</span> <span class='ocrx_word' id='word_1_242' title='bbox 737 2645 950 2682; x_wconf 85' lang='lat' dir='ltr'>Castrocaro</span> <span class='ocrx_word' id='word_1_243' title='bbox 971 2643 1011 2680; x_wconf 77' lang='lat' dir='ltr'>fit</span> <span class='ocrx_word' id='word_1_244' title='bbox 1029 2646 1112 2691; x_wconf 80' lang='lat' dir='ltr'>part</span> <span class='ocrx_word' id='word_1_245' title='bbox 1141 2644 1184 2680; x_wconf 89' lang='lat' dir='ltr'>de</span> <span class='ocrx_word' id='word_1_246' title='bbox 1215 2647 1308 2680; x_wconf 87' lang='lat' dir='ltr'>cette</span> <span class='ocrx_word' id='word_1_247' title='bbox 1335 2644 1559 2681; x_wconf 88' lang='lat' dir='ltr'>nomination</span> <span class='ocrx_word' id='word_1_248' title='bbox 1584 2646 1606 2681; x_wconf 79' lang='lat' dir='ltr'>a</span> <span class='ocrx_word' id='word_1_249' title='bbox 1630 2644 1752 2681; x_wconf 82' lang='lat' dir='ltr'>Pierre</span> <span class='ocrx_word' id='word_1_250' title='bbox 1770 2644 1815 2681; x_wconf 88' lang='lat' dir='ltr'>de</span> <span class='ocrx_word' id='word_1_251' title='bbox 1834 2642 1984 2684; x_wconf 77' lang='lat' dir='ltr'>Medicis</span> <span class='ocrx_word' id='word_1_252' title='bbox 2009 2643 2102 2680; x_wconf 84' lang='lat' dir='ltr'>dans</span> <span class='ocrx_word' id='word_1_253' title='bbox 2128 2644 2163 2681; x_wconf 83' lang='lat' dir='ltr'>la</span> 
     </span>
     <span class='ocr_line' id='line_1_29' title="bbox 400 2705 770 2753; baseline 0 -11"><span class='ocrx_word' id='word_1_254' title='bbox 400 2705 557 2753; x_wconf 77' lang='lat' dir='ltr'>depeche</span> <span class='ocrx_word' id='word_1_255' title='bbox 579 2705 743 2742; x_wconf 88' lang='lat' dir='ltr'>suivante</span> <span class='ocrx_word' id='word_1_256' title='bbox 761 2716 770 2741; x_wconf 77' lang='lat' dir='ltr'>t</span> 
     </span>
    </p>
   </div>
   <div class='ocr_carea' id='block_1_4' title="bbox 507 2780 2039 2835">
    <p class='ocr_par' dir='ltr' id='par_1_4' title="bbox 507 2780 2039 2835">
     <span class='ocr_line' id='line_1_30' title="bbox 507 2780 2039 2835; baseline -0.001 -17"><span class='ocrx_word' id='word_1_257' title='bbox 507 2796 525 2815; x_wconf 89' lang='lat'>«</span> <span class='ocrx_word' id='word_1_258' title='bbox 546 2781 743 2829; x_wconf 87' lang='lat' dir='ltr'>Magnifico</span> <span class='ocrx_word' id='word_1_259' title='bbox 764 2781 838 2818; x_wconf 85' lang='lat' dir='ltr'>viro</span> <span class='ocrx_word' id='word_1_260' title='bbox 859 2782 964 2818; x_wconf 87' lang='lat' dir='ltr'>Petro</span> <span class='ocrx_word' id='word_1_261' title='bbox 985 2781 1029 2816; x_wconf 86' lang='lat' dir='ltr'>de</span> <span class='ocrx_word' id='word_1_262' title='bbox 1049 2781 1214 2835; x_wconf 78' lang='lat' dir='ltr'>Medicis,</span> <span class='ocrx_word' id='word_1_263' title='bbox 1237 2781 1362 2828; x_wconf 83' lang='lat' dir='ltr'>majori</span> <span class='ocrx_word' id='word_1_264' title='bbox 1382 2793 1462 2819; x_wconf 89' lang='lat' dir='ltr'>meo</span> <span class='ocrx_word' id='word_1_265' title='bbox 1482 2781 1824 2819; x_wconf 80' lang='lat' dir='ltr'>observandissime.</span> <span class='ocrx_word' id='word_1_266' title='bbox 1846 2780 2039 2822; x_wconf 81' lang='lat' dir='ltr'>Florentie.</span> 
     </span>
    </p>
   </div>
   <div class='ocr_carea' id='block_1_5' title="bbox 396 2845 2163 3307">
    <p class='ocr_par' dir='ltr' id='par_1_5' title="bbox 396 2845 2163 3307">
     <span class='ocr_line' id='line_1_31' title="bbox 446 2845 2163 2895; baseline -0.001 -12"><span class='ocrx_word' id='word_1_267' title='bbox 446 2862 463 2880; x_wconf 90' lang='lat'>«</span> <span class='ocrx_word' id='word_1_268' title='bbox 487 2846 685 2895; x_wconf 79' lang='lat' dir='ltr'>Magnifice</span> <span class='ocrx_word' id='word_1_269' title='bbox 711 2846 816 2883; x_wconf 84' lang='lat' dir='ltr'>Piero</span> <span class='ocrx_word' id='word_1_270' title='bbox 836 2846 907 2882; x_wconf 91' lang='lat' dir='ltr'>mio</span> <span class='ocrx_word' id='word_1_271' title='bbox 923 2846 1008 2884; x_wconf 89' lang='lat' dir='ltr'>hon.</span> <span class='ocrx_word' id='word_1_272' title='bbox 1033 2846 1169 2890; x_wconf 84' lang='lat' dir='ltr'>Questa</span> <span class='ocrx_word' id='word_1_273' title='bbox 1189 2846 1340 2883; x_wconf 84' lang='lat' dir='ltr'>mattina</span> <span class='ocrx_word' id='word_1_274' title='bbox 1354 2847 1508 2883; x_wconf 90' lang='lat' dir='ltr'>essendo</span> <span class='ocrx_word' id='word_1_275' title='bbox 1525 2846 1664 2883; x_wconf 86' lang='lat' dir='ltr'>invitati</span> <span class='ocrx_word' id='word_1_276' title='bbox 1678 2846 1700 2883; x_wconf 87' lang='lat' dir='ltr'>li</span> <span class='ocrx_word' id='word_1_277' title='bbox 1721 2845 1900 2883; x_wconf 84' lang='lat' dir='ltr'>Cardinali</span> <span class='ocrx_word' id='word_1_278' title='bbox 1914 2845 2111 2890; x_wconf 75' lang='lat' dir='ltr'>all&#39;officio‚</span> <span class='ocrx_word' id='word_1_279' title='bbox 2127 2849 2163 2882; x_wconf 80' lang='lat' dir='ltr'>et</span> 
     </span>
     <span class='ocr_line' id='line_1_32' title="bbox 399 2904 2161 2954; baseline -0.001 -12"><span class='ocrx_word' id='word_1_280' title='bbox 399 2906 521 2942; x_wconf 87' lang='lat' dir='ltr'>Messa</span> <span class='ocrx_word' id='word_1_281' title='bbox 540 2906 574 2941; x_wconf 90' lang='lat' dir='ltr'>in</span> <span class='ocrx_word' id='word_1_282' title='bbox 591 2905 726 2954; x_wconf 79' lang='lat' dir='ltr'>capena</span> <span class='ocrx_word' id='word_1_283' title='bbox 745 2917 809 2953; x_wconf 86' lang='lat' dir='ltr'>per</span> <span class='ocrx_word' id='word_1_284' title='bbox 828 2905 862 2941; x_wconf 83' lang='lat' dir='ltr'>la</span> <span class='ocrx_word' id='word_1_285' title='bbox 882 2904 1133 2941; x_wconf 84' lang='lat' dir='ltr'>benedictione</span> <span class='ocrx_word' id='word_1_286' title='bbox 1153 2904 1244 2941; x_wconf 87' lang='lat' dir='ltr'>delle</span> <span class='ocrx_word' id='word_1_287' title='bbox 1264 2905 1400 2953; x_wconf 84' lang='lat' dir='ltr'>palme;</span> <span class='ocrx_word' id='word_1_288' title='bbox 1423 2905 1648 2954; x_wconf 85' lang='lat' dir='ltr'>congregati,</span> <span class='ocrx_word' id='word_1_289' title='bbox 1669 2906 1736 2942; x_wconf 88' lang='lat' dir='ltr'>che</span> <span class='ocrx_word' id='word_1_290' title='bbox 1757 2905 1884 2942; x_wconf 73' lang='lat' dir='ltr'>turono</span> <span class='ocrx_word' id='word_1_291' title='bbox 1903 2905 2002 2951; x_wconf 82' lang='lat' dir='ltr'>tutti,</span> <span class='ocrx_word' id='word_1_292' title='bbox 2023 2910 2059 2943; x_wconf 80' lang='lat' dir='ltr'>et</span> <span class='ocrx_word' id='word_1_293' title='bbox 2079 2909 2161 2942; x_wconf 81' lang='lat' dir='ltr'>ante</span> 
     </span>
     <span class='ocr_line' id='line_1_33' title="bbox 398 2963 2162 3011; baseline -0.001 -10"><span class='ocrx_word' id='word_1_294' title='bbox 398 2964 593 3001; x_wconf 76' lang='lat' dir='ltr'>Missurum</span> <span class='ocrx_word' id='word_1_295' title='bbox 621 2964 807 3009; x_wconf 86' lang='lat' dir='ltr'>solemnia,</span> <span class='ocrx_word' id='word_1_296' title='bbox 830 2965 962 3000; x_wconf 89' lang='lat' dir='ltr'>Nostro</span> <span class='ocrx_word' id='word_1_297' title='bbox 984 2963 1139 3011; x_wconf 86' lang='lat' dir='ltr'>Signore</span> <span class='ocrx_word' id='word_1_298' title='bbox 1165 2964 1189 2999; x_wconf 90' lang='lat' dir='ltr'>li</span> <span class='ocrx_word' id='word_1_299' title='bbox 1215 2964 1356 3000; x_wconf 86' lang='lat' dir='ltr'>chiamo</span> <span class='ocrx_word' id='word_1_300' title='bbox 1386 2964 1514 3002; x_wconf 86' lang='lat' dir='ltr'>dentro</span> <span class='ocrx_word' id='word_1_301' title='bbox 1539 2964 1636 3001; x_wconf 83' lang='lat' dir='ltr'>nella</span> <span class='ocrx_word' id='word_1_302' title='bbox 1662 2963 1844 3001; x_wconf 84' lang='lat' dir='ltr'>audientia</span> <span class='ocrx_word' id='word_1_303' title='bbox 1869 2974 1935 2999; x_wconf 85' lang='lat' dir='ltr'>sua</span> <span class='ocrx_word' id='word_1_304' title='bbox 1961 2966 2100 3002; x_wconf 75' lang='lat' dir='ltr'>secreta</span> <span class='ocrx_word' id='word_1_305' title='bbox 2126 2966 2162 2999; x_wconf 88' lang='lat' dir='ltr'>et</span> 
     </span>
     <span class='ocr_line' id='line_1_34' title="bbox 399 3020 2159 3070; baseline -0.001 -12"><span class='ocrx_word' id='word_1_306' title='bbox 399 3023 495 3069; x_wconf 89' lang='lat' dir='ltr'>quivi</span> <span class='ocrx_word' id='word_1_307' title='bbox 516 3027 682 3070; x_wconf 87' lang='lat' dir='ltr'>presente</span> <span class='ocrx_word' id='word_1_308' title='bbox 702 3027 796 3059; x_wconf 84' lang='lat' dir='ltr'>tutto</span> <span class='ocrx_word' id='word_1_309' title='bbox 816 3023 838 3059; x_wconf 89' lang='lat' dir='ltr'>il</span> <span class='ocrx_word' id='word_1_310' title='bbox 861 3022 1019 3070; x_wconf 85' lang='lat' dir='ltr'>Collegio</span> <span class='ocrx_word' id='word_1_311' title='bbox 1041 3022 1199 3070; x_wconf 79' lang='lat' dir='ltr'>publico,</span> <span class='ocrx_word' id='word_1_312' title='bbox 1224 3028 1258 3060; x_wconf 88' lang='lat' dir='ltr'>et</span> <span class='ocrx_word' id='word_1_313' title='bbox 1278 3023 1437 3060; x_wconf 84' lang='lat' dir='ltr'>dichiaro</span> <span class='ocrx_word' id='word_1_314' title='bbox 1460 3024 1620 3066; x_wconf 90' lang='lat' dir='ltr'>Monsre,</span> <span class='ocrx_word' id='word_1_315' title='bbox 1637 3027 1757 3060; x_wconf 81' lang='lat' dir='ltr'>vostro</span> <span class='ocrx_word' id='word_1_316' title='bbox 1777 3021 1930 3059; x_wconf 81' lang='lat' dir='ltr'>Fratello</span> <span class='ocrx_word' id='word_1_317' title='bbox 1947 3022 2085 3070; x_wconf 81' lang='lat' dir='ltr'>Legato</span> <span class='ocrx_word' id='word_1_318' title='bbox 2103 3020 2159 3058; x_wconf 91' lang='lat' dir='ltr'>del</span> 
     </span>
     <span class='ocr_line' id='line_1_35' title="bbox 398 3081 2160 3130; baseline -0.001 -13"><span class='ocrx_word' id='word_1_319' title='bbox 398 3081 638 3127; x_wconf 84' lang='lat' dir='ltr'>Patrimonio;</span> <span class='ocrx_word' id='word_1_320' title='bbox 654 3085 699 3119; x_wconf 77' lang='lat' dir='ltr'>ne</span> <span class='ocrx_word' id='word_1_321' title='bbox 718 3081 752 3118; x_wconf 89' lang='lat' dir='ltr'>vi</span> <span class='ocrx_word' id='word_1_322' title='bbox 772 3081 886 3130; x_wconf 84' lang='lat' dir='ltr'>potrei</span> <span class='ocrx_word' id='word_1_323' title='bbox 906 3081 981 3118; x_wconf 86' lang='lat' dir='ltr'>dire</span> <span class='ocrx_word' id='word_1_324' title='bbox 996 3085 1131 3128; x_wconf 85' lang='lat' dir='ltr'>quanto</span> <span class='ocrx_word' id='word_1_325' title='bbox 1153 3084 1171 3117; x_wconf 80' lang='lat' dir='ltr'>e</span> <span class='ocrx_word' id='word_1_326' title='bbox 1193 3085 1287 3118; x_wconf 83' lang='lat' dir='ltr'>stata</span> <span class='ocrx_word' id='word_1_327' title='bbox 1298 3086 1403 3130; x_wconf 84' lang='lat' dir='ltr'>grata</span> <span class='ocrx_word' id='word_1_328' title='bbox 1417 3087 1547 3130; x_wconf 81' lang='lat' dir='ltr'>questa</span> <span class='ocrx_word' id='word_1_329' title='bbox 1559 3081 1868 3121; x_wconf 70' lang='lat' dir='ltr'>,demonstratione</span> <span class='ocrx_word' id='word_1_330' title='bbox 1884 3092 1906 3117; x_wconf 89' lang='lat' dir='ltr'>a</span> <span class='ocrx_word' id='word_1_331' title='bbox 1927 3085 2020 3118; x_wconf 84' lang='lat' dir='ltr'>tutta</span> <span class='ocrx_word' id='word_1_332' title='bbox 2032 3082 2160 3128; x_wconf 75' lang='lat' dir='ltr'>questa</span> 
     </span>
     <span class='ocr_line' id='line_1_36' title="bbox 398 3140 2158 3190; baseline -0.001 -12"><span class='ocrx_word' id='word_1_333' title='bbox 398 3141 516 3182; x_wconf 81' lang='lat' dir='ltr'>Corte,</span> <span class='ocrx_word' id='word_1_334' title='bbox 540 3146 575 3178; x_wconf 90' lang='lat' dir='ltr'>et</span> <span class='ocrx_word' id='word_1_335' title='bbox 600 3141 706 3179; x_wconf 72' lang='lat' dir='ltr'>Citta.</span> <span class='ocrx_word' id='word_1_336' title='bbox 730 3141 834 3189; x_wconf 90' lang='lat' dir='ltr'>Dipoi</span> <span class='ocrx_word' id='word_1_337' title='bbox 854 3142 985 3178; x_wconf 86' lang='lat' dir='ltr'>Nostro</span> <span class='ocrx_word' id='word_1_338' title='bbox 1007 3141 1160 3189; x_wconf 86' lang='lat' dir='ltr'>Signcre</span> <span class='ocrx_word' id='word_1_339' title='bbox 1181 3142 1276 3178; x_wconf 75' lang='lat' dir='ltr'>ando</span> <span class='ocrx_word' id='word_1_340' title='bbox 1301 3142 1337 3178; x_wconf 92' lang='lat' dir='ltr'>in</span> <span class='ocrx_word' id='word_1_341' title='bbox 1357 3141 1517 3190; x_wconf 84' lang='lat' dir='ltr'>Capella,</span> <span class='ocrx_word' id='word_1_342' title='bbox 1540 3147 1575 3179; x_wconf 86' lang='lat' dir='ltr'>et</span> <span class='ocrx_word' id='word_1_343' title='bbox 1598 3142 1792 3179; x_wconf 86' lang='lat' dir='ltr'>benedisse</span> <span class='ocrx_word' id='word_1_344' title='bbox 1814 3141 1848 3178; x_wconf 89' lang='lat' dir='ltr'>le</span> <span class='ocrx_word' id='word_1_345' title='bbox 1871 3141 1986 3189; x_wconf 85' lang='lat' dir='ltr'>palme</span> <span class='ocrx_word' id='word_1_346' title='bbox 2006 3145 2042 3179; x_wconf 73' lang='lat' dir='ltr'>et</span> <span class='ocrx_word' id='word_1_347' title='bbox 2066 3140 2158 3177; x_wconf 84' lang='lat' dir='ltr'>cele-</span> 
     </span>
     <span class='ocr_line' id='line_1_37' title="bbox 398 3198 2159 3249; baseline 0.002 -15"><span class='ocrx_word' id='word_1_348' title='bbox 398 3198 513 3236; x_wconf 86' lang='lat' dir='ltr'>brassi</span> <span class='ocrx_word' id='word_1_349' title='bbox 533 3211 605 3236; x_wconf 89' lang='lat' dir='ltr'>una</span> <span class='ocrx_word' id='word_1_350' title='bbox 625 3200 767 3246; x_wconf 81' lang='lat' dir='ltr'>Messa3</span> <span class='ocrx_word' id='word_1_351' title='bbox 789 3201 824 3236; x_wconf 86' lang='lat' dir='ltr'>la</span> <span class='ocrx_word' id='word_1_352' title='bbox 843 3200 947 3248; x_wconf 81' lang='lat' dir='ltr'>quale</span> <span class='ocrx_word' id='word_1_353' title='bbox 967 3199 1082 3244; x_wconf 86' lang='lat' dir='ltr'>finita,</span> <span class='ocrx_word' id='word_1_354' title='bbox 1104 3200 1263 3236; x_wconf 88' lang='lat' dir='ltr'>Monsre.</span> <span class='ocrx_word' id='word_1_355' title='bbox 1282 3204 1419 3237; x_wconf 90' lang='lat' dir='ltr'>nostro.</span> <span class='ocrx_word' id='word_1_356' title='bbox 1441 3200 1548 3237; x_wconf 87' lang='lat' dir='ltr'>Rmo.</span> <span class='ocrx_word' id='word_1_357' title='bbox 1569 3203 1676 3249; x_wconf 82' lang='lat' dir='ltr'>parti,</span> <span class='ocrx_word' id='word_1_358' title='bbox 1698 3205 1734 3237; x_wconf 86' lang='lat' dir='ltr'>et</span> <span class='ocrx_word' id='word_1_359' title='bbox 1756 3200 1794 3236; x_wconf 83' lang='lat' dir='ltr'>fu</span> <span class='ocrx_word' id='word_1_360' title='bbox 1814 3203 2094 3248; x_wconf 74' lang='lat' dir='ltr'>accompagnato</span> <span class='ocrx_word' id='word_1_361' title='bbox 2112 3198 2159 3237; x_wconf 70' lang='lat' dir='ltr'>da</span> 
     </span>
     <span class='ocr_line' id='line_1_38' title="bbox 396 3258 2155 3307; baseline -0.001 -13"><span class='ocrx_word' id='word_1_362' title='bbox 396 3262 490 3295; x_wconf 84' lang='lat' dir='ltr'>tutto</span> <span class='ocrx_word' id='word_1_363' title='bbox 517 3258 542 3294; x_wconf 90' lang='lat' dir='ltr'>il</span> <span class='ocrx_word' id='word_1_364' title='bbox 569 3258 727 3307; x_wconf 85' lang='lat' dir='ltr'>Collegio</span> <span class='ocrx_word' id='word_1_365' title='bbox 753 3259 872 3296; x_wconf 88' lang='lat' dir='ltr'>insino</span> <span class='ocrx_word' id='word_1_366' title='bbox 903 3271 924 3296; x_wconf 86' lang='lat' dir='ltr'>a</span> <span class='ocrx_word' id='word_1_367' title='bbox 952 3270 1051 3304; x_wconf 84' lang='lat' dir='ltr'>casa,</span> <span class='ocrx_word' id='word_1_368' title='bbox 1073 3269 1139 3294; x_wconf 86' lang='lat' dir='ltr'>con</span> <span class='ocrx_word' id='word_1_369' title='bbox 1177 3258 1418 3307; x_wconf 85' lang='lat' dir='ltr'>grandissimo</span> <span class='ocrx_word' id='word_1_370' title='bbox 1439 3260 1588 3306; x_wconf 87' lang='lat' dir='ltr'>honore,</span> <span class='ocrx_word' id='word_1_371' title='bbox 1615 3265 1652 3297; x_wconf 84' lang='lat' dir='ltr'>et</span> <span class='ocrx_word' id='word_1_372' title='bbox 1681 3259 1718 3296; x_wconf 83' lang='lat' dir='ltr'>fu</span> <span class='ocrx_word' id='word_1_373' title='bbox 1745 3270 1830 3296; x_wconf 83' lang='lat' dir='ltr'>cosa</span> <span class='ocrx_word' id='word_1_374' title='bbox 1851 3258 1946 3296; x_wconf 84' lang='lat' dir='ltr'>bella</span> <span class='ocrx_word' id='word_1_375' title='bbox 1967 3270 1989 3295; x_wconf 84' lang='lat' dir='ltr'>a</span> <span class='ocrx_word' id='word_1_376' title='bbox 2015 3258 2155 3295; x_wconf 84' lang='lat' dir='ltr'>vedere.</span> 
     </span>
    </p>
   </div>
   <div class='ocr_carea' id='block_1_6' title="bbox 397 3316 2156 3427">
    <p class='ocr_par' dir='ltr' id='par_1_6' title="bbox 397 3316 2156 3427">
     <span class='ocr_line' id='line_1_39' title="bbox 397 3316 2156 3366; baseline 0.001 -14"><span class='ocrx_word' id='word_1_377' title='bbox 397 3316 531 3354; x_wconf 86' lang='lat' dir='ltr'>Giunta</span> <span class='ocrx_word' id='word_1_378' title='bbox 549 3317 665 3355; x_wconf 77' lang='lat' dir='ltr'>art-ivo</span> <span class='ocrx_word' id='word_1_379' title='bbox 682 3317 744 3366; x_wconf 91' lang='lat' dir='ltr'>qui</span> <span class='ocrx_word' id='word_1_380' title='bbox 763 3318 933 3361; x_wconf 84' lang='lat' dir='ltr'>hiersera,</span> <span class='ocrx_word' id='word_1_381' title='bbox 956 3318 1006 3354; x_wconf 92' lang='lat' dir='ltr'>lui</span> <span class='ocrx_word' id='word_1_382' title='bbox 1027 3323 1062 3355; x_wconf 83' lang='lat' dir='ltr'>et</span> <span class='ocrx_word' id='word_1_383' title='bbox 1086 3318 1266 3364; x_wconf 66' lang='lat' dir='ltr'>Marione,</span> <span class='ocrx_word' id='word_1_384' title='bbox 1289 3323 1325 3356; x_wconf 86' lang='lat' dir='ltr'>et</span> <span class='ocrx_word' id='word_1_385' title='bbox 1345 3319 1374 3355; x_wconf 84' lang='lat' dir='ltr'>si</span> <span class='ocrx_word' id='word_1_386' title='bbox 1394 3321 1631 3357; x_wconf 82' lang='lat' dir='ltr'>raceomanda</span> <span class='ocrx_word' id='word_1_387' title='bbox 1650 3320 1718 3357; x_wconf 83' lang='lat' dir='ltr'>alla</span> <span class='ocrx_word' id='word_1_388' title='bbox 1737 3321 1787 3358; x_wconf 92' lang='lat' dir='ltr'>M.</span> <span class='ocrx_word' id='word_1_389' title='bbox 1810 3320 1855 3357; x_wconf 88' lang='lat' dir='ltr'>V.</span> <span class='ocrx_word' id='word_1_390' title='bbox 1878 3323 1914 3356; x_wconf 86' lang='lat' dir='ltr'>et</span> <span class='ocrx_word' id='word_1_391' title='bbox 1933 3318 1966 3355; x_wconf 89' lang='lat' dir='ltr'>io</span> <span class='ocrx_word' id='word_1_392' title='bbox 1992 3317 2156 3356; x_wconf 84' lang='lat' dir='ltr'>insieme.</span> 
     </span>
     <span class='ocr_line' id='line_1_40' title="bbox 397 3373 1872 3427; baseline 0.002 -15"><span class='ocrx_word' id='word_1_393' title='bbox 397 3373 495 3413; x_wconf 84' lang='lat' dir='ltr'>Bene</span> <span class='ocrx_word' id='word_1_394' title='bbox 511 3377 602 3414; x_wconf 85' lang='lat' dir='ltr'>vale.</span> <span class='ocrx_word' id='word_1_395' title='bbox 1194 3391 1214 3412; x_wconf 95' lang='lat'>«</span> <span class='ocrx_word' id='word_1_396' title='bbox 1231 3378 1370 3423; x_wconf 86' lang='lat' dir='ltr'>Romae,</span> <span class='ocrx_word' id='word_1_397' title='bbox 1393 3378 1450 3415; x_wconf 82' lang='lat' dir='ltr'>die</span> <span class='ocrx_word' id='word_1_398' title='bbox 1465 3379 1543 3415; x_wconf 91' lang='lat' dir='ltr'>XV.</span> <span class='ocrx_word' id='word_1_399' title='bbox 1566 3380 1711 3427; x_wconf 86' lang='lat' dir='ltr'>Aprilis,</span> <span class='ocrx_word' id='word_1_400' title='bbox 1732 3380 1837 3416; x_wconf 81' lang='lat'>1492.</span> <span class='ocrx_word' id='word_1_401' title='bbox 1853 3393 1872 3412; x_wconf 67' lang='lat'>&gt;³</span> 
     </span>
    </p>
   </div>
   <div class='ocr_carea' id='block_1_7' title="bbox 445 3446 1838 3498">
    <p class='ocr_par' dir='ltr' id='par_1_7' title="bbox 445 3446 1838 3498">
     <span class='ocr_line' id='line_1_41' title="bbox 445 3446 1838 3498; baseline 0.003 -16"><span class='ocrx_word' id='word_1_402' title='bbox 445 3446 616 3493; x_wconf 85' lang='lat' dir='ltr'>(Roscoe,</span> <span class='ocrx_word' id='word_1_403' title='bbox 641 3449 714 3484; x_wconf 83' lang='lat' dir='ltr'>The</span> <span class='ocrx_word' id='word_1_404' title='bbox 734 3450 800 3493; x_wconf 77' lang='lat' dir='ltr'>life</span> <span class='ocrx_word' id='word_1_405' title='bbox 804 3473 878 3486; x_wconf 87' lang='grc'><strong>.....</strong></span> <span class='ocrx_word' id='word_1_406' title='bbox 898 3451 947 3495; x_wconf 85' lang='lat' dir='ltr'>of</span> <span class='ocrx_word' id='word_1_407' title='bbox 960 3450 1033 3485; x_wconf 86' lang='lat' dir='ltr'>Leo</span> <span class='ocrx_word' id='word_1_408' title='bbox 1052 3449 1113 3484; x_wconf 77' lang='lat' dir='ltr'>the</span> <span class='ocrx_word' id='word_1_409' title='bbox 1141 3450 1257 3492; x_wconf 79' lang='lat' dir='ltr'>tenth,</span> <span class='ocrx_word' id='word_1_410' title='bbox 1282 3453 1306 3487; x_wconf 87' lang='lat' dir='ltr'>t.</span> <span class='ocrx_word' id='word_1_411' title='bbox 1338 3449 1402 3492; x_wconf 92' lang='lat' dir='ltr'>III,</span> <span class='ocrx_word' id='word_1_412' title='bbox 1423 3460 1521 3497; x_wconf 65' lang='lat' dir='ltr'>app„</span> <span class='ocrx_word' id='word_1_413' title='bbox 1542 3462 1578 3498; x_wconf 92' lang='lat' dir='ltr'>p.</span> <span class='ocrx_word' id='word_1_414' title='bbox 1600 3451 1683 3495; x_wconf 83' lang='lat'>419,</span> <span class='ocrx_word' id='word_1_415' title='bbox 1701 3457 1743 3486; x_wconf 81' lang='lat'>11⁰</span> <span class='ocrx_word' id='word_1_416' title='bbox 1762 3451 1838 3497; x_wconf 83' lang='lat'>24.)</span> 
     </span>
    </p>
   </div>
  </div>
 </body>
</html>
