2262 3958
366 329 434 362 iso
975 327 1157 363 ,ΙΟΗΑΝΝ
1163 328 1204 363 15
1238 328 1530 372 BURCHARDL
1939 336 2019 381 [Mai
2041 334 2135 380 1492}

368 430 702 493 infrascriptis,
733 434 967 492 quatenus
999 444 1168 476 omnes
1198 434 1245 477 et
1278 429 1468 493 singuli,
1506 445 1613 478 cum
1643 432 1840 496 singulis
1861 435 2132 493 intorticiis‚

365 517 532 561 curent
555 513 630 560 die
647 513 770 575 jovis
792 513 1008 576 proxime
1026 512 1204 571 futura,
1231 528 1322 576 que
1339 513 1429 560 erit
1447 513 1621 561 festum
1640 517 1933 571 ascensionis
1951 518 2131 568 domini

366 596 516 644 nostri
534 599 647 644 Jesu
675 595 1017 654 Christi,rhora
1049 612 1192 655 nona,
1225 611 1333 645 esse
1360 595 1408 642 in
1435 596 1595 659 platea
1618 596 1757 646 beate
1790 601 1937 650 Marie
1966 601 2026 650 de
2049 605 2138 650 Po-

367 678 509 741 pulo;
536 678 645 726 inde
666 678 1107 742 processionaliter,
1132 694 1217 743 pro
1245 679 1430 728 honore
1459 684 1505 728 et
1533 681 1803 729 reverentia
1829 684 2135 733 sacratissimi

365 761 476 809 ferri
497 761 665 809 lancee
686 777 780 825 quo
802 761 925 809 latus
957 761 1213 810 Salvatoris
1245 761 1395 808 nostri
1426 760 1474 807 in
1509 775 1651 808 cruce
1670 776 1757 824 pro
1791 762 1942 811 salute
1973 769 2136 814 nostra

366 843 621 907 pendentis
652 849 872 908 apertum
900 849 990 903 est,
1026 844 1138 893 ituri
1168 860 1319 907 usque
1348 843 1409 891 ad
1443 843 1693 892 basilicam
1727 846 1879 893 sancti
1913 846 2042 895 Petri
2073 863 2131 897 eo

368 928 534 976 ordine
564 932 611 976 et
642 929 767 988 loco,
799 933 940 992 prout
971 932 1135 976 Rmus.
1168 931 1225 976 D.
1258 928 1550 977 camerarius
1577 928 1833 988 ordinabit,
1857 945 1912 977 ac
1932 930 2136 994 propriis

311 1037 315 1043 ,
368 1011 589 1059 manibus
613 1011 788 1076 singuli
812 1028 899 1060 sua
925 1011 1166 1061 intorticia
1196 1017 1404 1076 portare,
1435 1012 1523 1059 sub
1549 1027 1674 1075 pena
1701 1012 1910 1076 quinque
1938 1014 2136 1063 ducato-

367 1111 471 1142 rum
494 1096 596 1144 auri
619 1112 810 1144 camere
829 1096 1091 1160 apostolice
1109 1095 1506 1144 irremissibiliter
1525 1096 1935 1159 applicandorum.
1960 1118 1981 1141 »

430 1180 670 1242 Magistris
703 1179 949 1242 utriusque
981 1178 1188 1242 registri.
1217 1206 1279 1212 —
1299 1178 1539 1241 Magistris
1570 1179 1771 1242 plumbi.
1795 1207 1859 1214 ——
1880 1180 2136 1229 Bullatori-

365 1262 470 1309 bus.
497 1291 558 1297 —
577 1262 922 1311 Collectoribus
944 1261 1144 1326 plumbi.
1169 1289 1232 1294 —
1248 1260 1670 1309 Abbreviatorihus
1700 1261 1759 1310 de
1785 1278 1930 1325 parco
1959 1263 2131 1327 majori

365 1349 411 1393 et
432 1345 606 1392 minori
622 1349 668 1393 et
684 1345 840 1409 prima
858 1344 1059 1393 visione.
1084 1372 1147 1379 ——
1169 1342 1570 1392 sollicitatoribus
1590 1344 1838 1393 literarum
1851 1347 2134 1410 apostolica-

365 1444 486 1476 rum.
513 1456 575 1463 --
590 1428 986 1477 Procuratoribus
1000 1427 1425 1476 contradictarum.
1445 1455 1507 1461 -—
1523 1430 1642 1476 Rote
1658 1428 1875 1476 notariis.
1894 1457 1958 1464 —
1978 1429 2134 1494 Scrip-

363 1512 545 1560 toribus
569 1511 921 1576 penitentiarie.
954 1540 1016 1546 -—-
1044 1509 1438 1558 Procuratoribus
1465 1509 1816 1573 penitentiarie.
1840 1540 1902 1547 —-
1927 1512 2132 1562 Notariis

362 1596 658 1645 auditoribus
682 1611 890 1645 camere.

429 1681 730 1742 Exequutum
751 1695 837 1743 per
855 1694 1075 1728 cursores
1094 1679 1171 1727 die
1189 1679 1354 1727 martis
1382 1683 1437 1727 19
1459 1679 1571 1727 maii
1594 1682 2062 1730 MCCCCLXXXXII.

426 1782 447 1804 «
468 1764 537 1809 De
558 1761 785 1809 mandato
814 1763 897 1810 SS.
931 1764 983 1809 D.
1018 1764 1055 1809 N
1066 1801 1082 1819 .,
1111 1779 1251 1827 pape,
1289 1763 1543 1811 mandetur
1575 1764 1856 1822 infradictis,
1893 1769 2132 1828 quatenus

362 1843 449 1891 sub
470 1859 595 1907 pena
621 1844 791 1892 decem
820 1844 1104 1892 ducatorum
1135 1862 1326 1894 camere
1350 1848 1612 1909 apostolice
1635 1847 2032 1896 irremissibiliter
2051 1863 2132 1911 ap-
2158 1835 2161 1839 .

359 1927 689 1991 plicandorum
709 1927 916 1976 debeant
936 1943 1023 1991 per
1042 1933 1192 1977 totam
1211 1929 1338 1978 diem
1355 1929 1642 1977 hodiernam
1665 1929 1854 1977 dedisse
1873 1930 1922 1977 in
1940 1929 2128 1994 scriptis

360 2013 498 2059 Rmo.
533 2013 590 2058 D.
622 2010 884 2059 camerario
911 2010 1109 2059 nomina
1136 2016 1183 2060 et
1208 2012 1496 2075 cognomina
1529 2010 1744 2059 omnium
1778 2011 2054 2060 officialium
2082 2017 2130 2062 et

360 2094 628 2142 officiorum
650 2093 820 2156 quibus
839 2093 928 2157 ipsi
950 2098 1166 2157 presunt,
1190 2095 1265 2143 vel
1283 2110 1488 2157 quorum
1509 2094 1598 2158 ipsi
1614 2093 1843 2143 officiales
1861 2094 1956 2143 sive
1974 2095 2130 2159 capel-

356 2176 451 2224 lani
482 2177 709 2235 existunt,
734 2192 789 2224 ac
814 2176 862 2224 in
883 2177 1100 2239 margine
1133 2182 1325 2226 notasse
1349 2177 1388 2224 si
1418 2177 1500 2241 qui
1532 2176 1813 2226 eorumdem
1851 2163 2126 2226 officialium

357 2260 450 2307 sint
471 2261 530 2308 ab
549 2260 674 2308 Urbe
697 2260 940 2308 absentes.
968 2280 988 2303 »

421 2343 842 2401 Rescrihendario.
896 2372 960 2378 -—
1005 2342 1263 2406 Capellano
1319 2342 1609 2406 scriptorum
1652 2343 2013 2406 penitentiarie.
2063 2369 2128 2378 -—

355 2426 610 2489 Capellano
633 2426 1042 2474 abbreviatorum.
1074 2453 1138 2460 —
1168 2425 1428 2488 Capellano
1458 2425 1840 2474 sollicitatorum.
1869 2454 1934 2461 ——
1955 2426 2125 2488 Capel-

354 2510 463 2558 lano
486 2509 796 2557 collectorum
818 2508 1018 2571 plumbi.
1040 2536 1103 2542 ——
1125 2507 1441 2555 Thesaurario
1466 2508 1765 2555 notariorum
1786 2512 1906 2555 rote.

419 2594 719 2655 Exequutum
740 2607 828 2655 per
844 2606 1063 2638 cursores
1086 2590 1162 2637 die
1187 2589 1352 2637 martis
1379 2593 1435 2638 19
1457 2590 1569 2638 maii
1596 2593 1731 2638 1492.

420 2678 480 2723 Ut
500 2676 678 2723 ferrum
711 2673 1087 2722 sacratissimum
1121 2672 1306 2731 lancee,
1339 2673 1466 2736 quod
1494 2689 1695 2736 magnus
1728 2675 1911 2721 Turcus
1942 2676 2024 2723 SS.
2062 2678 2118 2724 D.

354 2760 517 2805 nostro
544 2773 631 2821 per
649 2756 1027 2805 Chamisbuerch
1048 2760 1287 2805 oratorem
1310 2772 1448 2804 suum
1469 2756 1628 2815 mittit,
1652 2760 1795 2820 prout
1815 2755 1958 2805 etiam
1981 2772 2124 2821 supra

354 2839 577 2899 diximus,
598 2840 846 2888 decentius
868 2839 1180 2903 reciperetur,
1207 2843 1254 2887 et
1274 2855 1334 2887 ne
1353 2839 1596 2903 processio
1612 2843 1776 2887 nostra
1792 2854 1878 2904 per
1897 2840 2121 2890 eumdem

355 2927 594 2972 oratorem
616 2923 861 2972 infidelem
883 2922 1182 2971 derideretur
1209 2927 1255 2971 et
1281 2922 1673 2985 vilipenderetur,
1699 2921 1932 2971 ordinavit
1951 2925 2035 2972 SS.
2060 2925 2117 2971 D.

352 3012 533 3061 noster,
555 3007 683 3070 quod
700 3007 775 3055 die
797 3007 1092 3070 precedenti,
1112 3005 1273 3069 vigilia
1291 3005 1585 3053 ascensionis
1607 3007 1664 3053 D.
1689 3006 1745 3052 N.
1770 3007 1908 3052 Jesus
1928 3003 2117 3062 Christi,

350 3090 479 3139 idem
514 3095 675 3139 orator
711 3090 888 3139 Urbem
920 3089 1136 3148 intraret,
1178 3089 1309 3152 prius
1341 3088 1570 3136 adventus
1596 3092 1643 3136 et
1671 3086 1961 3151 receptionis
1985 3086 2116 3145 ferri,

353 3174 631 3222 schedulam
679 3173 992 3222 intimationis
1040 3188 1127 3236 per
1173 3186 1389 3220 cursores
1435 3171 1679 3231 faciende,
1725 3169 1906 3220 tenoris
1948 3170 2116 3218 subse-

352 3257 557 3320 quentis.
926 3314 935 3320 ᾗ

418 3362 439 3385 «
477 3344 545 3391 De
578 3343 801 3391 mandato
840 3343 923 3390 SS.
957 3343 1014 3388 D.
1056 3343 1109 3388 N.
1145 3339 1391 3387 intimetur
1424 3337 1646 3386 omnibus
1681 3336 1871 3384 RRmis.
1894 3336 2112 3385 cardina-

347 3423 471 3471 libus
496 3424 623 3487 quod
651 3424 796 3473 hodie
823 3424 950 3472 inter
968 3439 1050 3471 xlx
1076 3427 1121 3471 et
1151 3438 1214 3469 xx
1242 3422 1430 3479 horam,
1461 3435 1547 3483 per
1579 3424 1766 3483 portam
1795 3419 1935 3466 beate
1963 3417 2110 3464 Marie
