2262 3958
163 293 426 336 [Fevrier1487]
606 291 775 329 RERUM
809 291 1113 330 URBANARUM
1146 291 1498 330 COMMENTARH.
1799 294 1809 302 '
1875 295 1945 330 239

159 408 355 471 capgaS,
394 396 442 441 et
483 396 613 457 Papa
644 394 843 443 dimisso
879 395 1068 459 pluviali
1106 395 1256 444 rubeo
1307 395 1511 460 simplici
1551 394 1740 458 accepit
1778 395 1940 443 album

158 474 439 541 pretiosum.
477 476 621 526 Facta
651 483 724 526 est
760 479 1001 527 confessio
1036 483 1083 527 et
1120 479 1282 527 missa·
1300 479 1492 543 incepta
1517 494 1652 526 more
1686 483 1939 526 consueto.

155 559 354 608 Missam
378 560 635 610 celebravit
658 565 823 610 Rmus.
850 565 906 610 D.
933 562 1189 611 cardinalis
1212 580 1250 610 s.
1280 563 1540 612 Clementis
1562 561 1640 611 cui
1663 565 1794 626 Papa
1815 561 1946 610 dedit

156 646 342 698 tantum
363 660 510 693 unam
532 646 801 706 candelam,
821 661 930 693 meo
944 645 1100 708 jussu.
1121 648 1352 694 Cantores
1368 661 1466 694 non
1485 645 1708 695 dixerunt
1727 663 1940 711 prosam.

155 729 273 776 Cum
299 729 602 794 evangelium
635 729 894 787 diceretur,
928 731 984 776 R.
1018 731 1070 776 P.
1104 731 1158 776 D.
1195 728 1452 776 Leonellus
1487 729 1743 795 episcopus
1771 734 1948 796 Tragu-

156 810 348 872 riensiS,
387 812 575 878 accepit
613 828 764 877 prope
805 811 1074 860 cancellum
1112 810 1316 875 pluviale
1355 811 1520 858 album
1559 817 1605 860 et
1647 814 1858 875 mitram,
1899 820 1947 863 et

156 896 374 946 osculato
395 900 505 961 post
525 895 828 960 evangelium
848 895 972 944 libro
999 910 1087 959 per
1114 894 1401 943 Pontificem
1435 899 1483 942 et
1510 910 1568 943 eo
1596 894 1864 956 incensato,
1890 913 1946 945 ac

156 995 268 1028 cum
287 979 431 1029 mitra
444 979 644 1028 sedente
665 978 870 1028 accessit
888 979 948 1027 ad
970 994 1082 1028 eum
1107 982 1155 1028 et
1182 978 1465 1043 genuflexus
1482 978 1728 1026 osculatus
1751 983 1825 1026 est
1843 980 1946 1043 ejus

156 1078 284 1129 genu
303 1062 559 1123 dextrum,
586 1063 708 1112 nihil
743 1063 935 1123 dicens;
962 1067 1066 1111 tum
1095 1062 1222 1112 venit
1253 1062 1314 1111 ad
1341 1062 1581 1127 pulpitum
1608 1062 1658 1109 in
1682 1062 1791 1111 loco
1819 1062 1947 1111 edito

154 1150 462 1211 preparatum
496 1147 575 1196 ubi
608 1147 723 1196 fecit
762 1148 940 1196 bonam
981 1146 1251 1195 orationem
1289 1146 1348 1195 de
1390 1145 1787 1195 confederatione
1823 1146 1948 1195 inter

153 1229 436 1294 pontificem
476 1234 524 1279 et
552 1233 784 1280 *Venetos
834 1230 979 1290 facta,
1027 1230 1202 1279 deinde
1253 1230 1370 1295 legit
1411 1230 1574 1278 omnia
1613 1230 1821 1294 capitula
1853 1247 1946 1294 que

155 1312 379 1378 stipulata
397 1318 508 1362 sunt
526 1314 746 1365 Venetiis
767 1314 817 1362 in
845 1314 1003 1363 ducali
1022 1314 1201 1379 palatio
1219 1330 1308 1379 per
1329 1315 1459 1362 lllus.
1480 1316 1750 1379 Augustum
1771 1314 1947 1363 ducem

156 1401 206 1446 et
221 1397 491 1446 dominium
511 1401 811 1448 Venetorum
840 1415 900 1447 ex
928 1413 1039 1458 una,
1072 1402 1119 1446 et
1150 1401 1205 1446 R.
1235 1397 1285 1446 in
1307 1397 1497 1447 Christo
1527 1401 1580 1446 P.
1607 1400 1662 1446 D.
1697 1398 1946 1447 Nicolaum

155 1482 395 1529 Francum
425 1480 710 1546 episcopum
741 1481 1094 1542 Trevisensem,
1123 1497 1178 1530 ac
1208 1481 1387 1529 Julium
1415 1483 1642 1530 Cesarem
1673 1481 1731 1529 de
1753 1484 1946 1531 Varano

155 1564 480 1614 camerarium
508 1565 704 1613 nomine
726 1564 989 1630 pontificis,
1024 1564 1100 1612 die
1132 1567 1191 1613 29
1219 1563 1402 1613 mensis
1431 1563 1705 1612 decembris
1726 1563 1945 1628 proxime

155 1649 394 1714 preteriti,
429 1665 781 1699 mccchxxxvn
822 1666 849 1697 a
891 1648 1159 1708 nativitate;
1203 1649 1374 1712 quibus
1415 1647 1555 1696 lectis
1597 1647 1848 1701 descendit
1887 1647 1946 1695 de

154 1731 360 1796 pulpito,
384 1735 433 1780 et
460 1734 546 1782 SS.
578 1735 635 1780 D.
668 1735 741 1792 N.,
776 1737 907 1781 stans
948 1732 1051 1780 sine
1092 1732 1250 1792 mitra,
1290 1732 1473 1796 incepit
1517 1731 1578 1780 Te
1616 1733 1792 1791 Deum,
1835 1740 1942 1791 etex,

155 1813 432 1864 cantoribus
467 1815 894 1880 prosequentibus.
934 1817 1036 1871 Quo
1070 1815 1226 1875 finito,
1268 1820 1582 1865 accesserunt
1616 1818 1711 1864 duo
1735 1815 1947 1880 acolythi

153 1912 264 1946 cum
285 1896 517 1959 candeliS,
546 1898 596 1947 iu
626 1898 724 1947 suis
752 1899 937 1964 cappis,
968 1898 1079 1963 quia
1111 1915 1209 1947 non
1235 1900 1482 1949 habebant
1513 1900 1868 1965 superpellicia,
1899 1904 1947 1947 et

153 1982 300 2046 Papa,
318 1982 499 2032 omisso
520 1982 670 2031 Pater
690 1984 864 2043 noster,
890 1983 1007 2032 dixit
1033 2000 1042 2031 :

216 2067 263 2128 Ῡ.
287 2065 514 2131 Fiatpax
533 2067 583 2115 in
606 2067 779 2116 virtute
800 2076 909 2126 tua,·
929 2067 1208 2116 cantoribus
1232 2068 1639 2132 respondentibus
1666 2087 1674 2116 :
1700 2067 1772 2116 Et
1789 2067 1942 2115 abian-

150 2148 315 2198 dantia
335 2149 385 2198 in
416 2150 623 2198 turribus
655 2151 778 2210 tuis,·
799 2152 1012 2210 concede,
1040 2168 1314 2216 quesumus,
1344 2153 1560 2212 Domine,
1580 2153 1759 2217 populo
1788 2160 1865 2200 tuo
1893 2158 1953 2199 ut

149 2233 273 2281 silei
291 2249 370 2282 cor
386 2249 537 2282 unum
558 2242 604 2282 et
622 2251 719 2283 una
737 2235 860 2300 fides
877 2243 924 2284 et
945 2236 1105 2284 anima
1127 2253 1241 2284 una.

216 2319 268 2380 ᾗ).
310 2317 373 2366 In
412 2317 730 2367 observatione
765 2319 1100 2368 mandatorum
1129 2328 1335 2368 tuorum.
1378 2320 1493 2369 Non
1527 2320 1676 2381 nobis,
1722 2321 1944 2380 Domine,

149 2417 245 2450 non
273 2401 424 2459 nobis,
458 2402 544 2450 sed
573 2402 756 2450 nomini
788 2410 865 2450 tuo
896 2402 956 2450 cla
994 2403 1216 2467 yloriam.
1250 2404 1450 2452 Domine
1485 2404 1661 2452 exaudi
1690 2404 1948 2452 orationem

151 2503 321 2548 meam,
349 2486 424 2535 Et
445 2487 623 2535 clamor
648 2501 780 2534 meus
818 2486 884 2534 ad
909 2486 973 2534 Te
1007 2488 1178 2535 veniat.
1204 2487 1435 2536 Dominus
1457 2489 1712 2536 vobiscum.
1737 2488 1809 2536 Et
1841 2504 1949 2536 cum

149 2570 319 2635 spirita
351 2578 447 2619 tuo.
486 2572 692 2620 Oremus
731 2587 740 2616 ε
774 2570 908 2618 Deus
943 2588 971 2619 a
1007 2588 1099 2636 quo
1137 2580 1319 2632 sancta,
1344 2580 1459 2632 eto.,·
1496 2573 1584 2620 sub
1613 2571 1944 2632 conclusione,

152 2653 253 2702 Per
290 2653 527 2706 Christum
563 2653 832 2702 Dominum
873 2662 1104 2714 nostram,
1143 2655 1317 2705 Amen.
1355 2657 1586 2705 Dominus
1629 2656 1865 2706 vobiscum
1907 2665 1953 2704 et

154 2753 263 2786 cum
293 2738 461 2802 spiritu
491 2746 587 2788 tuo.
613 2741 847 2788 Cantores
888 2757 897 2787 ε
939 2740 1288 2788 Benedicamics
1327 2741 1552 2800 Domino,
1595 2741 1698 2788 Deo
1744 2741 1945 2805 qratiam.

156 2820 355 2870 Interim
384 2821 651 2871 cardinales
672 2829 909 2872 venerunt
926 2823 985 2871 ad
1006 2823 1262 2873 circulum.
1291 2825 1553 2874 Celebrans
1573 2824 1691 2873 dixit
1729 2824 1880 2872 Credo
1903 2827 1951 2871 et

157 2905 250 2954 alia
280 2921 416 2955 more
436 2909 689 2955 consueto.

226 2991 280 3038 In
299 2989 396 3038 fine
418 2992 550 3055 Papa
569 2989 701 3039 dedit
721 2990 1114 3040 benedictionem
1142 2997 1189 3040 et
1216 2992 1458 3057 plenarias
1487 2992 1811 3056 indulgentias
1832 3007 1949 3054 quas

157 3074 410 3124 celebrans
441 3073 795 3138 pronuntiavit;
836 3091 931 3139 quo
980 3075 1109 3124 sacto
1143 3075 1536 3140 archiepiscopus
1590 3092 1629 3124 s.
1672 3075 1864 3124 Andree
1902 3080 1951 3123 et

158 3158 414 3224 episcopus
446 3157 757 3222 Glasquensis
795 3174 960 3207 coram
994 3159 1225 3224 pontifice
1256 3160 1507 3224 protestati
1540 3164 1649 3208 sunt
1677 3159 1735 3207 de
1771 3159 1948 3223 injuria

156 3241 304 3292 hodie
331 3256 501 3290 eorum
525 3241 626 3306 regi
653 3242 796 3301 facta,
834 3246 1056 3307 petentes
1090 3243 1206 3308 ipsis
1231 3243 1470 3307 justitiam
1498 3244 1783 3302 ministrari;
1818 3244 1947 3293 idem

159 3324 488 3390 supplicarunt
509 3328 556 3373 et
576 3326 826 3395 pro-testati
849 3330 961 3375 sunt
982 3327 1237 3375 cardinalis
1268 3327 1630 3392 Andegaveusis
1653 3344 1764 3376 cum
1788 3332 1950 3377 orato-

159 3408 288 3458 ribus
323 3408 451 3474 regis
488 3409 709 3470 Francie,
753 3411 930 3460 comite
972 3411 1206 3470 Tendille,
1251 3411 1379 3476 regis
1415 3411 1708 3477 Portugallie
1743 3418 1790 3461 et
1821 3412 1950 3477 regis
