2262 3958
317 295 386 331 344
920 292 1150 329 JOHANNJS
1183 292 1475 341 BURCHARDL
1860 297 1964 341 [Mars
1985 274 2080 341 Μεέη

316 395 439 443 tibus
461 412 547 460 per
567 396 687 444 viam
709 397 837 456 Pape
856 397 903 442 et
923 394 1132 457 parionis
1152 394 1376 458 equitavit
1406 396 1466 444 ad
1496 397 1749 446 ecclesiam
1767 400 1905 448 beate
1924 400 2071 448 Marie

316 496 459 544 supra
491 480 780 527 Minervam:
807 478 905 537 ubi,
943 478 1068 527 facta
1100 479 1314 528 oratione
1348 483 1458 528 ante
1491 480 1638 529 altare
1670 482 1891 546 deposuit
1925 499 2073 547 capu-

319 564 446 611 cium
462 566 508 610 et
529 562 718 621 stolam,
744 561 1000 625 assumpsit
1029 562 1199 610 stolam
1227 566 1274 610 et
1302 562 1504 626 pluviale
1532 564 1663 612 albos
1681 566 1934 627 pretiosos,
1959 565 2074 614 fecit

317 646 669 694 confessionem
703 650 811 693 ante
846 646 992 693 altare
1027 662 1137 694 cum
1171 646 1462 705 celebrante,
1502 646 1674 696 deinde
1705 648 1889 711 accepit
1921 648 2078 696 cardi-

316 729 448 776 nales
499 729 557 775 ad
588 730 918 778 reverentiam
961 733 1007 776 et
1047 729 1137 777 alia
1179 729 1342 777 ordine
1384 734 1615 778 consueto
1659 733 1768 777 sunt
1807 730 2072 779 observata.

317 811 508 875 Capella
544 811 761 860 ordinata
808 812 894 860 fuit
942 815 1083 875 prout
1131 811 1365 875 superiori
1412 827 1536 860 anno
1579 812 1799 876 proxime
1847 814 2076 876 preterito

315 894 599 942 describitur
624 911 634 943 :
659 895 791 958 prior
812 894 1203 960 presbyterorum
1231 895 1541 944 cardinalium
1571 910 1667 943 non
1694 895 1822 943 venit
1848 895 1908 943 ad
1932 894 2078 943 assis-

318 977 512 1025 tentiam
549 977 659 1040 quia
697 992 793 1025 non
830 982 931 1025 erat
961 992 1048 1041 pro
1088 962 1145 1025 eo
1187 977 1475 1036 scabellum;
1509 977 1744 1042 potuisset
1770 983 1932 1027 tamen
1962 978 2075 1026 satis

315 1061 569 1109 commode
590 1060 760 1125 aptari.
786 1061 1058 1109 Cardinales
1086 1060 1146 1107 ad
1172 1060 1438 1119 introitum,
1475 1059 1654 1119 Gloria,
1683 1061 1851 1121 Credo,
1872 1061 2077 1109 Sanctus

315 1147 362 1192 et
393 1143 569 1207 Aqnus
604 1143 706 1211 ῥεῖ,
745 1147 975 1191 venerunt
1019 1143 1079 1191 ad
1117 1143 1365 1191 circulum.
1406 1144 1601 1192 Missam
1642 1144 1898 1192 celebravit
1941 1147 1992 1192 R.
2028 1145 2078 1193 in

313 1225 501 1273 Christo
540 1227 591 1272 P.
625 1224 680 1272 D.
716 1225 866 1285 Titus,
904 1226 1155 1289 episcopus
1194 1226 1458 1274 Castrensis
1491 1226 1540 1272 in
1572 1226 1876 1290 patrimonio,
1907 1231 1954 1274 et
1979 1241 2076 1275 non

314 1306 401 1355 fuit
423 1323 599 1356 sermo.
632 1308 786 1356 Finita
818 1308 964 1356 missa
1000 1312 1046 1357 et
1074 1309 1409 1358 benedictione
1447 1325 1533 1374 per
1561 1309 1841 1373 pontificem
1862 1309 1987 1369 data,
2018 1309 2077 1358 de

313 1391 417 1454 ejus
437 1391 630 1439 licentia
648 1396 878 1454 venerunt
897 1392 991 1439 duo
1014 1408 1070 1439 ex
1093 1392 1409 1440 confratribus
1431 1392 1750 1451 Annunciate,
1772 1408 1883 1440 cum
1903 1392 2074 1452 torcio,

312 1473 463 1522 bacile
503 1490 589 1537 pro
622 1474 891 1537 colligenda
923 1474 1163 1522 oblatione
1196 1479 1444 1537 portantes
1482 1478 1590 1523 ante
1641 1474 1937 1539 pontificem.
1975 1475 2076 1531 Quo

311 1556 435 1605 sacto
454 1558 508 1603 D.
533 1556 871 1615 Bernardinus,
904 1561 1119 1605 secretus
1151 1557 1490 1616 cubicularius,
1514 1557 1718 1622 projecit
1741 1557 1790 1603 in
1809 1557 1962 1605 bacile
1983 1556 2077 1605 cir-

311 1638 428 1687 citer
438 1639 783 1702 quinquaginta
803 1639 1022 1688 ducatos.
1046 1643 1368 1688 Accesserunt
1384 1640 1556 1689 deinde
1573 1640 1633 1689 ad
1652 1640 1770 1689 alios
1789 1639 2072 1700 cardinales,

311 1737 516 1788 quorum
537 1722 677 1785 aliqui
707 1723 941 1771 dederunt
966 1725 1209 1783 ducatum,
1241 1723 1384 1786 aliqui
1405 1723 1539 1771 nihil.
1572 1726 1691 1772 Tum
1720 1726 1847 1788 Papa
1874 1723 2076 1771 accessit

310 1808 419 1855 ante
441 1804 652 1862 medium
671 1804 849 1864 altaris,
875 1805 972 1864 ubi,
992 1806 1209 1869 deposito
1230 1806 1436 1870 pluviali,
1461 1806 1601 1854 mitra
1622 1811 1669 1853 et
1691 1806 1812 1854 stola
1832 1805 2070 1869 pretiosiS,

309 1887 497 1950 accepit
518 1887 688 1935 stolam
710 1888 908 1935 rubeam
931 1893 975 1936 et
998 1889 1248 1952 capucium
1271 1904 1363 1951 que
1385 1889 1514 1951 prius
1535 1894 1822 1952 portaverat,
1842 1893 1889 1936 et
1909 1903 2075 1952 prece-

309 1968 531 2018 dentibus
551 1970 707 2033 ipsum
729 1986 869 2018 cruce
893 1974 939 2019 et
959 1972 1296 2031 cardinalibus,
1320 1972 1544 2034 equitavit
1571 1972 1632 2019 ad
1658 1971 1914 2020 ecclesiam
1931 1972 2072 2020 beate

308 2052 456 2101 Marie
478 2052 536 2102 de
560 2053 760 2117 Popu10,
783 2053 954 2103 deinde
970 2055 1031 2102 ad
1048 2054 1275 2118 palatium
1300 2072 1308 2101 :
1332 2054 1461 2102 dedit
1478 2058 1640 2104 autem
1656 2054 1901 2103 licentiam
1923 2053 2075 2102 cardi-

308 2135 492 2184 nalibus
530 2141 785 2201 postquam
823 2141 1020 2201 pontem
1055 2154 1094 2185 s.
1123 2137 1294 2203 Angeli
1332 2137 1653 2203 pertransivit,
1694 2137 1774 2202 qui
1805 2137 1866 2186 ad
1902 2137 2072 2187 domos

307 2233 436 2276 suaS,
459 2218 655 2266 dimisso
676 2219 923 2282 pontifice,
949 2220 1209 2271 redierunt.
1927 2276 1929 2278 ,

375 2300 526 2352 Habui
554 2306 714 2353 autem
745 2302 837 2352 hoc
868 2318 1008 2353 mane
1039 2304 1188 2352 multa
1218 2304 1363 2351 verba
1396 2319 1506 2351 cum
1537 2304 1781 2366 pontifice.
1814 2303 1918 2351 Dixi
1943 2303 2071 2352 enim

307 2382 436 2449 quod
468 2384 626 2434 minus
665 2385 977 2435 conveniebat
1022 2386 1276 2448 capucium
1315 2386 1475 2433 album
1514 2387 1598 2433 sed
1635 2385 1827 2448 proprie
1866 2385 2070 2433 rubeum
2117 2440 2121 2442 Ἴ

305 2469 495 2530 portare
524 2467 835 2515 conveniebat
866 2484 1010 2533 supra
1042 2468 1214 2514 stolam
1234 2468 1495 2515 violaceam
1517 2483 1611 2515 non
1631 2468 1848 2524 rubeam,
1874 2472 1920 2514 et
1940 2468 2070 2530 quod

307 2549 570 2599 cardinales
619 2550 931 2599 Sanctitatem
974 2566 1108 2600 suam
1152 2551 1284 2615 sequi
1332 2551 1589 2609 deberent,
1637 2566 1735 2597 non
1785 2550 2062 2613 precedere.

306 2633 486 2681 Tamen
507 2632 743 2683 Sanctitas
762 2648 848 2682 sua
873 2633 1039 2683 dicens
1073 2633 1257 2683 Sixtum
1277 2631 1377 2700 '1111
1397 2633 1792 2697 predecessorem
1824 2649 1963 2681 suum
1997 2634 2065 2681 sic

306 2715 521 2779 equitare
543 2715 736 2765 solitum
759 2715 905 2765 fuisse
922 2716 996 2766 his
1018 2717 1185 2766 diebus
1207 2732 1316 2766 cum
1337 2717 1444 2766 albo
1467 2716 1721 2780 capucino;
1747 2720 1795 2765 et
1815 2719 1979 2764 Rmus.
2005 2719 2062 2765 D.

305 2799 723 2849 vicecancellarius
743 2799 922 2849 nullam
950 2800 1186 2849 rationem
1214 2800 1484 2859 attendenS,
1519 2799 1636 2847 dixit
1661 2799 1927 2848 cardinales
1953 2815 2065 2864 pre-

305 2884 476 2932 cedere
497 2883 673 2932 debere
701 2900 709 2931 :
735 2883 799 2931 ita
820 2888 980 2931 actum
1002 2888 1091 2943 est,
1117 2887 1329 2947 utsupra
1346 2890 1582 2943 narratur,
1607 2883 1819 2947 quamvis
1844 2883 2074 2932 inconve-.

304 2964 508 3013 nienter.

370 3048 618 3096 Dominica
639 3052 807 3097 Letare
826 3054 992 3112 quarta
1012 3049 1394 3112 quadragesime,
1419 3052 1477 3096 29
1496 3048 1671 3108 martii,
1695 3052 1859 3097 Rmus.
1881 3051 1937 3097 D.
1963 3064 2064 3098 car-

304 3131 471 3178 dinalis
494 3134 856 3180 Beneventanus
875 3126 1128 3181 celebravit
1144 3134 1339 3180 missam
1354 3132 1594 3195 publicam
1613 3132 1660 3178 in
1678 3132 1860 3195 capella
1878 3133 2060 3196 maj0re

305 3215 591 3276 supradicta,
622 3218 750 3278 Papa
775 3222 1017 3278 presente,
1052 3217 1148 3279 qui,
1183 3215 1435 3264 benedicta
1464 3231 1588 3274 rosa,
1620 3216 1668 3262 in
1703 3232 1891 3264 camera
1914 3232 2061 3279 papa-

302 3296 411 3357 galli
433 3312 565 3345 more
600 3298 755 3357 solito,
785 3299 911 3346 venit
940 3300 999 3346 ad
1021 3300 1272 3363 capellam,
1304 3299 1352 3345 in
1380 3314 1474 3360 qua
1510 3298 1687 3356 omnia,
1720 3302 1770 3345 ut
1798 3297 1944 3345 moris
1965 3302 2053 3356 est,

298 3382 406 3424 sunt
438 3385 649 3440 peracta.
687 3382 969 3428 Sermonem
1005 3381 1118 3428 fecit
1149 3385 1428 3444 procurator
1461 3381 1639 3427 ordinis
1673 3380 2045 3428 carmelitarum.
