2262 3958
130 315 158 347 N
180 313 462 354 ovemhre1491]
577 313 746 350 RERUM
780 312 1084 352 URBANARUM
1118 312 1468 350 COMMENTARII.
1847 309 1915 348 435

130 415 294 488 galatii
314 415 583 480 apostolici,
624 415 712 463 fuit
742 415 1084 477 consistorium
1114 414 1362 478 publicum
1384 414 1431 461 in
1458 429 1553 477 quo
1581 417 1635 462 R.
1655 416 1708 462 P.
1736 416 1793 461 D.
1818 417 1914 462 Ro-

130 499 299 569 bettus
317 498 573 563 episcopus
591 498 900 563 Glasquensis
919 504 1082 547 orator
1109 498 1239 547 Illus.
1266 497 1448 546 domini
1468 497 1635 546 Jacobi
1659 499 1913 546 Scotorum

131 568 258 647 regis
281 582 549 632 associatus
571 583 702 631 suita
722 581 905 631 familia
926 581 1182 631 cardinalis
1200 581 1394 630 Ascanii
1419 585 1466 630 et
1494 579 1764 628 oratoribus
1787 580 1914 643 regis

133 666 336 735 Francie
358 666 418 715 ab
438 667 650 732 hospitio
672 682 760 714 suo
777 681 930 729 usque
952 666 1013 714 ad
1034 681 1277 714 cameram
1300 664 1618 728 apostolicam
1639 663 1719 712 ubi
1740 679 1915 728 expec-

133 735 269 811 tarit3
299 750 475 799 deinde
504 751 564 799 ab
594 749 764 798 eadem
795 765 989 797 camera
1011 749 1071 796 ad
1102 747 1446 796 consistorium
1474 763 1562 811 per
1587 747 1915 810 archiepisco-

131 849 250 899 pum
269 834 604 883 Arelatensem
626 836 674 881 et
695 831 979 896 episcopum
994 831 1446 889 Vulterranensem,
1468 829 1782 893 sequentibus
1806 847 1915 879 ora—

135 911 319 966 toriBus
339 917 469 981 regis
484 915 703 974 Francie,
729 930 893 962 coram
934 916 1018 963 SS.
1046 916 1103 962 D.
1129 918 1314 962 nostro.
1346 916 1462 960 Post
1501 912 1911 960 deosculationem

122 999 322 1055 ,solitam
354 997 651 1064 presentavit
685 996 968 1062 genuflexus
995 999 1218 1060 patentes
1250 996 1413 1044 literas
1442 995 1601 1060 regias
1634 995 1915 1044 mandatum

132 1099 273 1134 suum
288 1082 611 1140 continentes,
637 1080 777 1145 sigilli
798 1079 962 1145 magni
983 1079 1103 1143 regii
1140 1079 1437 1144 appensione
1466 1078 1677 1127 munitas
1700 1082 1747 1127 et
1768 1095 1915 1127 manu

130 1166 258 1238 regis
289 1151 611 1232 subscriptas,
655 1182 773 1230 quas
814 1180 901 1214 suo
940 1170 1160 1229 tempore
1199 1164 1316 1228 legit
1356 1164 1614 1228 episcopus
1654 1163 1915 1212 Perusinus

106 1250 438 1321 secretarius.
476 1252 578 1299 Due
609 1249 980 1298 commissiones
1014 1248 1209 1316 fuerunt
1243 1248 1510 1313 proposite,
1550 1247 1704 1312 prima
1735 1264 1824 1312 per
1854 1251 1910 1296 D.

133 1334 336 1384 Paulum
370 1334 429 1384 de
463 1335 641 1384 Planca
678 1349 765 1398 pro
806 1333 1017 1398 quodam
1056 1317 1268 1397 paupere
1316 1330 1599 1396 presbytero
1640 1331 1914 1380 Caminensi

129 1419 335 1472 diecesis
357 1419 617 1484 Spoletane
630 1419 894 1483 depredato
914 1423 962 1467 et
982 1418 1302 1476 incarcerato,
1322 1416 1526 1464 liberato
1542 1420 1723 1474 tamen,
1749 1422 1917 1465 contra

111 1520 243 1561 rsuos
260 1503 556 1572 spoliatores
584 1503 757 1567 quibus
782 1503 1028 1567 juraverat
1061 1518 1114 1551 se
1142 1519 1240 1550 non
1266 1501 1521 1551 vendicare
1547 1516 1704 1564 neque
1727 1500 1917 1550 absolu-

129 1588 312 1658 tionem
332 1588 453 1638 velle
473 1588 720 1647 obtinere;
746 1591 794 1637 et
816 1587 1130 1657 fidejussores
1156 1586 1355 1635 dederat
1377 1585 1458 1650 qui
1481 1585 1610 1634 idem
1628 1586 1646 1649 j
1656 1590 1915 1635 uraverunt

127 1675 176 1722 et
204 1688 256 1722 se
281 1671 625 1741 obligaverunt
652 1671 796 1720 toties
823 1671 1011 1735 quoties
1049 1687 1138 1736 per
1170 1670 1370 1720 eosdem
1403 1670 1765 1734 requirerentur
1794 1669 1914 1718 velle

127 1756 355 1806 eumdem
378 1760 620 1806 oratorem
643 1756 760 1820 ipsis
783 1759 1120 1820 representare
1141 1771 1150 1803 :
1179 1758 1288 1818 post
1307 1754 1444 1818 cujus
1469 1754 1615 1803 finem
1632 1753 1804 1801 ivimus
1827 1768 1914 1818 pro

125 1845 336 1906 oratore.
362 1841 637 1890 Secundam
655 1839 906 1905 proposuit
923 1842 981 1888 D.
1003 1838 1218 1903 Angelus
1237 1838 1295 1886 de
1318 1837 1450 1886 Cesis
1468 1838 1582 1886 satis
1603 1836 1746 1895 male,
1775 1836 1913 1901 cujus

125 1924 378 1993 materiam
406 1940 506 1974 non
538 1924 777 1983 intellexi3
821 1923 1079 1989 episcopus
1108 1922 1416 1986 Glasquensis
1439 1921 1527 1970 sub
1550 1938 1704 1986 cappa
1724 1937 1812 1970 sua
1830 1919 1916 1968 ha-

126 2007 229 2058 huit
245 2013 429 2078 vestem
449 2009 510 2078 de
531 2008 628 2058 tabi
651 2008 955 2068 cremesino,-
973 2007 1103 2074 quod
1129 2006 1580 2055 inhonestissimum
1603 2006 1714 2064 fuit;
1741 2004 1914 2054 avisavi

125 2095 386 2157 propterea
417 2085 576 2158 ipsum
617 2108 678 2142 ne
716 2092 946 2158 deinceps
979 2107 1091 2140 cum
1131 2107 1188 2139 ea
1222 2090 1271 2138 in
1303 2090 1550 2154 publicum
1577 2089 1760 2139 veniret
1785 2107 1794 2136 :
1821 2089 1912 2144 alia

129 2175 418 2230 omniaacta
429 2180 542 2241 sunt
562 2191 697 2225 more
720 2175 878 2224 solitO.

191 2259 333 2309 Feria
351 2264 541 2324 quarta,
566 2259 736 2308 ultima
749 2259 930 2308 mensis
951 2259 1244 2319 novembris,
1271 2262 1356 2309 SS.
1384 2262 1443 2311 D.
1467 2262 1523 2307 N.
1546 2258 1676 2307 venit
1692 2258 1756 2313 rad
1785 2256 1914 2319 basi-

127 2343 273 2393 licam
291 2342 594 2392 sancti'Petri
617 2343 694 2392 uhi
715 2343 765 2391 in
791 2343 977 2411 capella
1005 2349 1283 2392 sanctorum
1309 2343 1499 2391 Andree
1520 2346 1571 2404 et
1593 2330 1810 2407 Gregorii
1828 2357 1915 2389 au-

123 2427 231 2477 divit
255 2428 456 2477 missam
479 2412 770 2486 solemnem,
807 2416 949 2497 quam
984 2427 1163 2482 ibidem
1192 2415 1536 2491 pontificaliter
1565 2425 1823 2475 celebravit
1853 2428 1908 2473 R.

122 2513 176 2560 P.
195 2513 252 2561 D.
277 2513 447 2561 Petrus
467 2497 642 2562 Paulus
665 2496 923 2576 episcopus
958 2516 1124 2559 sancte
1153 2510 1360 2575 Agathe.
1387 2510 1578 2574 Capella
1598 2513 1768 2574 parata
1805 2509 1909 2568 fuit,

122 2599 172 2643 et
195 2594 277 2644 alii
295 2610 466 2645 omnes
493 2595 542 2644 in
564 2612 623 2645 ea
648 2595 878 2645 sederunt
902 2599 1048 2659 prout
1085 2594 1304 2658 superius
1338 2594 1385 2642 in
1417 2594 1510 2642 alio
1542 2594 1666 2642 festo
1690 2592 1911 2659 ejusdem

123 2677 294 2727 sancti.
339 2678 478 2728 Dicta
509 2683 583 2728 est
611 2696 707 2728 una
734 2683 917 2728 tantum
946 2679 1117 2738 oratio,
1158 2678 1377 2733 videlicet
1415 2678 1475 2727 de
1515 2678 1640 2739 festo
1681 2676 1908 2736 Domini;

122 2765 170 2810 et
216 2763 301 2810 SS.
348 2765 405 2811 D.
454 2764 510 2811 N.
561 2762 609 2810 in
655 2762 775 2811 solio
816 2779 902 2812 suo
943 2763 1118 2812 sedens
1170 2762 1286 2810 vidit
1342 2766 1487 2826 caput
1532 2761 1682 2810 sancti
1721 2760 1912 2808 Andree

122 2843 316 2908 publice
335 2847 610 2904 ostensum,
636 2860 747 2892 cum
767 2860 862 2893 non
885 2850 1049 2909 posset
1067 2849 1264 2910 propter
1279 2844 1498 2894 dolorem
1521 2845 1635 2893 tibie
1655 2843 1911 2892 commode

123 2926 471 2992 genuflectere.

183 3014 238 3060 In
257 3010 414 3076 prima
435 3010 678 3060 dominica
697 3011 947 3069 adventus,
973 3013 1056 3060 SS.
1083 3015 1139 3060 D.
1166 3014 1222 3060 N.
1248 3012 1456 3077 receptis
1479 3012 1527 3060 in
1548 3027 1741 3060 camera
1760 3026 1908 3075 papa—

121 3095 235 3160 galli
255 3095 569 3160 paramentis,
594 3095 754 3159 priore
785 3095 1007 3143 Alvernie
1039 3111 1134 3145 uno
1166 3111 1225 3144 ex
1255 3096 1526 3145 oratoribus
1556 3096 1684 3159 regis
1710 3098 1744 3144 F
1749 3094 1910 3150 rancie

120 3183 369 3228 asserente
390 3179 522 3228 Illus.
549 3182 606 3227 D.
630 3179 883 3239 Jacobum,
904 3195 962 3226 ex
984 3179 1345 3227 marchionibus
1360 3179 1676 3237 Badensibus,
1696 3178 1909 3226 Serenis.

120 3262 429 3312 dominorum
461 3263 767 3328 imperatoris
799 3267 846 3312 et
877 3262 1004 3327 regis
1035 3266 1362 3317 Romanorum
1393 3267 1655 3321 oratorem,
1690 3261 1908 3328 ejusdem

72 3347 76 3349 “
120 3347 249 3412 regis
269 3351 457 3396 tantum
489 3351 537 3395 et
567 3362 664 3395 non
694 3347 999 3412 imperatoris
1031 3351 1273 3394 oratorem
1304 3361 1429 3405 esse,
1463 3351 1722 3410 propterea
1751 3346 1908 3410 ipsum

123 3431 335 3495 priorem
356 3430 619 3495 precedere
641 3446 739 3480 non
767 3430 963 3490 debere,
998 3447 1107 3479 cum
1140 3429 1187 3478 id
1217 3430 1468 3479 Sanctitati
1499 3429 1583 3479 sue
1614 3430 1907 3487 retulissem,
