2262 3958
954 263 1237 302 APPENDICE.
1911 268 1983 304 567

203 366 447 417 doloribus»,
469 367 685 410 concessit
706 371 904 409 naturae.
933 369 993 409 Eo
1015 367 1236 418 defuncto,
1258 368 1362 410 audi
1383 369 1646 410 miraculum
1669 370 1803 411 aliud.
1828 371 1981 412 Petrus

196 435 282 476 Leo
295 444 429 486 quem
445 434 599 476 Veneti
615 434 756 476 nostri
771 433 950 475 biennio
964 436 1066 474 ante
1085 433 1253 474 Patauii
1267 434 1572 476 conduxerant
1586 435 1673 476 sala
1682 435 1746 476 rio
1768 436 1943 488 publico
1969 449 1977 476 :

195 509 298 543 cum
311 497 471 540 fuisset
491 500 756 552 proecipuus
782 499 828 540 in
848 498 1103 539 infirmitate
1121 499 1341 540 Laurentii
1363 499 1554 541 Medicus
1574 501 1806 554 ingressus
1828 502 1979 542 cuius-

196 567 297 609 dam
317 567 428 609 ciuis
441 569 498 609 'de
514 568 720 608 Martellis
735 567 917 609 domum
934 567 978 607 in
993 570 1176 618 puteum
1198 579 1245 608 se
1260 568 1405 620 ipsum
1428 568 1739 619 praecipitasse
1758 571 1976 618 narratur,

193 643 245 674 ac
264 644 396 674 mane
414 633 579 674 ibidem
609 633 846 674 suffocatus
877 634 1003 684 aquis
1030 636 1232 685 repertus
1253 637 1336 674 est.
1368 634 1449 674 Per
1475 633 1703 674 biennium
1731 635 1874 673 totum
1888 632 1978 673 fere

196 698 526 740 concionatores
555 698 737 752 quidam
768 701 811 739 et
837 709 891 739 ex
918 698 987 738 his
1002 709 1119 739 unus
1138 699 1374 750 praecipue
1395 700 1484 741 vita
1503 703 1546 741 et
1571 700 1766 741 doctrina
1789 699 1978 753 insignis

196 764 450 816 praedicere
473 776 564 806 non
594 764 856 806 destiterunt
880 763 1020 804 multa
1039 762 1286 804 Florentiae
1309 768 1522 806 euentura
1546 776 1646 806 esse
1666 765 1874 806 aduersa.
1892 766 1977 806 Eos

195 829 328 871 audio
347 829 394 870 in
412 828 637 882 presentia
653 828 786 881 longe
805 828 1012 880 grauiora
1028 829 1113 869 illis
1133 829 1360 871 vaticinari
1373 831 1720 883 comminarique
1738 842 1854 883 quae
1868 831 1976 872 haec

194 894 392 948 proxima
424 897 594 937 aestate
623 893 788 935 ibidem
825 894 912 934 sint
946 893 1109 935 futura.
1141 894 1333 936 Territos
1371 895 1497 936 aiunt
1527 897 1679 937 iccirco
1711 896 1926 947 plurimos
1963 909 1973 936 :

194 970 332 1013 quum
350 959 542 1001 maxime
559 957 895 1011 praeteritorum
923 959 1132 1001 exhibitio
1159 971 1260 1001 esse
1277 961 1562 1002 consueuerit
1582 961 1831 1002 futurorum
1847 962 1975 1002 certi-

191 1025 316 1068 tudo.
332 1024 490 1066 Orabis
509 1023 736 1065 dominum
757 1036 857 1065 cum
876 1023 1041 1067 familia
1060 1026 1180 1067 omni
1200 1029 1243 1067 et
1257 1037 1338 1078 pro
1360 1025 1555 1068 defuncti
1581 1027 1802 1068 Laurentii
1822 1027 1976 1079 requie

192 1093 236 1132 et
257 1101 338 1144 pro
357 1089 604 1132 Florentiae
621 1092 756 1133 statu.
778 1091 898 1132 Vale.
917 1092 1095 1133 Romae.

1163 1175 1178 1194 α
1213 1158 1289 1199 Die
1310 1159 1386 1202 ΧΠ
1409 1159 1563 1212 aprilis
1587 1159 1705 1201 1492.
1743 1176 1758 1195 ›

241 1257 353 1309 (Pet.
375 1258 531 1312 Delph.
551 1260 703 1311 Epist„
722 1259 793 1302 liv.
816 1261 886 1309 lll,
911 1261 1017 1301 Lett.
1040 1260 1204 1312 xxvm.)

1052 1540 1107 1585 44

240 1681 378 1725 L'etat
398 1681 459 1725 du
478 1683 595 1736 Pape
615 1686 683 1726 est
705 1682 957 1736 desespere.
990 1685 1046 1724 La
1076 1683 1178 1725 ville
1211 1687 1279 1725 est
1314 1684 1469 1725 calme.
1503 1686 1583 1726 Les
1606 1684 1854 1726 Cardinaux
1876 1685 1977 1723 sont

188 1749 293 1791 hors
311 1749 366 1791 de
386 1751 539 1800 Rome,
560 1750 674 1791 mais
691 1750 746 1790 ils
765 1749 867 1791 n'en
889 1753 990 1791 sont
1003 1762 1085 1803 pas
1103 1751 1140 1791 si
1161 1749 1360 1805 eloignes
1382 1750 1511 1802 qu'ils
1532 1762 1589 1792 ne
1608 1750 1810 1803 puissent
1830 1760 1859 1802 y
1878 1759 1976 1790 ren-

190 1817 281 1856 trer
299 1825 357 1857 en
372 1815 588 1868 quelques
607 1816 783 1857 heureS.

591 1934 607 1953 ι
641 1916 864 1971 Maqnificz'
883 1917 1059 1959 Domini
1078 1919 1162 1959 mei
1181 1919 1573 1960 observandissimz'.

245 2022 263 2042 ι
296 2005 435 2047 Perla
454 2005 542 2048 mia
564 2006 608 2048 di
627 2006 822 2047 hiersera
853 2007 1007 2059 scripsi
1031 2007 1118 2048 alte
1146 2009 1187 2048 S.
1218 2009 1266 2048 V.
1290 2009 1335 2048 in
1359 2008 1437 2048 che
1464 2008 1649 2048 termine
1679 2008 1715 2048 si
1748 2010 1927 2049 trovava
1948 2007 1978 2058 il

187 2071 319 2123 Papa.
341 2071 396 2112 Di
414 2071 489 2123 poi
507 2074 666 2124 questa
687 2073 870 2112 mattina
893 2083 914 2112 s
935 2070 958 2112 e
979 2083 1127 2113 messo
1146 2084 1170 2113 a
1195 2074 1236 2113 S.
1261 2071 1426 2113 Santita
1449 2084 1510 2113 un
1532 2085 1640 2124 poco
1662 2073 1705 2113 di
1725 2075 1911 2121 catarro‚
1935 2071 1979 2111 di

188 2135 267 2177 che
287 2135 327 2176 si
346 2135 502 2178 dubita
521 2135 648 2178 forte.
670 2139 717 2179 E.
740 2138 898 2179 medici
913 2138 1061 2178 hanno
1080 2138 1197 2179 delto
1218 2149 1241 2178 a
1262 2139 1434 2190 parenti
1450 2139 1508 2179 di.
1526 2139 1568 2179 S.
1591 2136 1780 2179 sanctita
1797 2138 1875 2178 che
1889 2147 1979 2178 non

189 2199 214 2242 e
233 2199 310 2254 piu
331 2201 534 2243 d’havere
552 2213 765 2254 speranza
783 2204 939 2244 alcuna
962 2204 1078 2244 nella
1106 2204 1194 2245 vita
1219 2215 1299 2244 sua
1334 2208 1376 2245 et
1407 2215 1516 2245 sono
1542 2204 1587 2244 in
1614 2202 1751 2244 ferma
1773 2203 1979 2255 opinione

186 2267 266 2308 che
283 2277 364 2308 sua
385 2267 661 2310 Beatitudine
680 2269 844 2310 habbia
870 2280 895 2310 a
916 2269 1150 2310 manchare
1182 2269 1227 2309 in
1254 2272 1409 2321 questa
1442 2269 1564 2319 luna,
1590 2267 1750 2321 perche
1775 2268 1979 2320 veghono

188 2332 298 2374 tucti
317 2332 445 2386 segni
466 2334 639 2379 mortali
660 2334 706 2375 in
726 2335 803 2375 lui.
828 2334 971 2387 Hoggi
991 2345 1012 2375 s
1030 2332 1054 2375 e
1069 2334 1319 2375 confessato
1333 2338 1374 2376 et
1391 2334 1635 2375 domattina
1652 2335 1689 2374 si
1709 2334 1981 2375 chommuni-

189 2396 334 2439 chera.
370 2398 453 2449 Qui
481 2409 562 2450 per
587 2402 749 2440 ancora
776 2411 866 2441 non
900 2400 938 2440 si
963 2399 1005 2440 fa
1034 2400 1170 2441 molta
1192 2399 1555 2449 dimostrazione;
1584 2402 1628 2439 et
1653 2396 1822 2440 benche
1842 2409 1921 2450 per
1939 2398 1981 2437 la

191 2465 310 2504 terra
330 2461 395 2504 sia
418 2464 535 2505 assai
552 2467 656 2505 nota
675 2465 754 2506 che
774 2466 804 2506 il
825 2466 941 2517 Papa
962 2476 1052 2507 non
1082 2468 1169 2518 puo
1197 2466 1318 2507 viver
1346 2466 1498 2514 molt0‚
1530 2465 1634 2517 ogni
1665 2464 1797 2505 homo
1817 2467 1884 2504 sta
1904 2474 1982 2504 vo-

188 2528 365 2578 lentieri
383 2529 458 2571 nei
478 2531 657 2571 termini
685 2532 797 2572 suoi.
819 2533 875 2573 La
897 2533 1101 2585 maggior
1117 2535 1243 2583 parte
1265 2532 1308 2572 di
1334 2531 1481 2583 questi
1503 2530 1722 2572 Cardinali
1750 2540 1858 2569 sono
1883 2527 1983 2569 fuor

190 2593 235 2636 di
260 2596 413 2645 Roma,
433 2607 504 2636 ma
524 2606 615 2637 non
637 2599 758 2638 tanto
777 2597 959 2639 lontano
980 2599 1058 2639 che
1079 2598 1123 2638 in
1143 2597 1282 2650 poche
1302 2597 1408 2638 hore
1429 2607 1519 2637 non
1540 2596 1710 2637 fussino
1726 2595 1798 2647 qui
1805 2623 1885 2636 .....

249 2676 267 2696 ι
300 2661 453 2711 Rome,
475 2674 531 2703 xv
550 2661 651 2703 Julii
671 2662 790 2703 1492.
1248 2678 1252 2682 ·

905 2746 921 2764 ι
956 2730 1076 2770 Serv.
1096 2731 1283 2770 Panum.
1304 2731 1522 2778 Vuomus,
1541 2728 1710 2769 Orator.
1747 2742 1763 2761 ι

250 2821 395 2876 (Ar-ch.
418 2822 609 2865 Fiorent.
632 2822 792 2865 Leltere
811 2824 902 2875 aqli
919 2826 1011 2864 Otto
1031 2825 1074 2864 de
1101 2827 1286 2865 Pracica.
1310 2825 1449 2866 Class.
1474 2824 1543 2872 X.,
1570 2823 1676 2863 Dist.
1698 2821 1736 2871 6,
1759 2821 1871 2862 Filza
1894 2819 1952 2873 8.)

1059 3115 1116 3160 45

251 3263 333 3303 Lcs
355 3260 581 3303 medecins
608 3259 892 3313 desesperent
923 3260 975 3301 de
1004 3259 1046 3300 la
1076 3259 1144 3300 vie
1178 3259 1238 3300 du
1263 3259 1378 3310 Pape
1402 3261 1444 3298 et
1473 3269 1529 3298 ne
1560 3257 1622 3298 lui
1655 3258 1851 3298 donnent
1879 3257 1981 3309 plus

199 3337 345 3368 aucun
364 3325 556 3368 remede.
575 3327 656 3367 Les
674 3326 921 3368 Cardinaux
940 3328 1040 3366 sont
1058 3325 1112 3365 de
1132 3327 1283 3365 retour
1304 3322 1327 3364 a
1351 3325 1500 3365 Rome.
1525 3324 1606 3363 Les
1626 3323 1981 3364 Ambassadeurs

197 3395 384 3434 mettent
396 3391 422 3433 a
437 3393 477 3434 la
495 3391 757 3444 disposition
773 3392 833 3434 du
850 3389 978 3433 Sacre
999 3388 1176 3443 College
1191 3389 1256 3431 les
1273 3388 1414 3430 forces
1429 3388 1483 3429 de
1497 3388 1595 3430 leur
1608 3389 1978 3430 Gouvernement.
