2262 3958
213 311 321 353 [Aom
339 309 432 352 1484]
665 300 834 338 RERUM
860 272 1166 337 U'RBANARUM
1193 298 1544 338 COMMENTAnu.
1983 306 2007 341 9

278 409 332 456 In
353 405 511 471 vigilia
539 408 816 453 sanctorum
842 404 969 453 Petri
997 408 1045 452 et
1072 403 1203 452 Pauli
1231 404 1561 468 apostolorum
1586 404 1777 454 fuerunt
1799 422 1996 471 vespere

206 490 402 556 papales
424 489 667 539 solemnes
689 489 737 536 in
758 489 956 537 basilica
987 505 1025 536 s.
1053 488 1200 547 Petri,
1232 491 1360 553 Papa
1385 493 1611 553 presente
1639 493 1687 538 et
1715 489 1995 555 incipiente,

209 578 258 624 et
292 574 342 622 in
375 573 470 633 di'e,
503 573 669 632 missa,
705 587 848 636 quam
884 574 1013 635 Papa
1049 571 1307 619 celebravit
1339 571 1388 619 in
1422 572 1593 620 eadem
1621 572 1830 621 ecclesia
1865 589 2000 623 more

209 641 467 718 consueto;
493 639 540 706 et
558 656 795 705 veniendo
816 655 877 703 ad
899 654 1156 703 ecclesiam
1177 656 1247 703 ac'
1261 655 1320 703 de
1342 655 1422 703 illa
1449 655 1714 716 redeunde,
1736 659 1865 722 Papa
1886 674 2000 723 por-
2047 708 2053 713 ,

209 740 322 792 tavit
341 740 510 789 tiaram
531 755 675 804 quam
697 753 913 802 regnum.
923 742 1112 786 vocant.

274 828 377 875 Hoc
404 840 598 883 mense,
622 825 764 888 prout
785 824 936 870 Rome
965 822 1188 882 relatum,
1219 821 1336 870 obiit
1368 827 1504 871 extra
1530 839 1782 874 romanam
1812 825 1997 875 curiam

209 913 256 959 et
276 909 326 959 in
344 908 560 974 partibus
581 910 746 955 Rmus.
779 908 836 955 D.
862 905 987 954 Elias
1010 905 1089 971 (1),
1115 906 1236 955 tituli
1259 923 1297 954 s.
1318 906 1462 955 Lucie
1482 907 1530 954 in
1554 908 1716 968 Silice,
1741 910 1998 975 presbyter

208 992 462 1042 cardinalis
504 990 797 1040 Turonensis
838 990 1095 1054 vulgariter
1132 994 1458 1055 nuncupatus,
1504 992 1685 1040 ordinis
1729 993 1995 1053 Minorum,

204 1077 340 1142 cujus
361 1075 522 1125 anima
543 1075 815 1139 requiescat
837 1074 886 1122 in
907 1090 1028 1140 pace
1054 1074 1134 1140 (2).

269 1159 408 1210 Feria
427 1159 610 1224 quinta,
639 1161 696 1207 12
718 1158 899 1206 mensis
922 1159 1128 1223 augusti,
1152 1159 1279 1207 inter
1294 1159 1467 1208 horam
1482 1163 1701 1223 quartam
1717 1162 1764 1207 et
1780 1159 1997 1223 quintam

202 1245 378 1305 noctiS,
400 1243 475 1294 vel
495 1243 642 1303 circa,
668 1246 818 1292 Rome
849 1243 899 1292 in
919 1243 1095 1308 palatio
1111 1244 1378 1308 apostolico
1400 1243 1533 1308 ‘apud
1558 1247 1777 1292 sanctum
1799 1246 1995 1292 Petrum

202 1331 253 1380 in
273 1329 510 1396 superiori
531 1344 726 1377 camera
751 1343 864 1388 una,
895 1344 1039 1393 supra
1066 1328 1249 1377 curiam
1277 1333 1388 1377 ante
1417 1328 1763 1377 bibliothecam
1791 1344 1996 1392 respon-

206 1414 369 1474 dente,
393 1413 512 1462 obiit
532 1411 864 1462 sanctissimus
884 1411 935 1460 in
953 1412 1142 1461 Christo
1162 1415 1303 1477 pater
1325 1416 1372 1461 et
1396 1411 1620 1460 dominus
1643 1414 1827 1470 noster,
1846 1410 1998 1458 domi-

207 1513 298 1546 nus
333 1496 492 1546 Sixtus
522 1497 679 1563 divina
715 1495 1015 1561 providentia
1051 1513 1175 1561 papa
1204 1500 1420 1560 quartus,
1459 1498 1594 1561 cujus
1634 1498 1793 1547 anime
1828 1497 1996 1547 Omni-

207 1585 381 1648 potens
404 1597 490 1648 sua
511 1581 688 1646 pietate
710 1580 933 1628 misereri
953 1581 1194 1645 dignetur.
1217 1583 1372 1629 Amen
1398 1580 1478 1647 (3).

276 1667 380 1724 Quo
405 1665 653 1724 defunctO,
677 1667 909 1713 venerunt
929 1664 990 1713 ad
1015 1664 1242 1728 palatium
1271 1665 1659 1714 reverendissimi
1685 1667 1867 1716 domini
1897 1683 1999 1716 car-

206 1749 390 1799 dinales
409 1749 458 1797 in
475 1749 602 1798 Urbe
619 1751 870 1813 presentes
893 1763 1080 1808 omnes,
1106 1753 1155 1798 et
1173 1765 1262 1813 per
1279 1765 1540 1809 cameram,
1562 1750 1612 1798 in
1626 1766 1720 1814 qua
1740 1751 1996 1801 defunctus

201 1815 396 1900 jacebat
415 1849 561 1899 supra
578 1833 777 1893 lectum,
799 1836 931 1881 veste
953 1833 1158 1896 quadam
1179 1833 1324 1898 longa
1345 1850 1489 1898 supra
1506 1835 1755 1884 camisiam
1783 1835 1994 1896 indutuS,

194 1962 195 1965 Ἰ
254 1971 290 2010 1.
315 1971 416 2010 Elias
435 1971 481 2009 de
504 1968 714 2010 Bourdeille
736 1973 840 2008 entra
860 1969 952 2007 dans
979 1969 1110 2008 l'ordre
1133 1972 1199 2008 des
1226 1970 1353 2009 Freres
1382 1971 1546 2010 Mineurs
1573 1977 1610 2010 et
1635 1974 1690 2011 fut
1715 1974 1928 2023 professeur
1947 1976 1993 2013 de

203 2029 403 2081 theologie.
430 2030 484 2068 La
509 2031 715 2081 reputation
742 2030 786 2067 (18
814 2041 873 2067 ses
899 2034 1024 2068 vertus
1051 2029 1084 2067 18
1106 2030 1264 2080 designa
1289 2043 1335 2068 au
1356 2032 1466 2071 choix
1485 2033 1531 2071 de
1552 2033 1654 2071 Sixte
1675 2033 1724 2071 IV
1744 2045 1837 2082 pour
1857 2033 1890 2070 le
1911 2034 1996 2070 cha-

203 2101 298 2141 peau
323 2091 369 2128 de
394 2089 570 2128 cardinal.
599 2090 629 2128 Il
655 2093 801 2127 mourut
826 2089 906 2127 huit
931 2089 1023 2127 mois
1050 2094 1156 2139 apres
1183 2102 1226 2128 sa
1251 2092 1494 2139 nomination,
1515 2093 1549 2130 le
1568 2094 1592 2131 5
1607 2092 1729 2142 juillet
1751 2094 1856 2139 ¹484,
1879 2098 1916 2131 et
1939 2094 1996 2131 fut

203 2152 344 2189 anteri-6
363 2151 457 2188 dans
473 2149 615 2200 l'eglise
632 2150 677 2187 de
691 2150 822 2187 Tours.
845 2149 956 2199 (Voy.
978 2149 1120 2197 Frizon,
1144 2151 1278 2187 Gallia
1294 2153 1544 2199 Purpuream,
1561 2152 1696 2196 in-fol.,
1716 2153 1821 2198 1638,
1835 2165 1873 2201 p.
1888 2154 1991 2201 530.)

227 2211 290 2248 ·2.
318 2210 367 2247 Le
393 2221 485 2248 mss.
515 2211 584 2248 147
610 2210 655 2247 de
681 2209 717 2246 la
742 2209 832 2248 bibl.
861 2213 936 2246 nat.
966 2209 1010 2246 de
1042 2209 1215 2247 Florence
1248 2211 1370 2259 (fonds
1407 2212 1668 2260 Magliabechi)
1696 2212 1818 2249 donne
1842 2215 1922 2249 tout
1955 2224 1997 2249 ce

206 2269 271 2320 qui
294 2269 464 2319 precede.
489 2269 654 2318 J‘ignore
678 2281 772 2318 pour
796 2268 915 2318 quelle
941 2269 1065 2306 raison
1090 2270 1142 2307 M.
1171 2270 1479 2319 Gennarellhqui
1506 2282 1527 2307 a
1554 2270 1650 2308 suivi
1669 2283 1713 2308 ce.
1731 2283 1821 2308 mss.
1848 2281 1942 2319 pour
1960 2270 1996 2307 la

200 2328 427 2380 publication
447 2329 497 2366 du
518 2333 617 2366 texte
638 2329 682 2366 de
710 2328 899 2366 Burchard
920 2330 1020 2372 (Joh.
1047 2330 1270 2366 Bam-ohardi
1296 2331 1497 2377 Diarium,
1518 2330 1727 2376 Florentiae,
1750 2331 1842 2369 1852
1869 2332 1994 2382 [1484-

203 2389 343 2439 149‘21),
363 2400 410 2426 ne
429 2401 638 2427 commence
658 2388 693 2426 18
710 2387 864 2426 Journal
884 2388 968 2437 qu'a
987 2387 1023 2425 la
1043 2388 1126 2426 date
1146 2389 1195 2426 du
1209 2389 1313 2438 jeudi
1339 2393 1380 2427 12
1400 2395 1501 2429 aout.

246 2447 283 2485 3.
309 2447 415 2485 Voici
434 2447 471 2484 18
496 2447 658 2497 depeche
683 2447 906 2497 qu'Antonio
926 2448 1122 2497 Vespucci,
1145 2450 1411 2488 ambassadeur
1439 2452 1608 2489 florentin
1630 2455 1763 2502 aupres
1790 2452 1838 2490 du
1861 2452 1989 2491 Saint-

119 2509 123 2517 ‘
197 2505 323 2556 Siege,
344 2507 527 2545 adressait
545 2509 567 2544 a
590 2507 750 2545 Laurent
771 2508 815 2544 de
836 2507 992 2546 Medicis
1015 2520 1023 2546 ε

591 2607 609 2626 «
635 2593 848 2641 Maynifico
869 2593 1085 2630 Laurentio
1113 2595 1159 2630 de
1184 2595 1361 2642 Medicis,
1392 2596 1603 2634 Florentie.

248 2685 268 2705 κ
294 2669 492 2720 Magnifice
510 2670 579 2716 vir,
601 2674 670 2708 etc.
694 2671 735 2707 In
756 2675 886 2720 questo
906 2675 1034 2720 punto,
1057 2671 1122 2708 che
1141 2672 1256 2710 siamo
1276 2685 1298 2710 a
1317 2673 1405 2711 hore
1424 2673 1470 2720 V,
1493 2678 1511 2711 e
1532 2677 1683 2723 passato
1705 2674 1742 2711 di
1763 2677 1895 2724 questa
1915 2674 1990 2711 vita

199 2728 237 2766 la
255 2732 362 2767 santa
380 2729 555 2768 memoria
580 2730 617 2766 di
643 2731 746 2779 Papa
775 2730 893 2777 Sixto,
922 2730 957 2768 al
982 2731 1089 2780 quale
1119 2732 1186 2770 Dio
1212 2733 1350 2770 habbia
1374 2735 1590 2783 perdonato.
1625 2734 1706 2771 Non
1734 2734 1765 2771 si
1793 2738 1895 2771 sente
1927 2745 1993 2783 per

173 2813 175 2815 ·
198 2790 361 2826 anchora.
385 2788 476 2827 altro
508 2789 744 2828 movimento.
771 2790 814 2827 Di
844 2789 965 2840 quello
1001 2792 1199 2830 succedera
1227 2793 1315 2831 claro
1351 2793 1482 2832 notitia
1505 2806 1526 2831 a
1545 2795 1681 2832 ‘Vostra
1713 2793 1990 2844 Magnificentia

201 2846 274 2886 alla
293 2847 402 2898 quale
420 2849 471 2886 mi
490 2850 746 2887 raccomando.

428 2943 443 2959 «
468 2929 597 2970 Rome,
614 2938 662 2963 xu
677 2930 821 2973 augusti
841 2931 933 2964 1484.

964 2998 981 3018 «
1004 2985 1135 3024 Vester
1154 2987 1422 3028 GumANromos
1442 2991 1637 3037 VESPUCffl,
1658 2991 1749 3027 orat.
1775 3003 1792 3021 »

245 3063 376 3112 (Arch.
399 3063 570 3101 Mediceo
590 3066 761 3101 innanzi
780 3066 812 3101 il
831 3065 1075 3113 Principato‚
1097 3065 1178 3103 filza
1196 3066 1366 3114 XXXIX,
1388 3067 1428 3103 n⁰
1448 3067 1548 3115 320.)

247 3146 298 3184 Le
326 3147 426 3196 Pape
453 3148 540 3185 etait
571 3147 712 3186 malade
740 3149 870 3198 depuis
902 3149 1080 3199 quelques
1106 3151 1199 3188 mois
1232 3152 1327 3201 deja„
1356 3152 1479 3200 quand
1506 3152 1542 3188 la
1571 3149 1737 3188 nouvelle
1765 3149 1809 3184 (18
1836 3147 1872 3184 18
1898 3148 1985 3197 paix

198 3206 326 3254 signee
355 3218 443 3244 sans
471 3219 512 3244 sa
537 3207 793 3256 participation
819 3208 980 3246 accelera
1006 3221 1048 3246 sa
1075 3209 1139 3247 fin.
1161 3210 1255 3260 Voy.
1278 3213 1300 3247 a
1325 3211 1576 3259 1'Appenc1ice,
1606 3217 1646 3245 n⁰
1668 3211 1696 3254 Ι,
1725 3220 1795 3244 une
1822 3207 1982 3256 depeche

198 3266 264 3315 (du
286 3267 329 3302 16
344 3266 442 3315 juin)
463 3267 508 3304 de
528 3267 708 3316 Vespucci
734 3270 755 3305 a
775 3263 935 3306 Laurent
960 3269 1005 3306 de
1030 3269 1197 3316 Medicis,
1226 3271 1318 3307 dans
1345 3271 1502 3319 laquelle
1528 3270 1553 3305 il
1580 3269 1630 3305 lui
1658 3279 1823 3305 annonce
1850 3279 1921 3316 que
1949 3267 1982 3304 le

197 3325 298 3374 Pape
318 3326 440 3363 devait
458 3327 595 3364 moui-ir
613 3339 654 3364 ce
674 3331 788 3365 meme
815 3329 923 3372 mois,
945 3341 991 3366 au
1012 3329 1088 3366 dire
1115 3330 1180 3367 des
1206 3330 1451 3378 astrologues.
1472 3330 1567 3378 Voy.
1591 3328 1693 3366 aussi
1719 3328 1772 3366 les
1798 3328 1979 3377 depeches

197 3384 247 3420 du
268 3385 313 3421 12
333 3388 420 3421 aout
444 3385 488 3421 de
515 3384 805 3424 l'ambassadeur
829 3388 998 3427 florentin
1024 3402 1096 3427 aux
1120 3391 1154 3426 X
1181 3391 1216 3427 di
1244 3390 1349 3427 Balia
1376 3391 1449 3437 (nos
1469 3391 1492 3425 2
1518 3394 1553 3426 et
1572 3390 1624 3436 3),
1646 3389 1776 3427 ecrites
1803 3387 1982 3438 quelques

195 3443 326 3481 heures
347 3448 457 3482 avant
484 3444 519 3482 18
538 3449 631 3483 mort
650 3447 699 3484 du
720 3448 835 3496 Pape,
857 3453 893 3486 et
911 3449 1053 3498 pleines
1075 3452 1119 3487 de
1141 3450 1270 3486 details
1293 3450 1457 3488 curieux.
