2262 3958
128 310 208 355 [Mai
227 309 317 352 149⁰]
575 307 745 345 RERUM
776 307 1082 345 URBANARUM
1115 307 1467 345 COMMENTARII.
1842 308 1913 345 409

122 429 310 476 omnes,
340 413 511 463 ordine
531 413 749 478 predicto
776 412 887 461 dato
913 428 1011 460 non
1031 411 1272 471 obstante,
1298 413 1402 462 sine
1427 411 1598 461 ordine
1627 412 1907 477 equitarunt

127 512 316 548 omnes.

184 576 314 631 Jovis
343 585 403 631 13.
422 581 554 642 maii,
582 597 669 646 per
693 586 885 646 portam
912 580 1140 630 Viridarii
1162 583 1460 631 intraverunt
1481 581 1662 631 Urbem
1689 585 1910 630 oratores

121 667 420 717 serenissimi
451 663 755 731 imperatoris
778 668 930 715 nostri
963 667 1246 716 Guillelmus
1274 666 1333 714 de
1355 666 1499 714 Bibra
1522 666 1681 725 mileS,
1711 670 1759 715 et
1782 666 1910 714 Ebe-

120 749 289 800 rardus
345 750 405 800 de
455 751 715 799 Rabestein
773 750 1036 798 canonicus
1095 749 1494 813 Bambergensis‚
1536 749 1910 814 Christophorus

120 834 352 884 Sacchier
386 834 710 883 Blitterzanch
748 833 919 882 doctor
947 838 996 882 et
1027 833 1186 892 mileS,
1228 832 1307 896 qui
1348 832 1444 879 duo
1475 832 1649 890 ultimi,
1683 833 1797 881 licet
1824 848 1913 897 per

115 919 280 984 plures
312 917 417 967 dies
446 917 637 966 fuerant
667 918 716 965 in
743 917 889 975 Urbe,
923 917 1240 965 nihilominus
1278 931 1335 963 ac
1369 916 1408 962 si
1442 915 1501 963 de
1532 931 1656 964 novo
1686 917 1909 965 venirent

116 1001 314 1050 fuerunt
337 999 581 1058 associati,
607 999 694 1047 sed
715 999 763 1046 in
784 999 927 1048 tertio
958 1006 1006 1049 et
1037 1004 1208 1064 quarto
1229 999 1339 1047 loco
1361 998 1587 1048 associati
1610 1000 1903 1063 equitarunt,

117 1084 239 1132 alios
271 1083 393 1132 duos
431 1082 491 1131 de
527 1098 652 1131 novo
686 1083 936 1132 venientes
982 1084 1032 1131 in
1074 1083 1169 1131 hoc
1198 1083 1530 1141 honorantes3
1565 1087 1803 1132 venerunt
1838 1084 1909 1132 eis

115 1167 308 1218 obviam
330 1167 512 1215 familie
538 1169 667 1232 Pape
693 1171 742 1216 et
763 1170 1056 1216 RRmorum.
1086 1169 1188 1215 DD.
1218 1165 1537 1214 cardinalium
1558 1165 1607 1213 in
1630 1166 1756 1215 Urbe
1781 1166 1907 1215 exis-

117 1251 342 1308 tentium,
374 1255 423 1301 et
449 1255 667 1300 oratores
690 1267 861 1315 regum
889 1256 937 1300 et
959 1251 1252 1316 principum,
1279 1249 1505 1298 videlicet
1532 1250 1660 1314 regis
1682 1250 1904 1309 Francie,

116 1335 212 1385 duo
240 1339 457 1384 oratores
488 1335 619 1399 regis
654 1334 1015 1400 Hispaniarum,
1047 1337 1265 1381 oratores
1293 1336 1500 1396 quatuor
1528 1332 1656 1396 regis
1682 1333 1906 1397 Neapoli-

115 1419 235 1479 tani,
267 1422 431 1468 orator
450 1435 576 1467 unus
602 1418 803 1467 dominii
826 1420 1146 1477 Venetorum,
1172 1416 1309 1463 ducis
1324 1415 1584 1465 Mediolani
1606 1433 1747 1476 unus,
1770 1417 1905 1465 ducis

118 1502 334 1552 Ferrarie
371 1506 535 1552 orator
560 1519 704 1562 unuS,
737 1501 1033 1550 marchionis
1066 1503 1263 1549 Mantue
1299 1503 1463 1548 orator
1491 1516 1615 1548 unus
1648 1504 1696 1549 et
1721 1500 1905 1550 Alberti

117 1585 255 1635 ducis
273 1585 473 1634 Bavarie
492 1589 657 1634 orator
675 1602 815 1633 unuS.

183 1669 469 1733 Equitarunt
481 1673 645 1718 autem
657 1669 752 1718 hoc
765 1669 934 1718 ordine
953 1687 962 1718 :
980 1673 1037 1718 D.
1057 1669 1342 1718 Guillelmus
1354 1670 1414 1717 de
1431 1668 1576 1718 Bibra
1586 1668 1713 1718 inter
1727 1669 1900 1734 guber-

114 1755 338 1801 natorem
368 1751 508 1801 Urbis
531 1768 560 1800 a
580 1752 812 1812 dexteriS,
842 1758 890 1802 et
911 1754 1333 1819 archiepiscopum
1359 1754 1695 1803 Arelatensem
1717 1770 1745 1803 a
1767 1754 1906 1803 sinis-

115 1836 221 1897 tris,
244 1839 304 1886 D.
334 1836 610 1886 Eberardus
625 1836 753 1886 inter
770 1837 1052 1902 episcopum
1067 1841 1417 1887 Cortonensem
1430 1836 1671 1901 prelatum
1692 1837 1857 1901 palatii
1876 1854 1911 1887 a.

101 1921 356 1983 ‘dexteri-⁹³,
396 1926 444 1971 et
484 1921 766 1987 episcopum
810 1924 1182 1971 Namurtensem
1219 1925 1465 1970 oratorem
1504 1920 1633 1985 regis
1651 1921 1906 1970 Franciea

117 2005 343 2065 sinistris,
369 2008 426 2054 D.
452 2005 692 2055 Robertus
714 2006 841 2055 inter
866 2007 1150 2071 episcopum
1169 2008 1530 2065 Tornacensem
1550 2021 1578 2053 a
1601 2004 1832 2065 dexteris,
1859 2011 1906 2055 et

114 2089 399 2154 episcopum
420 2091 687 2138 Pacensem
709 2090 921 2154 primum
946 2095 1190 2139 oratorem
1218 2091 1346 2154 regis
1371 2090 1600 2154 Hispanie
1620 2107 1648 2138 a
1669 2091 1903 2143 sinistris:

115 2171 291 2222 deinde
317 2188 441 2221 unus
474 2173 687 2238 prelatus
722 2174 888 2237 palatii
916 2190 945 2223 a
980 2173 1192 2222 dexteris
1220 2178 1268 2223 et
1291 2190 1414 2221 unus
1442 2178 1606 2222 orator
1629 2190 1802 2239 regum
1830 2175 1906 2223 vel

112 2257 389 2323 principum
406 2273 435 2305 a
452 2257 659 2307 sinistris
691 2273 843 2322 usque
866 2257 927 2306 ad
947 2262 1191 2307 oratorem
1214 2257 1510 2306 marchionis
1531 2258 1798 2318 Mantuani,
1824 2258 1903 2322 qui

113 2341 346 2406 equitavit
373 2357 402 2390 a
431 2340 644 2391 dexteris
671 2341 893 2407 ejusdem
915 2342 1267 2407 archiepiscopi
1294 2358 1394 2389 non
1413 2341 1629 2406 palatini,
1661 2346 1709 2390 et
1742 2346 1907 2391 orator

113 2425 248 2474 ducis
265 2426 451 2476 Alberti
470 2431 581 2492 post
605 2442 719 2476 eum
741 2443 769 2474 a
789 2426 1002 2475 dexteris
1030 2425 1246 2490 episcopi
1273 2424 1639 2485 Asculanensis,
1671 2425 1785 2489 quia
1805 2440 1904 2474 non

112 2515 250 2561 erant
269 2511 441 2578 prelati
461 2512 692 2576 palatini;
723 2516 832 2576 post
859 2510 951 2559 hos
979 2511 1257 2574 equitarunt
1284 2509 1364 2557 alii
1391 2509 1564 2574 prelati
1598 2508 1697 2556 bini
1727 2513 1775 2558 et
1802 2509 1902 2557 bini

113 2595 284 2646 ordine
317 2600 554 2644 consueto
587 2611 742 2659 usque
775 2596 836 2644 ad
874 2595 1071 2645 domum
1101 2595 1482 2643 Alemannorum
1513 2598 1643 2643 retro
1674 2610 1901 2658 campum

114 2678 273 2739 Flore,
296 2679 345 2726 in
366 2695 461 2743 qua
479 2678 726 2743 predictus
742 2682 800 2727 D.
821 2679 1106 2728 Guillelmus
1121 2679 1306 2743 primus
1323 2682 1487 2727 orator
1504 2678 1777 2742 hospitatus
1799 2682 1872 2727 est
1889 2696 1899 2735 3

114 2762 290 2812 deinde
312 2762 516 2826 quisque
538 2762 600 2810 ad
620 2762 821 2810 domum
844 2779 981 2810 suam
1005 2767 1077 2811 est
1092 2777 1333 2820 reversus,
1358 2766 1406 2811 et
1427 2762 1573 2810 male.
1588 2762 1734 2812 Venit
1756 2762 1903 2810 etiam

115 2861 226 2894 cum
269 2845 500 2910 predictis
537 2846 809 2894 oratoribus
843 2848 900 2893 D.
938 2845 1164 2894 Nicolaus
1187 2845 1442 2905 Hesulues,
1477 2845 1739 2893 canonicus
1762 2845 1903 2892 Colo-

113 2929 297 2978 niensis
319 2932 374 2977 R.
401 2932 458 2977 D.
481 2928 836 2993 archiepiscopi
858 2928 1158 2977 Coloniensis
1179 2935 1345 2979 orator
1368 2947 1378 2978 :
1402 2929 1490 2978 sed
1504 2945 1602 2978 non
1625 2929 1731 2987 suit,
1754 2932 1805 2976 ut
1822 2928 1903 2976 alii

114 3017 350 3074 oratoreS,
386 3012 674 3071 honoratuS,
706 3012 810 3076 ipso
840 3028 938 3060 non
968 3018 1185 3062 curante.

179 3097 312 3157 Heri,
342 3099 399 3144 12
420 3096 581 3161 hujus,
606 3096 671 3144 fui
699 3112 811 3144 cum
846 3099 985 3145 Rmo.
1016 3099 1073 3145 D.
1105 3096 1350 3145 cardinale
1379 3113 1418 3145 s.
1452 3097 1603 3145 Marci
1635 3096 1694 3144 ad
1724 3094 1903 3144 intelli-

113 3180 324 3246 gendum
367 3197 395 3229 a
434 3183 490 3228 R.
530 3180 860 3230 dominatione
902 3198 989 3230 sua
1032 3181 1343 3240 sententiam,
1381 3197 1443 3229 an
1483 3185 1700 3229 oratores
1738 3179 1903 3243 scripti

113 3267 276 3312 essent
294 3263 464 3312 ordine
485 3269 718 3314 consueto
740 3265 1007 3330 recipiendi
1029 3269 1076 3315 et
1095 3264 1368 3313 honorandi
1387 3282 1396 3311 :
1418 3264 1582 3313 retulit
1597 3263 1716 3310 mihi
1736 3263 1904 3312 Domi-

112 3349 244 3399 natio
265 3366 352 3398 sua
373 3365 475 3398 rem
496 3366 549 3400 se
569 3351 745 3400 vidisse
768 3355 987 3416 tempore
1015 3349 1170 3399 felicis
1194 3347 1542 3397 recordationis
1574 3347 1756 3397 Nicolai
1777 3362 1901 3412 pape

113 3433 283 3501 quinti,
308 3425 420 3485 cum
441 3435 680 3484 Sanctitas
702 3451 788 3486 sua
807 3439 1026 3485 vocasset
1054 3438 1271 3484 oratores
1298 3432 1827 3483 dominii·Venetorum
1853 3436 1902 3483 et
