2262 3958
231 254 338 300 [Avril
359 254 450 296 1484]
684 249 853 287 RERUM
880 247 1185 286 URBANARUM
1213 246 1565 285 COMMENTARII.
1999 255 2021 289 7

226 356 454 408 bonensis
494 353 754 419 vulgariter
797 356 1129 415 nuncupatuS,
1180 350 1312 398 Italie
1368 355 1416 398 et
1455 351 1770 400 Venetiarum
1810 354 2014 416 legatuS‚

225 459 285 493 ex
314 444 501 492 secreto
519 437 815 514 ‘consistorio
843 452 930 501 per
963 436 1224 499 collegium
1253 439 1544 484 RRmorum.
1579 438 1679 484 DD.
1717 437 2016 486 cardinalum

224 540 378 590 usque
410 529 546 574 extra
572 527 766 588 portam
801 523 942 570 beate
970 518 1119 567 Marie
1158 519 1217 568 de
1251 520 1434 584 Populo
1471 520 1753 581 associatuS,
1784 526 1833 569 ut
1868 523 2015 572 moris

223 613 315 670 est,
334 609 427 659 iter
447 607 667 674 arripuit,
691 605 921 657 Venetias
942 603 1115 651 iturus.

288 693 427 744 Feria
453 693 611 754 tertia,
645 695 705 742 30
736 688 918 738 mensis
945 686 1121 747 martii,
1154 680 1203 735 in
1237 687 1424 751 capella
1453 689 1639 753 majore
1667 690 1847 757 palatii,
1877 694 1932 740 R.
1962 694 2012 740 P.

222 782 278 829 D.
306 778 554 842 Philippus
585 775 841 841 episcopus
880 770 1094 819 Ariensis
1129 769 1387 819 celebravit
1422 772 1620 820 missam
1653 773 1897 837 publicam
1928 775 2013 824 de-

220 864 499 913 functorum
540 861 679 925 juxta
722 872 912 906 morem
965 854 1150 920 capelle
1200 859 1364 903 nostre
1404 870 1492 919 pro
1541 856 1703 904 anima
1742 857 1867 905 bone
1908 873 2012 906 me-

217 946 370 996 morie
400 943 643 995 Theodori
684 942 758 1009 (1)
791 940 1053 991 cardinalis
1078 939 1425 990 Montisferrati
1453 939 1716 1003 vulgariter
1748 945 2011 1005 nuncupati

216 1031 297 1096 qui
333 1046 506 1096 nuper,
544 1033 678 1078 extra
716 1042 969 1077 romanam
1004 1025 1191 1074 curiam
1228 1028 1277 1072 et
1311 1023 1359 1071 in
1397 1024 1633 1088 partibus,
1672 1025 1800 1073 diem
1838 1027 2010 1077 clausit

215 1119 508 1174 extremum,
533 1118 581 1163 et
609 1117 718 1179 post
739 1112 956 1172 missam,
990 1110 1209 1170 absolvit,
1246 1114 1298 1157 ut
1324 1108 1473 1157 moris
1506 1113 1596 1170 est,
1627 1111 1756 1175 Papa
1782 1117 2008 1175 presente

214 1204 263 1250 et
279 1199 447 1266 paucis
466 1197 791 1248 cardinalibus
812 1196 1136 1261 presentibus,

263 1284 518 1335 Dominica
540 1284 830 1348 palmarum,
850 1285 1016 1330 Rmus.
1034 1283 1092 1329 D.
1107 1282 1131 1328 J
1136 1281 1353 1330 ohannes
1371 1280 1490 1328 tituli
1508 1297 1546 1328 s.
1565 1279 1740 1329 Cecilie
1756 1281 2009 1347 presbyter

213 1368 468 1418 cardinalis
490 1365 812 1415 Amalfitanus
835 1363 1095 1428 vulgariter
1120 1369 1448 1428 nuncupatus,
1470 1370 1666 1429 paratus
1685 1381 1821 1414 more
1842 1366 2002 1426 solito,

213 1451 458 1502 benedixit
476 1451 659 1516 palmas
689 1449 776 1515 (2);
805 1447 980 1498 deinde
1009 1451 1140 1496 stans
1168 1447 1272 1496 sine
1299 1448 1442 1496 mitra
1469 1454 1581 1497 ante
1606 1449 1820 1498 medium
1843 1449 2004 1497 altaris

213 1535 346 1586 dedit
369 1535 571 1600 palmas,
598 1534 755 1598 primo
782 1532 1105 1582 cardinalibus
1136 1533 1239 1581 sine
1264 1533 1580 1597 paramentis,
1609 1533 1690 1596 qui
1713 1534 2002 1597 recipientes

210 1622 396 1685 palmas
423 1620 483 1668 de
510 1610 734 1667 manibus
757 1618 901 1678 illiue,
932 1617 1176 1666 faciebant
1203 1632 1259 1665 ac
1292 1617 1332 1665 si
1365 1633 1564 1665 manum
1599 1617 1868 1666 deosculari
1902 1619 2002 1667 vel-

207 1702 327 1764 lent,
363 1702 443 1752 ille
469 1717 600 1762 vero,
626 1718 827 1750 manum
856 1701 1110 1750 retrahens
1141 1704 1187 1749 et
1225 1700 1498 1761 subridens,
1535 1716 1634 1749 non
1664 1701 1883 1764 permisit
1911 1702 1999 1749 sibi

208 1803 408 1838 manum
431 1786 703 1837 exosculari
729 1802 739 1834 ε
762 1784 884 1834 datis
907 1783 1078 1848 palmis
1104 1782 1448 1845 cardinalibUS,
1478 1785 1602 1834 sedit
1622 1785 1668 1832 in
1697 1785 1871 1834 eodem
1890 1786 1997 1834 loco

206 1873 257 1922 in
277 1872 564 1934 faldistoriO,
590 1876 790 1936 accepta
817 1870 976 1931 mitra,
1006 1874 1053 1918 et
1080 1870 1321 1919 distribuit
1341 1871 1526 1934 palmas
1553 1870 1750 1935 prelatis
1784 1888 1793 1917 :
1826 1875 1872 1917 et
1906 1870 1998 1919 alia

204 1972 342 2008 more
378 1959 538 2008 solito.
577 1961 699 2008 Tum
744 1956 1188 2024 processionaliter,
1238 1956 1464 2006 omnibus
1500 1956 1697 2020 paratiS,
1740 1956 1869 2005 venit
1910 1972 1997 2020 per

203 2041 364 2091 aulam
390 2059 619 2108 magnam
651 2044 713 2092 ad
742 2043 907 2093 locum
934 2043 1212 2092 ordinatum
1240 2041 1321 2090 ubi
1346 2041 1552 2105 projecit
1578 2040 1763 2105 palmas
1791 2041 1989 2105 populo,

204 2126 362 2176 Rediit
381 2127 557 2177 deinde
581 2128 644 2177 ad
663 2128 918 2193 capellam,
943 2127 1061 2176 dixit
1078 2126 1278 2175 missam
1299 2130 1442 2190 prout
1468 2126 1516 2173 in
1543 2125 1803 2183 ordinario,
1829 2128 1875 2173 et
1894 2139 1990 2173 non

202 2207 292 2258 fuit
312 2225 490 2260 sermo.
516 2213 647 2276 Papa
663 2228 762 2261 non
779 2211 1011 2260 interfuit.
1512 2271 1515 2274 ῃ

268 2295 407 2345 Feria
434 2300 607 2360 quarta
633 2297 833 2361 majoris
857 2294 1165 2345 hebdomade
1190 2295 1389 2343 fuerunt
1412 2293 1647 2342 matutine
1678 2293 1988 2343 tenebrarum

198 2378 249 2428 in
270 2379 456 2445 capella
476 2381 664 2446 maj0re
686 2380 866 2446 palatii,
901 2383 1032 2445 Papa
1055 2380 1278 2440 absente,
1308 2378 1633 2428 cardinalibus
1657 2377 1982 2443 presentibuS,

195 2462 246 2511 in
268 2464 442 2528 quibus
464 2465 628 2514 omnia
646 2469 832 2515 servata
853 2469 964 2513 sunt
981 2470 1125 2530 prout
1146 2465 1195 2512 in
1214 2464 1546 2513 ceremoniali.

263 2549 404 2600 Feria
435 2549 604 2614 quinta
629 2549 679 2598 in
704 2553 835 2599 Cena
864 2550 1075 2610 Domini,
1113 2553 1278 2599 RmuS.
1315 2552 1371 2597 D.
1412 2549 1837 2598 vicecancellarius
1869 2547 1984 2596 fecit

195 2632 411 2683 officium
432 2633 481 2682 in
503 2635 687 2699 capella
707 2636 893 2699 majore
915 2635 1150 2700 predicta,
1175 2637 1303 2699 Papa
1324 2635 1542 2693 absente,
1569 2638 1634 2693 et,
1659 2633 1793 2681 finita
1814 2633 1978 2690 missa,

191 2718 395 2782 portavit
415 2722 771 2767 sacramentum
798 2720 857 2767 de
886 2714 1069 2783 majore
1098 2719 1157 2767 ad
1184 2719 1423 2767 minorem
1452 2719 1686 2782 capellam
1715 2718 1801 2765 sub
1823 2717 1980 2764 balda-

192 2801 361 2859 chino,
393 2802 714 2852 cardinalibus
743 2807 790 2852 et
816 2804 1012 2867 prelatis
1039 2803 1245 2867 paratis,
1276 2803 1432 2868 ipsum
1466 2802 1838 2867 precedentibus
1871 2817 1978 2865 pro-

190 2884 541 2953 cessionaliter,
564 2902 651 2950 pro
672 2887 749 2935 die
771 2888 980 2936 crastina
1001 2887 1400 2946 conservandum,
1425 2903 1519 2951 quo
1542 2888 1719 2935 ibidem
1743 2886 1972 2950 reposito,

236 3046 270 3083 1.
299 3046 488 3084 Theodore
515 3045 754 3095 Paleologue,
775 3046 833 3084 fils
855 3048 903 3084 du
924 3048 1087 3096 marquis
1116 3048 1161 3085 de
1187 3049 1413 3094 Montserrat,
1437 3050 1516 3085 eree
1543 3047 1704 3084 cardinal
1728 3057 1791 3094 par
1812 3044 1903 3080 Paul
1925 3045 1970 3090 ΙΙ,

184 3103 218 3142 le
240 3107 284 3142 18
305 3106 509 3154 septembre
531 3107 636 3153 1467,
658 3111 804 3144 mourut
832 3107 864 3144 le
884 3109 924 3144 21
946 3108 1090 3157 janvier
1114 3111 1215 3146 1484.
1237 3109 1331 3157 Voy.
1356 3108 1545 3145 Cmcoxirs
1569 3120 1575 3144 :
1607 3107 1699 3143 Vitce
1719 3111 1753 3142 et
1779 3117 1839 3140 res
1858 3110 1972 3150 qestae

187 3166 306 3202 Pont.
332 3167 445 3204 Rom.
469 3173 504 3202 ec
522 3168 647 3213 card„
662 3171 689 3204 t.
713 3167 778 3213 Ill,
800 3167 869 3204 col.
892 3169 951 3206 90.
974 3168 1161 3206 CARDELLA
1185 3181 1192 3206 :
1216 3169 1389 3206 Memorie
1417 3168 1574 3206 storiche
1596 3167 1649 3202 de’
1672 3158 1864 3211 cardinali,
1882 3168 1967 3211 cte„

182 3224 291 3268 t.111,
312 3236 349 3272 p.
375 3227 455 3272 175,
474 3230 542 3264 etc.

229 3286 265 3321 2.
296 3284 394 3322 Tous
427 3285 480 3324 les
513 3288 734 3326 manuscrits
762 3289 925 3326 donnent
961 3290 1122 3326 candela
1149 3302 1195 3326 au
1231 3289 1303 3326 lieu
1336 3289 1380 3325 de
1400 3289 1554 3335 palma.
1586 3287 1685 3323 Dans
1707 3285 1738 3322 le
1766 3286 1967 3324 manuscrit

182 3344 227 3380 de
247 3343 419 3382 Florence
441 3347 552 3395 (147),
572 3347 637 3385 fol.
657 3350 694 3394 5,
716 3352 814 3386 recto
834 3353 871 3387 et
889 3361 1010 3395 verso,
1032 3349 1064 3386 le
1086 3354 1160 3386 mot
1181 3350 1344 3386 candela
1366 3352 1422 3385 est
1442 3348 1545 3384 barre
1566 3350 1602 3383 et
1622 3346 1800 3396 remplace
1821 3350 1965 3396 partout

180 3415 247 3452 par
259 3405 415 3451 palma,
437 3405 590 3443 ecriture
610 3408 659 3444 du
680 3412 799 3458 temps
818 3409 879 3457 (fin
900 3410 949 3446 du
970 3415 1061 3446 ΧνιιΘ
1081 3408 1217 3456 siecle).
