2262 3958
381 305 453 344 300
987 305 1005 342 J
1011 305 1219 343 OHANNIS
1251 305 1543 353 BURCHARDI,
1928 309 2034 351 [Avril
2053 310 2144 352 1488]

449 408 712 466 Dominica,
744 410 771 454 6
800 407 979 455 mensis
1006 407 1184 470 aprilis,
1209 407 1387 456 festum
1418 410 1781 459 resurrectIOnis
1809 414 1864 460 D.
1895 413 1936 459 J.
1972 410 2144 460 Christi

380 492 632 541 Salvatoris
653 490 822 548 nostri,
849 491 933 538 SS.
959 493 1016 539 D.
1040 493 1096 539 N.
1123 491 1250 539 circa
1271 490 1442 539 horam
1470 492 1773 542 undecimam
1795 499 1988 558 paratus
2010 509 2156 557 more,

380 578 610 624 consueto
630 576 676 621 et
691 588 891 636 regnum
912 573 959 621 in
981 574 1135 637 capite
1150 573 1351 634 habens,
1375 574 1504 622 venit
1524 575 1583 622 ad
1598 575 1852 625 ecclesiam
1873 577 2144 641 processio-

377 658 567 715 naliter,
590 655 813 704 omnibus
841 657 1035 720 prelatis
1066 662 1112 706 et
1143 657 1460 706 cardinalibus
1484 657 1661 720 paratis
1692 658 1850 722 ipsum
1877 640 2143 723 preceden-

377 740 504 787 tibus
529 757 538 787 :
563 739 612 786 in
634 738 839 798 ecclesia
858 739 984 788 facta
1003 744 1075 788 est
1093 740 1182 788 sibi
1203 739 1470 788 reverentia
1497 756 1524 788 a
1545 740 1864 789 cardinalibus
1885 745 1933 789 et
1949 742 2143 805 prelatis

376 837 511 870 more
537 825 790 879 consuet03
815 821 987 870 deinde
1010 822 1136 871 dicta
1157 826 1229 870 est
1253 822 1394 870 tertia
1415 826 1462 870 et
1490 825 1619 886 Papa
1653 823 1839 887 accepit
1864 828 2146 887 paramenta

378 920 511 954 more
539 909 789 954 consueto,
821 908 986 953 Rmus.
1021 907 1077 953 D.
1107 905 1359 953 cardinalis
1397 921 1435 953 S.
1474 906 1664 969 Georgii
1701 907 1992 955 camerarius
2028 907 2145 956 dixit

379 988 676 1052 evangelium
711 987 930 1047 latinum,
967 990 1024 1036 D.
1070 988 1310 1037 Mattheus
1360 988 1475 1037 Cibo
1527 989 1851 1038 subdiaconus
1895 990 2146 1054 epistolam

377 1071 592 1119 latinam.
634 1071 937 1134 Evangelium
972 1071 1020 1118 in
1053 1086 1198 1135 greco
1238 1071 1354 1119 dixit
1387 1073 1443 1119 D.
1483 1071 1731 1121 Johannes
1769 1072 2052 1121 Laurentius
2085 1073 2144 1121 de

378 1153 611 1213 Venetiis,
648 1153 935 1202 secretarius
972 1156 1096 1217 Pape
1139 1158 1185 1202 et
1228 1153 1478 1217 epistolam
1524 1171 1717 1219 grecam
1767 1159 1825 1204 D.
1874 1156 2146 1206 Demetrius

378 1236 692 1285 beneficiatus
713 1236 861 1300 ipsius
883 1236 1077 1285 basilice
1103 1236 1332 1304 principis
1353 1238 1681 1301 apostolorum
1703 1239 1760 1286 de
1784 1239 1910 1288 Urbe
1935 1256 1946 1288 z
1971 1255 2146 1303 aquam

379 1334 466 1383 pro
491 1318 672 1367 lotione
702 1334 932 1367 manuum
969 1319 1210 1383 pontificis
1240 1324 1494 1383 portarunt
1516 1337 1525 1368 :
1547 1321 1722 1384 primo,
1755 1326 1918 1370 orator
1945 1322 2144 1371 Floren-

379 1401 531 1460 tinus;
557 1401 787 1460 secundo,
811 1401 992 1465 primus
1015 1406 1176 1451 orator
1197 1402 1394 1450 dominii
1410 1405 1731 1462 Venetorum;
1762 1403 1924 1463 tertio,
1947 1405 2005 1452 D.
2027 1405 2145 1452 Ber-

380 1485 556 1533 nardus
584 1484 642 1532 de
672 1484 904 1544 Polhaim,
941 1490 1102 1534 orator
1129 1484 1422 1534 serenissimi
1448 1486 1575 1549 regis
1596 1485 1926 1544 Maximiliani;
1951 1491 2140 1550 quarte,

380 1568 641 1631 imperator
661 1566 1222 1630 constantinopolitanus,
1249 1561 1333 1615 SS.
1363 1569 1420 1615 D.
1447 1569 1503 1615 N.
1525 1567 1895 1616 communicavit
1914 1568 2143 1617 diaconos

380 1651 648 1700 cardinales
693 1655 788 1700 tres
832 1650 1054 1698 videlicet
1099 1650 1365 1699 Senensem
1404 1654 1451 1700 et
1494 1650 1728 1714 quosdam
1782 1651 1919 1711 alios,
1969 1651 2141 1700 deinde

380 1737 613 1792 oratoreS‚
647 1737 768 1791 etc.;
803 1738 849 1781 et
878 1748 989 1782 cum
1018 1748 1265 1782 vocassem
1289 1736 1391 1781 DD.
1428 1734 1726 1782 Bernardum
1760 1735 1818 1783 de
1853 1733 2071 1783 Polhaim
2097 1739 2146 1783 et

381 1813 639 1877 Georgium
665 1813 723 1861 de
745 1816 893 1862 Turre
920 1817 1136 1862 oratores
1163 1814 1455 1862 serenissimi
1481 1814 1790 1864 Maximiliani
1817 1819 2145 1872 Romanorum

379 1896 523 1959 regis,
559 1895 609 1943 in
641 1911 728 1944 suo
768 1896 935 1944 ordine
975 1898 1420 1956 communicandos,
1461 1898 1820 1961 protonotarius
1860 1899 1918 1947 de
1954 1899 2147 1948 Medina

378 1983 541 2027 orator
553 1979 680 2043 regis
703 1979 927 2043 Hispanie
951 1979 1030 2042 qui
1050 1995 1101 2028 se
1123 1980 1266 2028 etiam
1281 1980 1342 2028 ad
1362 1980 1752 2030 communionem
1773 1997 1824 2031 se
1845 1982 2144 2046 disposuerat

375 2077 454 2110 me
474 2061 683 2125 primum
705 2061 1029 2124 reprehendit,
1054 2061 1219 2110 dicens
1249 2078 1326 2110 me
1354 2063 1510 2126 ipsum
1542 2062 1673 2127 prius
1698 2063 1920 2112 debuisse
1948 2079 2142 2114 vocasse

376 2161 486 2193 cum
508 2145 636 2193 idem
655 2143 1006 2193 Maximilianus
1034 2145 1249 2193 nondum
1275 2145 1334 2194 ab
1365 2146 1580 2194 Ecclesia
1607 2161 1805 2195 romana
1832 2145 2144 2203 confirmatus

377 2232 503 2278 esset
536 2234 584 2277 et
609 2234 867 2293 propterea
897 2229 1053 2293 ipsum
1080 2245 1166 2293 pro
1201 2244 1315 2293 rege
1346 2244 1441 2276 non
1474 2230 1672 2278 habere.
1713 2229 1955 2293 Respondi
1987 2229 2144 2278 eidem

376 2316 589 2361 oratores
610 2312 851 2376 predictos
872 2315 1099 2375 tanquam
1122 2315 1447 2360 Romanorum
1475 2312 1602 2376 regis
1628 2328 1714 2376 per
1741 2315 1917 2375 Papam
1939 2314 1985 2360 et
2005 2311 2147 2363 collar

376 2395 505 2459 gium
521 2401 742 2459 receptos
773 2399 820 2444 et
846 2394 1081 2443 admissos
1115 2399 1163 2443 et
1190 2399 1445 2459 propterea
1472 2411 1559 2459 pro
1593 2395 1764 2444 talibus
1797 2394 1964 2442 haberi
1986 2398 2034 2444 et
2054 2394 2146 2455 alia

376 2494 469 2541 que
491 2478 827 2541 respondenda
847 2482 983 2525 erant
1005 2494 1014 2525 :
1038 2493 1096 2525 ex
1117 2493 1210 2540 quo
1244 2478 1422 2525 sactum
1441 2482 1513 2526 est
1531 2494 1590 2526 ne
1613 2479 1765 2527 dictus
1787 2478 2144 2542 protonotarius

375 2561 571 2624 prefatis
598 2560 867 2609 oratoribus
896 2560 1070 2609 cedere
1098 2560 1355 2621 videretur,
1385 2561 1531 2609 voluit
1563 2561 1722 2625 potius
1752 2561 2144 2610 communionem

377 2643 648 2703 obmittere,
670 2647 718 2692 et
740 2659 838 2691 non
865 2643 951 2691 fuit
979 2643 1376 2692 communicatus,
1408 2646 1635 2693 Preterea
1663 2647 1720 2693 D.
1751 2645 1924 2692 Paulus
1954 2647 2147 2692 senator

378 2726 518 2776 Urbis
550 2727 630 2790 qui
662 2730 771 2791 post
802 2726 1044 2790 predictos
1077 2730 1289 2777 oratores
1321 2730 1644 2775 Romanorum
1673 2727 1797 2791 regis
1831 2727 1893 2776 ad
1926 2742 2146 2776 commu-

378 2810 573 2859 nionem
605 2810 750 2869 venit,
787 2825 895 2858 cum
929 2809 1261 2858 descendisset
1287 2810 1345 2857 de
1371 2810 1480 2858 loco
1509 2826 1595 2858 suo
1634 2825 1722 2874 per
1753 2810 1928 2874 gradus
1958 2810 2062 2858 solii
2096 2813 2146 2858 ut

378 2893 693 2942 reverentiam
715 2893 925 2941 debitam
957 2893 1137 2942 faceret
1163 2893 1395 2957 pontifici,
1427 2893 1508 2941 ivit
1535 2895 1684 2957 usqne
1711 2893 1771 2942 ad
1792 2893 1936 2941 altare
1959 2892 2040 2940 ubi
2061 2907 2147 2955 per

379 2977 659 3041 episcopum
704 2976 979 3024 Pientinum
1022 2981 1071 3025 et
1114 2976 1372 3024 diaconum
1423 2990 1621 3039 grecum
1661 2973 1740 3037 qui
1783 2972 2146 3022 communicatis

376 3059 538 3107 vinum
555 3073 642 3123 pro
664 3058 994 3122 purificatIOne
1013 3058 1332 3117 ministrabat,
1363 3057 1669 3106 credentibus
1693 3057 1850 3120 ipsum
1870 3060 2144 3104 senatorem

380 3141 785 3199 communicatum
819 3157 944 3200 esse,
980 3142 1022 3190 ei
1059 3141 1219 3190 vinum
1252 3156 1310 3188 ex
1330 3140 1478 3188 calice
1500 3139 1796 3203 prebuerunt
1822 3154 1910 3202 pro
1931 3139 2150 3203 purifica-

381 3223 509 3271 tione
543 3227 589 3271 et
622 3223 700 3271 ille
722 3222 857 3282 bibit,
894 3223 1067 3272 deinde
1103 3223 1163 3270 ad
1191 3221 1582 3270 communionem
1613 3221 1889 3270 immediate
1918 3222 1976 3270 ad
1996 3222 2150 3285 ponti-

383 3305 524 3354 ficem
540 3306 771 3354 ascendit.
798 3308 856 3353 D.
882 3306 1136 3369 episcopus
1158 3304 1417 3353 Aleriensis
1433 3303 1513 3367 qui
1535 3305 1692 3369 ipsum
1707 3304 1884 3353 bibisse
1904 3304 2018 3353 vidit
2034 3304 2150 3352 dixit

384 3404 495 3436 eum
529 3389 922 3438 communionem
959 3404 1148 3437 sumere
1186 3404 1282 3436 non
1312 3389 1488 3436 debere
1519 3402 1628 3435 cum
1665 3387 1884 3444 bibisset3
1924 3386 2008 3435 sed
2038 3386 2146 3449 quia
