2262 3958
381 360 451 395 462
987 359 1220 396 JOHANNIS
1255 359 1548 407 BURCHARDL
1574 360 1579 365 ·
1928 367 2033 408 [Avrn
2055 367 2145 409 1492]

450 462 588 511 Feria
623 467 773 521 sexta,
819 465 874 510 13
915 461 1028 509 dicti
1070 461 1250 509 mensis
1280 461 1462 525 apriliS,
1510 462 1639 511 circa
1665 465 1836 516 horam
1870 470 2147 533 vigesimam

380 545 602 609 primam,
626 561 713 609 per
738 548 927 608 portam
950 544 1173 594 Viridarii
1200 545 1270 592 lll.
1307 545 1538 594 Hercules
1577 546 1672 593 dux
1694 550 1909 600 Ferrarie
1936 553 2064 601 venit
2089 553 2148 600 ad

380 630 582 688 Urbem3
622 630 757 693 cujus
802 628 1056 676 adventum
1095 630 1180 676 SS.
1223 633 1280 677 D.
1314 633 1368 679 N.
1407 644 1563 692 nuper
1604 630 1894 694 intelligens,
1937 634 2066 682 misit
2102 634 2146 683 ei

381 713 568 761 obviam
588 729 740 776 usque
759 712 1050 762 Florentiam
1072 717 1119 762 et
1141 714 1269 762 circa
1301 716 1398 761 RR.
1438 717 1530 763 ΡΡ.
1565 716 1665 761 DD.
1692 713 1939 763 Nicolaum
1959 717 2147 766 archie-

377 795 630 859 piscopum
676 796 1028 856 Arelatensem,
1076 798 1325 846 Nicolaum
1377 798 1724 861 Agathensem,
1769 802 1816 846 et
1854 799 2042 848 Celsum
2084 801 2143 850 de

380 878 587 926 Mellinis
607 881 921 928 Feretranum
948 880 1220 944 episcopos,
1252 880 1331 943 qui
1353 885 1660 930 recesserunt
1682 897 1740 929 ex
1767 881 1891 930 Urbe
1916 882 1993 930 die
2016 898 2144 932 mer—

378 962 519 1021 curii,
543 965 570 1008 4
591 961 759 1026 hujus;
784 978 905 1026 quos
925 963 1098 1012 deinde
1120 967 1229 1027 post
1252 964 1415 1027 plures
1434 964 1534 1013 dies
1559 969 1751 1012 secutus
1773 969 1846 1013 est
1867 967 1925 1012 D.
1950 965 2147 1014 Bartho-

378 1045 566 1093 lomeus
596 1047 843 1103 Morenus,
866 1047 1224 1109 protonotarius
1254 1047 1564 1110 apostolicUS,
1590 1048 1729 1096 Urbis
1755 1048 2063 1111 gubernator,
2087 1064 2146 1097 ex
2169 1077 2172 1080 ⁴

378 1128 607 1191 singulari
635 1127 907 1187 affectione,
949 1145 1047 1176 non
1076 1145 1162 1193 per
1195 1131 1278 1177 SS.
1324 1132 1380 1176 D.
1424 1132 1479 1177 N.
1521 1130 1792 1193 specialiter
1830 1130 2024 1190 missus,
2061 1131 2144 1180 sed

378 1216 623 1274 tamquam
646 1211 732 1258 sub
754 1210 966 1258 dominio
987 1211 1102 1259 dicti
1123 1211 1257 1259 ducis
1273 1215 1428 1259 natus.
1455 1212 1575 1260 Huic
1589 1212 1697 1260 duci
1713 1212 1898 1261 obviam
1912 1212 2144 1262 venerunt

376 1309 511 1342 more
545 1292 684 1341 solito
711 1293 890 1342 familie
920 1294 1231 1342 cardinalium
1258 1297 1306 1342 et
1338 1296 1422 1342 SS.
1449 1297 1506 1341 D.
1537 1297 1594 1343 N.
1627 1311 1750 1358 pape
1775 1300 1823 1343 et
1852 1295 1974 1344 sacri
1993 1296 2144 1345 cardi-

376 1377 555 1426 nalium
600 1376 809 1441 collegii.
849 1380 1153 1441 Receperunt
1171 1377 1325 1440 primo
1353 1376 1414 1424 ad
1435 1376 1529 1424 oris
1557 1377 1775 1424 osculum
1795 1377 1969 1427 deinde
2001 1378 2143 1428 verba

377 1464 687 1524 exponenteS‚
713 1475 824 1508 cum
845 1459 1000 1523 ipsum
1021 1459 1148 1508 inter
1166 1476 1218 1507 se
1234 1459 1444 1508 medium
1464 1459 1797 1508 conduxerunt
1808 1459 1869 1507 ad
1889 1462 1974 1508 SS.
1998 1463 2056 1509 Β.
2080 1462 2137 1510 Ν.

375 1560 516 1608 pape,
555 1543 637 1607 qui
671 1559 815 1607 supra
846 1543 1025 1591 lobiam
1060 1543 1221 1607 palatii
1255 1558 1399 1605 supra
1433 1546 1622 1606 portam
1664 1547 1783 1602 erat,
1825 1543 2136 1606 presentiam.

376 1630 505 1691 Papa
542 1627 590 1675 in
626 1626 740 1674 sede
787 1642 872 1674 sua
903 1626 1047 1674 bassa
1075 1626 1360 1686 cremesina,
1395 1626 1444 1673 in
1476 1626 1679 1674 rocheto
1723 1625 1916 1685 sedem,
1960 1627 2143 1691 recepit

376 1710 547 1758 ducem
574 1714 684 1758 ante
718 1725 770 1757 se
801 1710 1106 1774 genuflexum
1144 1709 1300 1774 primo
1340 1709 1400 1757 ad
1432 1709 1570 1773 pedis
1603 1709 1839 1770 osculum,
1875 1709 2050 1758 deinde
2081 1709 2143 1758 ad

376 1809 564 1851 manus,
602 1797 767 1841 sancte
798 1793 1050 1841 Anastasie
1085 1797 1132 1842 et
1159 1793 1332 1841 Ursino
1360 1792 1682 1840 cardinalibus
1705 1792 2026 1856 presentibus,
2058 1792 2139 1856 qui

375 1892 484 1923 cum
501 1876 728 1939 pontifice
755 1880 891 1924 erant
908 1892 1003 1923 una
1026 1891 1133 1923 cum
1159 1878 1495 1924 Beneventano
1516 1879 1564 1923 et
1580 1875 1786 1923 Ascanio
1798 1875 2136 1935 cardinalibus,

375 1958 454 2021 qui
486 1957 663 2006 ibidem
707 1959 932 2006 eumdem
969 1958 1141 2006 ducem
1182 1958 1454 2007 venientem
1491 1957 1645 2024 capite
1685 1958 1930 2011 detectum
1952 1962 2014 2007 ‘et
2048 1958 2139 2023 ipsi

374 2042 575 2090 detectis
598 2041 832 2105 capitibus
851 2041 1166 2088 associarunt.
1191 2041 1414 2089 Mandato
1436 2042 1521 2088 SS.
1544 2043 1596 2087 D.
1631 2043 1686 2088 N.
1711 2041 1872 2088 locum
1899 2040 2009 2089 dedj
2029 2040 2137 2091 duci

373 2124 418 2171 in
437 2124 647 2172 scabello
669 2123 970 2182 cardinalari,
993 2124 1073 2171 ubi
1096 2123 1240 2182 sedit,
1272 2127 1375 2171 tum
1400 2125 1526 2186 Papa
1553 2122 1736 2186 recepit
1766 2123 1827 2170 ad
1845 2123 1983 2186 pedis
2000 2139 2140 2173 oscu—

370 2207 468 2255 lum
490 2207 717 2255 familiam
740 2206 900 2264 ducis3
922 2222 1017 2270 quo
1045 2206 1171 2253 facto
1200 2204 1405 2253 surrexit
1426 2205 1538 2264 dux,
1574 2208 1621 2252 et
1643 2220 1754 2252 cum
1783 2219 1840 2252 eo
1871 2204 2137 2255 cardinales

371 2306 539 2339 omnes
560 2289 780 2354 predicti,
810 2305 1016 2352 quorum
1043 2289 1156 2348 duo,
1187 2288 1413 2336 videlicet
1439 2290 1804 2335 Beneventanus
1832 2291 1880 2335 et
1902 2287 2135 2338 Ascanius

370 2373 527 2437 ipsum
546 2374 604 2421 ab
638 2373 766 2420 illinc
793 2387 943 2435 usque
972 2372 1031 2418 ad
1059 2371 1292 2436 palatium*
1322 2370 1476 2419 sancti
1497 2369 1662 2428 Marci,
1699 2369 1750 2415 in
1777 2384 1873 2432 quo
1902 2369 2136 2434 hospitari

369 2455 573 2512 volebat,
611 2454 736 2502 inter
767 2470 819 2503 se
857 2453 1069 2501 medium
1099 2453 1411 2510 associarunt,
1454 2451 1556 2499 aliis
1596 2451 1783 2499 duobus
1816 2451 2135 2500 cardinalibus

368 2553 478 2586 cum
499 2536 802 2585 sanctissimo
823 2536 1017 2584 domino
1036 2540 1201 2583 nostro
1223 2533 1600 2583 remanentibus.
1947 2597 1955 2605 ι

434 2620 758 2684 Equitavimus
784 2634 872 2684 per
889 2623 1087 2682 pontem
1124 2634 1161 2665 s.
1192 2617 1381 2681 Angeli,
1416 2632 1640 2680 campum
1669 2616 1826 2675 Flore,
1851 2615 2048 2664 domum
2075 2615 2134 2664 de

367 2703 585 2751 Maximis
619 2703 680 2751 ad
711 2703 919 2766 plateam
951 2701 1224 2765 principalis
1258 2700 1479 2748 introitus
1514 2699 1573 2747 ad
1607 2698 1863 2746 ecclesiam
1897 2715 1934 2747 s.
1964 2698 2130 2748 Marci.

368 2788 713 2834 Precesserunt
743 2784 920 2832 familie
951 2783 1282 2842 cardinalium,
1312 2782 1486 2831 deinde
1523 2782 1703 2830 familia
1737 2781 1892 2840 ducis,
1921 2781 2134 2830 scutiferi

369 2871 495 2932 Pape
511 2872 559 2917 et
580 2867 786 2927 comitis,
811 2882 980 2916 omnes
1005 2867 1112 2914 laici
1142 2870 1188 2914 et
1217 2881 1314 2913 non
1343 2864 1530 2929 prelati,
1567 2868 1615 2912 et
1642 2864 1848 2912 barones
1875 2863 2059 2911 romani
2086 2868 2134 2912 et

367 2951 520 3011 duciS‚
543 2950 669 2999 inter
689 2965 808 3014 quos
829 2949 983 2998 ultimi
1005 2953 1140 2997 erant
1163 2964 1326 2998 comes
1348 2947 1554 2995 Pitiliani
1576 2946 1853 3010 capitaneus
1869 2946 2086 2995 Ecclesie
2106 2962 2134 2995 a

369 3034 547 3082 dextris
574 3037 621 3082 et
647 3033 929 3081 Franciscus
961 3032 1076 3080 Cibo
1104 3048 1132 3079 a
1164 3030 1385 3079 sinistris.
1427 3033 1540 3077 Post
1575 3029 1747 3077 ducem
1779 3033 1827 3076 et
1863 3028 2129 3076 cardinales

369 3116 642 3180 equitarunt
659 3114 827 3180 prelati
849 3114 1044 3178 palatini
1072 3118 1120 3162 et
1152 3119 1390 3171 oratores3
1428 3117 1529 3159 tum
1560 3112 1638 3160 alii
1670 3127 1805 3160 more
1834 3111 1991 3159 solito.
2024 3113 2129 3159 Dux

328 3182 331 3184 ’
367 3199 551 3246 nullum
572 3198 806 3262 prelatum
828 3213 994 3245 secum
1012 3196 1159 3244 duxit.
1186 3195 1448 3260 Episcopus
1463 3193 1748 3243 Mutinensis
1769 3196 1929 3241 orator
1948 3208 2060 3240 suus
2078 3192 2129 3240 in

369 3281 495 3328 Urbe
519 3280 747 3343 equitavit
766 3280 815 3326 in
837 3279 1002 3327 ordine
1027 3295 1133 3338 suo,
1164 3284 1215 3327 ut
1249 3280 1426 3335 orator,
1455 3292 1565 3324 cum
1594 3276 1696 3324 aliis
1729 3275 1996 3323 oratoribus
2022 3285 2129 3338 pre-

366 3363 490 3410 latis.
515 3365 660 3410 Extra
676 3367 864 3427 portam
885 3362 1045 3425 palatii
1068 3361 1217 3410 sancti
1237 3359 1402 3419 Marci,
1428 3363 1683 3422 antequam
1706 3358 1886 3406 curiam
1908 3346 2120 3415 intraret,

366 3445 504 3492 vertit
527 3460 578 3492 se
600 3449 647 3492 et
675 3445 865 3493 detecto
893 3443 1049 3506 capite
1078 3441 1398 3491 cardinalibus
1429 3441 1604 3504 gratias
1638 3439 1765 3502 egit;
1794 3438 1875 3501 qui
1906 3452 2122 3486 recesse-
