2262 3958
351 341 417 379 106
952 341 1184 380 JOHANNIS
1217 342 1510 393 BURCHARDI,
1777 350 1998 394 [Septembre
2018 352 2110 395 148⁴]

348 443 612 503 videretur3
637 460 692 492 ao
713 444 883 494 deinde
903 445 1168 494 cardinales
1188 447 1347 511 ipsum
1368 448 1627 510 elevarent,
1649 450 1864 501 dicentes
1883 471 1892 501 ι
1908 452 2119 502 Suscitat

349 527 406 579 de
438 527 629 591 pulvere
662 535 743 577 ete.
773 529 829 576 Et
857 528 1070 592 pontifex
1098 532 1194 579 tres
1219 531 1377 595 jactus
1403 531 1583 580 ibidem
1603 532 1800 595 faceret,
1823 535 1989 584 dicens
2012 534 2073 600 (1)
2101 554 2110 584 :

349 610 616 675 Arqentum
637 618 683 659 et
699 627 870 660 aurum
891 620 974 661 etc.
1006 615 1124 661 Tum
1150 615 1282 679 prior
1306 615 1549 680 predictus
1577 631 1772 665 crucem
1801 633 1943 682 quam
1970 634 2114 667 manu

351 693 584 756 gestabat,
619 693 846 742 cardinali
882 695 1227 746 Mediolanensi
1258 698 1675 764 archipresbytero
1715 702 2044 761 Lateranensi,
2078 703 2117 750 si

353 775 606 824 interesset
651 792 705 825 ac
745 781 943 842 propter
988 781 1251 845 podagram
1296 782 1511 830 officium
1558 782 1831 846 hujusmodi
1883 796 2116 848 peragere

351 862 514 924 posset
545 858 625 925 (2),
655 860 866 924 alioquin
910 862 1057 926 priori
1085 863 1398 913 diaconorum
1442 866 1753 915 cardinalium
1791 866 2003 926 offerret,
2039 866 2118 930 qui

353 957 460 989 eam
481 943 696 1008 pontifici
715 944 984 1008 porrigeret
1006 947 1331 1008 osculandam,
1357 953 1403 997 et
1429 949 1539 998 inde
1568 966 1674 999 eam
1696 951 1785 1015 ipsi
1807 951 1957 1016 priori
1987 951 2124 1001 resti-

351 1028 523 1074 tueret.
550 1027 777 1091 Post-hec
806 1028 966 1092 priore
988 1029 1109 1093 ipso,
1136 1034 1183 1079 et
1215 1032 1461 1080 canonicis
1487 1033 1799 1098 antiphonam
1821 1035 1949 1084 Ecce
1976 1050 2125 1085 sacer-

356 1107 436 1155 dos
471 1124 694 1172 maynus,
725 1109 897 1159 deinde
926 1111 989 1159 Te
1019 1112 1176 1161 Deum
1209 1114 1476 1176 laudamus,
1508 1116 1890 1177 decantantibus,
1923 1132 2124 1182 proces-

354 1190 602 1240 sionaliter
634 1191 983 1254 incedentibUS,
1017 1196 1076 1243 ad
1112 1197 1267 1260 majus
1305 1197 1452 1247 altare
1492 1200 1835 1263 procederent,
1865 1200 1946 1248 ubi
1973 1203 2121 1266 Papa,

352 1273 569 1337 deposito
602 1289 768 1338 regno,
802 1281 961 1325 oraret
986 1277 1036 1325 in
1066 1278 1329 1328 faldistorio
1357 1281 1657 1344 genuflexus
1694 1282 1896 1341 Deinde,
1928 1286 2127 1347 accepta

350 1356 507 1417 mitra,
551 1357 600 1406 in
638 1357 776 1406 altari
825 1361 1003 1424 populo
1060 1362 1393 1423 benediceret,
1455 1363 1734 1413 solemniter
1786 1365 1952 1414 dicens
1997 1381 2010 1415 ε
2049 1365 2130 1415 Sit

349 1456 517 1488 nomen
568 1447 674 1502 ete„
729 1442 907 1506 absque
958 1444 1362 1509 indulgentiarum
1399 1447 1740 1511 publicatione.
1779 1446 2124 1497 Benedictione

350 1523 476 1582 data,
501 1526 629 1588 Papa
650 1540 760 1573 cum
781 1526 922 1575 mitra
942 1528 1000 1575 ad
1023 1528 1187 1577 sedem
1211 1545 1532 1579 marmoream
1549 1530 1845 1580 eminentem
1859 1531 2126 1595 predictam

350 1606 622 1666 accederet,
649 1613 695 1656 et
716 1608 764 1656 in
787 1624 844 1657 ea
864 1610 1056 1670 sedenS,
1079 1613 1291 1676 priorem
1314 1618 1362 1661 et
1377 1614 1637 1663 canonicos
1659 1613 1902 1679 predictos
1916 1613 1978 1663 ad
1991 1613 2127 1678 pedis

350 1690 567 1739 osculum
600 1691 854 1756 reciperet.
888 1694 1072 1743 Deinde
1113 1695 1172 1743 ad
1207 1695 1438 1760 palatium
1478 1700 1802 1746 Lateranense
1839 1697 2122 1757 duceretur;

353 1773 436 1821 sed
465 1779 662 1838 propter
700 1777 954 1825 tumultum
992 1778 1259 1842 predictum
1291 1779 1385 1827 hec
1421 1781 1488 1829 sic
1523 1781 1741 1831 ordinata
1763 1781 2007 1831 observari
2025 1796 2124 1831 non

347 1860 622 1921 potuerunt,
648 1874 739 1922 que
760 1864 811 1908 ut
830 1861 961 1925 prius
983 1862 1161 1910 dictum
1183 1865 1273 1922 est,
1298 1866 1404 1911 acta
1432 1867 1558 1911 sunt.

413 1940 754 1990 Benedictione
776 1959 864 2007 per
882 1944 1178 2008 pontificem,
1202 1949 1253 1992 ut
1275 1961 1435 2009 supra,
1460 1946 1587 2007 data,
1611 1947 1828 1996 ascendit
1849 1961 1937 2011 per
1957 1946 2121 1996 basili-

348 2039 453 2072 cam
488 2025 752 2089 predictam
791 2026 850 2074 ad
879 2027 1109 2091 palatium
1142 2031 1483 2086 Lateranense,
1516 2033 1699 2078 etcum
1733 2029 2030 2095 pervenisset
2059 2031 2120 2079 ad

347 2106 550 2172 primam
572 2108 730 2157 aulam
751 2125 973 2174 magnam
996 2126 1086 2174 que
1108 2111 1215 2159 aula
1235 2111 1424 2160 concilii
1451 2117 1768 2178 nuncupatur,
1798 2112 2010 2177 positum
2029 2113 2119 2163 fuit

345 2189 661 2239 faldistorium
697 2196 806 2240 ante
841 2194 1015 2256 gradus
1051 2192 1239 2257 lapidis,
1274 2209 1419 2258 super
1446 2199 1649 2257 quatuor
1678 2195 1927 2245 columnas
1953 2195 2117 2260 positi,

346 2271 425 2335 qui
446 2287 673 2320 mensura
685 2272 859 2322 Christi
882 2274 1149 2338 appellatur
1164 2275 1223 2342 (3)
1246 2276 1326 2324 ubi
1342 2279 1468 2341 Papa
1490 2277 1629 2338 sedit,
1645 2279 1840 2328 renibus
1861 2279 1922 2328 ad
1941 2279 2119 2329 dictum

343 2353 552 2420 lapidem
571 2356 738 2404 versis.

342 2529 381 2568 p.
405 2519 521 2556 154-8.
547 2538 590 2546 -—
610 2520 666 2555 La
699 2519 864 2567 Papesse
893 2521 1042 2558 Jeanne
1063 2522 1108 2558 de
1139 2522 1387 2561 Philomneste
1418 2525 1556 2563 Junior.
1588 2525 1790 2573 Bruxelles,
1825 2528 1930 2573 1880,
1959 2528 2018 2565 ch.
2038 2527 2121 2572 VII,

343 2590 380 2628 p.
410 2580 454 2614 87
484 2590 493 2616 ι
516 2593 534 2613 «
558 2579 610 2616 De
630 2579 663 2615 la
681 2579 802 2616 chaise
824 2580 1026 2628 probatoire
1051 2595 1070 2614 »
1092 2585 1127 2618 et
1147 2586 1290 2619 surtout
1309 2582 1510 2621 l’excellent
1539 2595 1698 2633 ouvrage
1719 2585 1762 2622 de
1782 2585 1935 2623 Bianchi
1953 2585 2121 2623 Giovini:

343 2639 486 2674 Esame
514 2641 648 2674 critico
671 2640 775 2685 deyli
794 2642 869 2675 atti
883 2653 901 2675 e
920 2642 1137 2677 documenti
1155 2641 1308 2678 relativi
1329 2643 1410 2678 alla
1424 2644 1562 2690 favola
1582 2645 1683 2681 della
1713 2645 1883 2692 Papessa
1903 2645 2119 2691 Giovanna,

342 2698 490 2737 Milano.
520 2697 620 2736 1845.
652 2698 710 2734 ch.
731 2710 794 2738 xx.
810 2710 848 2747 p.
872 2700 940 2736 175
959 2710 968 2736 :
987 2715 1006 2734 «
1027 2700 1078 2736 La
1098 2699 1192 2736 Sede
1210 2700 1429 2749 perlugiata,
1455 2716 1473 2734 »
1495 2705 1541 2739 ou
1554 2705 1592 2751 je
1611 2703 1728 2740 releve
1746 2715 1815 2741 une
1834 2703 1955 2752 legere
1983 2715 2118 2742 eri-eur.

342 2757 493 2795 Bianchi
523 2757 662 2794 Giovini
686 2758 837 2806 pretend
858 2770 928 2807 que
949 2758 1119 2796 Mabillon
1143 2760 1195 2808 (p.
1218 2761 1301 2807 177)
1323 2761 1413 2798 s'est
1437 2765 1577 2810 trompe
1604 2774 1646 2799 en
1679 2763 1801 2801 disant
1825 2775 1896 2812 que
1915 2764 2055 2812 l'usage
2075 2764 2120 2801 de

343 2817 380 2854 la
399 2817 522 2853 chaise
542 2816 755 2853 sterooraire
776 2823 812 2853 et
830 2817 895 2853 des
929 2817 1024 2853 deux
1054 2824 1176 2855 autres
1197 2819 1340 2855 chaises
1360 2820 1404 2855 de
1426 2821 1609 2869 porphyra
1627 2821 1670 2858 de
1690 2821 1724 2858 la
1750 2823 1911 2870 chapelle
1931 2823 1977 2859 de
1997 2821 2118 2860 Saint-

345 2876 531 2926 Sylvestre
551 2875 646 2913 n’est
666 2887 731 2925 pas
753 2876 961 2913 mentionne
980 2882 1089 2914 avant
1110 2877 1278 2925 Cencius,
1299 2884 1334 2916 et
1347 2879 1370 2915 il
1391 2879 1460 2916 cite
1474 2891 1613 2916 comme
1642 2892 1776 2929 preuve
1797 2883 1819 2918 a
1837 2893 1903 2919 son
1925 2880 2119 2930 allegation

342 2936 374 2973 le
395 2935 627 2984 temoignage
648 2935 691 2972 de
711 2936 927 2984 Pandolphe
948 2936 992 2972 de
1013 2936 1098 2973 Pise
1119 2949 1182 2974 sur
1209 2937 1244 2974 la
1264 2938 1359 2986 prise
1379 2939 1423 2975 de
1444 2950 1617 2985 possesso
1649 2940 1694 2976 de
1715 2939 1844 2977 Pascal
1877 2940 1910 2977 Π
1940 2951 1982 2977 en
2010 2940 2116 2977 1099.

343 2996 514 3034 Mabillon
534 3006 578 3031 ne
597 2994 778 3043 l'ignorait
797 3007 862 3043 pas
884 2995 1034 3043 (Harum
1055 2997 1196 3033 sedium
1216 2997 1276 3045 qui
1297 2997 1499 3035 meminerit
1516 2998 1637 3035 inveni
1656 3001 1836 3035 neminem
1856 3003 1942 3035 ante
1962 2997 2118 3034 pandul-

341 3056 453 3104 phum
474 3066 585 3103 supra
605 3054 788 3091 laudatum
810 3055 861 3103 (p.
884 3056 1012 3102 cxxu),
1039 3061 1075 3092 et
1099 3056 1180 3104 plus
1207 3057 1278 3093 loin
1299 3056 1321 3093 il
1340 3058 1460 3094 donne
1479 3058 1510 3094 le
1537 3062 1635 3095 texte
1673 3061 1785 3094 meme
1814 3057 1859 3094 de
1884 3057 2114 3106 Pandolphe,

344 3116 474 3165 auquel
492 3115 643 3153 Bianehi
659 3115 801 3153 Giovini
822 3115 965 3152 renvoie
984 3116 1017 3152 le
1037 3116 1183 3152 lecteur.
1208 3116 1381 3153 Mabillon
1402 3116 1455 3153 dit
1472 3116 1671 3153 seulement
1692 3118 1734 3163 (t.
1764 3116 1809 3161 ΙΙ,
1834 3127 1875 3164 p.
1895 3118 2019 3162 cxxm)
2039 3128 2111 3165 que

344 3176 499 3214 Cencius
516 3180 571 3213 est
584 3176 616 3212 le
636 3175 791 3224 premier
809 3174 871 3223 qui
891 3174 942 3212 ait
961 3175 1080 3212 donne
1100 3177 1122 3211 a
1141 3175 1174 3211 la
1199 3175 1322 3211 chaise
1352 3175 1397 3211 de
1429 3173 1569 3210 marbre
1598 3174 1781 3222 l'epithete
1808 3174 1852 3212 de
1886 3174 2113 3231 stercoraire‚

346 3251 363 3269 ι(
452 3236 539 3272 sede
559 3234 784 3276 stercoraria.
805 3246 876 3284 quo
896 3235 1042 3272 nomine
1061 3233 1216 3272 Censius
1234 3234 1373 3283 primus
1389 3244 1480 3270 usus
1503 3232 1698 3272 invenitur.
1714 3247 1734 3266 »

391 3297 424 3331 1.
451 3295 564 3332 Texte
585 3294 706 3331 modif.
730 3294 821 3330 dans
842 3293 961 3331 Rinal.

389 3356 424 3390 2.
453 3354 663 3398 Interesset,
685 3353 858 3402 alioquin.
880 3373 927 3382 --
945 3352 1064 3391 Riual.

389 3414 425 3450 3.
453 3414 599 3451 Dicitur.
620 3435 664 3443 —-
686 3415 805 3452 Rinal.

390 3486 408 3505 α
429 3463 457 3508 E
483 3484 554 3510 una
581 3474 696 3521 pietra
721 3474 758 3510 di
785 3474 951 3521 misc-hio,
972 3474 1085 3521 lunga
1102 3473 1211 3522 palmi
1242 3474 1266 3509 7
1291 3482 1396 3509 meno
1427 3471 1488 3508 un’
1517 3469 1633 3518 oneia,
1655 3481 1674 3507 e
1700 3470 1804 3518 larga
1831 3469 1939 3518 palmi
1963 3469 2108 3518 clnque,
