2262 3958
904 299 1187 338 APPENDICE.
1865 299 1936 335 537

736 449 754 469 ι
788 431 1041 474 Conuiuium
1064 433 1323 473 celebratur.

195 530 223 574 ἐι
238 532 383 578 Pridie
401 535 497 577 eius
519 535 604 577 diei
632 535 847 575 inuitatus
879 533 1101 574 discubuit
1135 535 1227 574 Rex
1256 536 1300 574 et
1331 535 1546 587 magister
1569 548 1577 574 :
1601 537 1803 587 apposita
1825 542 1928 579 sunt

143 601 341 644 cuiusuis
369 599 548 654 generis
579 600 792 649 obsonia;
821 610 900 640 nec
929 598 1207 639 condimenta
1242 611 1267 639 a
1285 610 1527 651 coquorum
1551 601 1706 652 peritia
1728 607 1929 645 consecta

143 664 322 709 defuere
343 667 558 708 :miratur
576 666 794 707 barbarus
813 665 1051 705 latinorum
1071 674 1242 713 mores;
1266 675 1346 704 nec
1361 665 1457 704 sine
1480 666 1666 707 nolestia
1685 667 1925 718 discubuit,

145 732 265 786 quod
284 731 474 784 poplites
494 741 618 772 more
636 729 764 770 solito
785 729 887 770 flexi
906 739 997 769 non
1018 731 1184 768 essent.
1205 729 1490 771 condimenta
1513 731 1652 783 digito
1667 732 1809 773 indice
1829 745 1930 786 pre-

143 797 466 852 gustat:quod
499 796 626 838 dulce
660 798 728 836 est
755 794 939 843 fastidit,
972 796 1199 834 acetosum
1231 794 1455 836 desumit:
1480 797 1697 838 mandens
1729 802 1928 841 astantes

142 864 303 905 lustrat
320 863 482 912 oculis;
515 862 562 902 in
591 870 882 910 mensamque
913 859 1192 907 recumbens,
1227 864 1410 901 curuato
1444 873 1626 914 corpore
1653 865 1861 914 pascitur.
1885 868 1931 907 ln

141 929 409 983 magistrum
447 927 598 978 sepius
633 925 785 966 oculos
822 923 972 964 furtim
1006 924 1106 964 iacit
1139 927 1188 964 ut
1222 925 1383 967 edendi
1403 925 1587 968 morem
1619 932 1806 970 notaret.
1842 933 1928 972 Nec

141 994 329 1036 desuem
345 993 454 1035 artis
469 992 636 1033 musice
657 991 800 1044 periti,
817 990 894 1043 qui
913 990 1310 1031 instrumentorum
1324 990 1523 1031 armonia
1534 990 1734 1031 auditum
1748 994 1933 1034 suauius

141 1058 383 1102 affluerent.
415 1059 532 1100 lnter
561 1068 674 1110 quos
709 1058 946 1098 Britannus
973 1057 1168 1109 quidam,
1189 1057 1416 1109 quaternis
1437 1056 1598 1097 fistulis
1619 1059 1828 1099 connexis
1850 1059 1930 1101 fla-

125 1123 272 1190 &ouis
290 1135 373 1176 per
386 1123 518 1165 ulnas
538 1124 722 1176 pressis,
739 1123 910 1164 dulcius
928 1123 1130 1164 canebat.
1153 1123 1407 1164 Delectabat
1433 1125 1476 1163 et
1497 1133 1658 1164 sonora
1680 1125 1929 1166 canentiam

136 1198 230 1231 vox
243 1188 378 1231 edita.
396 1190 453 1231 At
465 1189 686 1230 barbarus
704 1189 902 1230 suauiori
921 1191 1054 1229 cantu
1067 1189 1288 1238 insuetus,
1309 1188 1526 1241 gaudium
1546 1200 1623 1241 pre
1644 1200 1692 1230 se
1711 1190 1810 1230 tulit
1829 1191 1929 1231 nul-

135 1254 388 1299 lum-donec
420 1254 602 1295 thurcus
636 1254 939 1307 coquinariam
968 1265 1177 1295 exercens
1209 1255 1439 1295 barbarico
1472 1254 1769 1296 instrumento
1789 1256 1928 1297 melo-

137 1319 416 1364 diam-edidit
439 1333 451 1361 t
469 1323 576 1362 tunc
596 1321 715 1362 enim
732 1324 904 1362 erectus
921 1332 1162 1373 parumper
1183 1320 1379 1361 subrisit.

459 1485 490 1523 ‚⁴¹
522 1468 755 1524 Descriptio
774 1481 938 1511 morum
958 1476 997 1512 et
1016 1470 1368 1512 liniamentorum
1387 1473 1587 1525 Zyzymy.

192 1602 212 1624 ι
239 1587 304 1629 De
319 1585 520 1627 moribus
547 1588 699 1626 autem
717 1584 900 1627 Barbari
921 1586 1147 1638 principis,
1183 1586 1230 1627 in
1259 1587 1374 1627 calce
1400 1587 1680 1636 narrationis,
1704 1589 1920 1640 quantum

146 1650 394 1695 coniectare
413 1651 554 1704 potui,
575 1651 696 1693 haud
717 1651 771 1693 ab
794 1662 840 1692 re
861 1651 943 1692 erit
969 1652 1201 1693 disserere.
1232 1655 1426 1706 Zyzymy
1444 1654 1537 1694 Rex
1563 1656 1768 1695 octavum
1789 1655 1831 1693 et
1848 1653 1924 1692 XX

81 1723 85 1725 '
141 1712 234 1772 agit
249 1729 420 1760 annum
443 1730 453 1758 :
476 1719 645 1758 statura
665 1729 863 1770 procera,
898 1718 1148 1760 valitudine
1183 1731 1411 1771 prospera,
1440 1720 1566 1760 cuius
1601 1720 1751 1760 vultus
1771 1718 1926 1760 feroci-

139 1786 278 1826 tatem
293 1795 372 1836 pre
387 1794 437 1826 se
456 1782 554 1826 fert.
590 1783 736 1825 Oculis
758 1794 997 1836 parumper
1025 1785 1219 1838 obliquis
1240 1797 1288 1826 ac
1308 1786 1509 1836 ceruleis,
1533 1786 1672 1827 denso
1690 1785 1924 1838 supercilio

139 1850 242 1895 nasi
259 1849 406 1892 radice
426 1848 519 1891 fere
538 1852 730 1902 utroque
749 1851 1000 1891 coherente.
1030 1851 1265 1892 Sinistrum
1293 1852 1339 1892 in
1364 1853 1552 1892 frontem
1573 1851 1772 1892 eleuatur
1792 1864 1801 1892 :
1822 1850 1925 1891 dex-

139 1918 261 1959 trum
289 1915 348 1959 ad
374 1915 551 1957 oculum
575 1916 728 1968 vergit.
761 1916 819 1958 Os
857 1927 1056 1968 parvum,
1092 1917 1211 1958 labia
1239 1928 1397 1970 grossa
1435 1929 1626 1969 quorum
1657 1918 1768 1958 ritus
1801 1917 1928 1957 sinis-

137 1985 335 2025 trorsum
353 1981 615 2034 plerumque
635 1983 879 2032 contrahit;
904 1994 955 2024 ac
975 1983 1132 2024 dentes
1151 1984 1317 2037 detegit
1342 1988 1387 2025 et
1406 1984 1568 2034 condit,
1589 1987 1809 2037 gestuque
1826 1984 1924 2036 ipso

136 2047 364 2090 sinistram
385 2047 644 2100 palpebram
663 2048 858 2097 inclinat,
888 2052 931 2090 et
960 2049 1091 2101 paulo
1125 2053 1226 2102 post
1256 2051 1416 2091 eleuat.
1449 2052 1593 2092 Nasus
1623 2050 1664 2091 ei
1685 2053 1752 2091 est
1772 2051 1926 2103 aquili-

137 2123 250 2163 nus;
266 2113 312 2155 in
325 2112 476 2155 medio
494 2113 729 2166 paululum
748 2114 1014 2155 eminentior
1026 2115 1151 2155 cuius
1169 2116 1423 2157 extremitas
1441 2117 1487 2156 in
1505 2117 1735 2157 sinistrum
1752 2116 1893 2157 tendit
1913 2128 1921 2155 :

138 2179 343 2221 mentum
377 2177 419 2218 ei
453 2177 582 2228 exile,
623 2179 735 2219 cutis
781 2179 927 2221 colore
975 2183 1044 2220 est
1083 2181 1210 2221 nucis
1249 2185 1480 2231 castanee;
1514 2182 1654 2222 barba
1696 2193 1796 2223 rara
1834 2191 1924 2222 non

138 2243 377 2296 promissa,
410 2242 491 2284 sed
519 2243 576 2284 ad
610 2247 759 2285 cutem
787 2244 951 2297 forcipe
979 2249 1110 2287 tonsa
1133 2258 1143 2287 :
1166 2247 1302 2287 obesa
1334 2247 1516 2297 cervice,
1550 2247 1734 2288 auribus
1764 2247 1924 2299 parvis,

135 2318 388 2361 corpusque
405 2308 549 2350 carnis
571 2309 743 2350 sarcina
765 2314 993 2351 onustum.
1018 2311 1222 2352 Obesitas
1241 2315 1439 2353 ventrem
1458 2313 1702 2365 proiectum
1719 2313 1863 2365 magis
1885 2316 1927 2354 et

134 2373 383 2427 posteriora
403 2377 563 2427 grauat
589 2385 724 2426 quarn
745 2379 888 2417 cetera
917 2378 1132 2418 membra.
1169 2378 1364 2427 Brachia,
1397 2390 1538 2429 crura,
1572 2379 1676 2420 tibie
1708 2390 1759 2419 ac
1791 2379 1928 2431 pedes

133 2439 418 2492 proportione
433 2442 538 2480 sunt
552 2441 767 2492 compacti
781 2454 791 2491 ;
808 2452 888 2482 nec
910 2442 1052 2494 adipis
1073 2443 1250 2494 pondus
1266 2441 1399 2484 officit
1415 2456 1424 2483 :
1440 2454 1527 2496 que
1542 2443 1690 2484 minus
1709 2443 1924 2492 saliendo,

132 2504 388 2559 equitando,
411 2505 616 2547 venando
637 2509 770 2558 atque
802 2507 1036 2560 sagitando
1059 2509 1189 2561 agilis
1213 2508 1283 2549 sit.
1317 2509 1487 2560 Corpus
1514 2509 1632 2549 enim
1660 2508 1780 2549 haud
1799 2519 1927 2549 secus

131 2573 282 2624 gestat
299 2581 352 2613 ac
375 2570 414 2612 si
429 2571 610 2624 gracilis
637 2575 758 2613 esset
778 2576 820 2613 et
841 2574 1037 2615 obesitas
1057 2585 1148 2614 non
1167 2577 1391 2628 grauaret.
1415 2575 1458 2615 Si
1478 2574 1587 2627 quid
1607 2575 1783 2615 molesti
1804 2575 1929 2615 affer-

132 2640 221 2687 tur,
244 2637 475 2678 oculorum
503 2641 628 2679 motu
660 2641 877 2691 acutaque
907 2651 1029 2690 voce,
1059 2640 1349 2682 iracumdiam
1387 2644 1570 2692 repente
1604 2641 1768 2682 indicat
1793 2652 1803 2681 :
1826 2643 1870 2681 at
1892 2641 1930 2681 si

82 2695 88 2700 ’
130 2702 282 2755 gravis
301 2701 368 2744 vir
385 2702 521 2751 adsit,
540 2705 755 2755 temporis
775 2708 938 2756 puncto
970 2705 1106 2747 facies
1135 2709 1419 2758 temperatur,
1449 2710 1493 2748 et
1514 2706 1768 2756 subridens,
1793 2707 1928 2746 simu-

132 2766 287 2808 latoris
317 2765 748 2820 dissimulatorisque
788 2771 956 2823 gaudet
985 2771 1145 2813 officio.
1177 2773 1290 2813 Dum
1320 2772 1615 2822 excandescit,
1649 2783 1802 2813 vocem
1832 2772 1922 2812 edit

132 2835 325 2882 acutam,
359 2832 536 2886 caprine
564 2834 685 2876 haud
716 2836 1002 2886 dissimilem;
1030 2849 1131 2879 cum
1162 2839 1311 2890 quieto
1350 2839 1546 2892 loquitur
1577 2838 1742 2887 animo,
1770 2837 1922 2890 grauis

134 2909 281 2941 sermo
299 2901 384 2949 est,
405 2902 679 2950 temperatus
704 2905 748 2941 et
774 2901 1006 2944 modestus
1029 2903 1109 2944 sed
1128 2914 1272 2946 rarus.
1293 2906 1382 2946 Nec
1412 2903 1618 2956 quamuis
1639 2901 1857 2955 profugus
1881 2906 1927 2943 et

133 2964 339 3013 extorx'is„
370 2976 396 3006 a
435 2965 645 3018 principis
687 2966 905 3019 dignitate
933 2968 1064 3010 cadit.
1101 2969 1194 3011 Cibi
1220 2970 1398 3021 plurimi
1428 2972 1511 3019 est,
1549 2968 1923 3019 voracissimoque

133 3030 360 3072 stomacho
378 3033 594 3084 tanquam
613 3031 790 3074 fornace
810 3032 966 3074 feruet.
990 3035 1149 3075 Vinum
1168 3036 1337 3088 respuit
1354 3036 1441 3076 nisi
1461 3034 1734 3076 aromatibus
1755 3032 1924 3074 confec·

132 3099 259 3139 tum:
281 3096 403 3149 quod
431 3097 669 3140 alteratum
699 3099 981 3151 speciemque
1010 3103 1210 3142 mutasse
1234 3102 1487 3151 arbitratur,
1518 3105 1565 3142 ut
1597 3103 1771 3142 acetum
1802 3100 1923 3152 quod

133 3172 192 3203 ex
209 3161 311 3204 vino
329 3163 546 3216 gignitur,
581 3174 751 3216 sueque
772 3164 955 3218 originis
973 3166 1165 3217 speciem
1184 3167 1356 3207 alterat.
1375 3167 1562 3208 Auidius
1582 3166 1695 3207 bibit
1713 3166 1881 3207 comedi
1889 3169 1921 3206 t-

133 3238 220 3280 que
239 3238 375 3280 quam
390 3229 635 3281 principem
653 3230 821 3281 deceat,
839 3234 886 3272 ut
907 3242 1062 3273 vorare
1084 3233 1234 3283 potius
1255 3243 1391 3284 quam
1412 3232 1544 3273 edere
1561 3243 1663 3272 eum
1681 3232 1920 3273 arbitreris:

130 3294 219 3335 Nec
234 3292 381 3334 edulia
402 3293 510 3336 satis
532 3294 666 3337 dente
685 3297 786 3338 terit
805 3308 893 3350 que
914 3297 959 3338 in
981 3308 1029 3338 os
1059 3297 1198 3339 indita
1227 3298 1420 3352 inglutit‚
1445 3309 1495 3339 ac
1515 3298 1664 3338 minus
1685 3297 1803 3348 trita,
1826 3309 1925 3349 rap·

133 3359 212 3400 tim
232 3362 384 3412 aperto
416 3359 556 3412 hyatu
583 3365 722 3403 vorat.
754 3367 867 3404 Assa
895 3363 1073 3415 appetit,
1104 3363 1191 3405 lixa
1221 3363 1388 3405 fastidit
1411 3378 1422 3405 :
1445 3365 1658 3414 melones,
1679 3376 1808 3415 uuaS,
1827 3366 1923 3417 pira

133 3428 268 3477 atque
286 3436 417 3476 poma
447 3428 490 3466 et
511 3426 727 3479 culusque
745 3430 924 3480 generis
955 3429 1122 3470 fructus
1145 3431 1510 3482 appetentissiine
1539 3431 1722 3472 mandit.
1754 3432 1918 3471 Modico
