2262 3958
344 345 411 379 434
948 341 1180 377 JOHANNIS
1214 340 1507 386 BURCHARDI,
1787 346 1994 387 [Novembre
2015 347 2107 388 1491]

339 444 433 491 hoc
468 444 693 507 deputato
732 446 931 506 possent
966 438 1026 491 ad
1064 443 1259 506 plenum
1289 426 1607 507 exequiipsis
1639 447 1879 507 mandata,
1918 448 2105 511 agendo

339 527 515 590 gratias
528 526 775 576 Sanctitati
796 541 880 573 sue
903 541 987 588 pro
1009 526 1192 574 honore
1215 526 1264 573 in
1286 542 1453 594 eorum
1470 526 1666 575 introitu
1688 528 1802 592 ipsis
1815 529 2034 593 impenso
2057 535 2104 580 et

339 626 388 657 se
418 610 575 658 eidem
608 609 857 658 Sanctitati
890 609 1307 669 commendand03
1342 610 1402 657 ad
1428 626 1519 673 que
1552 610 1714 658 omnia
1744 612 1979 661 Sanctitas
2017 630 2104 662 sua

337 693 634 756 peitinenter
655 692 874 741 brevibus
895 692 1050 741 verbis
1085 693 1348 757 respondit.
1373 695 1491 741 Tum
1507 693 1660 741 dictus
1683 693 1936 758 episcopus
1957 697 2102 744 Lom-

336 775 571 824 bariensis
600 777 782 836 literas,
809 793 925 840 quas
954 775 1014 823 ad
1041 776 1296 840 collegium
1323 776 1548 835 habebat,
1578 776 1970 826 vicecancellario
1990 793 2100 842 pre—

337 859 555 917 sentavit,
599 859 679 923 qui
723 858 992 907 successive
1034 858 1325 922 presentavit
1367 859 1698 922 Neapolitano,
1749 875 1997 923 quousque
2042 859 2103 908 ad

335 942 626 991 cardinalem
644 942 793 991 sancti
815 942 1006 1005 Georgii
1027 942 1234 1005 primum
1262 942 1518 990 diaconum
1539 942 1896 1006 pervenissent3
1922 943 2019 1006 qui,
2036 942 2104 991 'ad

332 1010 531 1073 verbum
566 1025 962 1084 vicecancellarii,
1000 1040 1080 1072 eas
1119 1025 1310 1075 tradidit
1349 1026 1565 1089 predicto
1606 1026 1832 1090 episcopo
1872 1025 2102 1075 Perusino

334 1109 595 1157 secretario
627 1112 754 1172 Pape
790 1107 1038 1172 legendaS‚
1076 1108 1157 1170 qui
1192 1125 1273 1157 eas
1302 1109 1418 1172 legit
1450 1109 1638 1173 publice
1670 1113 1717 1157 et
1751 1109 1905 1172 primo
1934 1125 2103 1174 super-

335 1191 662 1254 scriptionem,
712 1193 884 1241 deinde
933 1193 1339 1256 subscriptionem
1385 1210 1477 1256 que
1524 1197 1626 1242 erat
1672 1193 1881 1253 Charles,
1927 1193 2101 1242 deinde

336 1275 495 1323 datam
533 1275 729 1323 Turonis
769 1284 875 1333 etc„
903 1280 1074 1340 postea
1108 1277 1396 1340 principium
1434 1276 1678 1325 literarum
1717 1276 1845 1339 quod
1875 1279 1977 1324 erat
2013 1276 2103 1325 Ca·
2155 1281 2158 1284 ’

332 1358 457 1405 rolzcs
475 1375 560 1406 rea:
585 1359 786 1407 Franeie
803 1368 887 1408 etc.
914 1363 1004 1409 Per
1023 1361 1206 1409 litteras
1238 1376 1323 1408 rex
1355 1360 1457 1424 ipse
1483 1359 1854 1408 commendabat
1880 1358 2101 1408 cardina-

331 1441 454 1489 libus
472 1446 685 1491 oratores
716 1444 957 1507 predictos
985 1449 1031 1493 et
1052 1461 1139 1493 sua
1164 1444 1374 1508 negotia,
1408 1448 1455 1492 et
1473 1443 1541 1492 eis
1560 1448 1658 1492 tam
1680 1442 1833 1491 amice
1862 1441 2102 1492 scribebat

334 1525 617 1588 appellando
640 1543 723 1575 eos
745 1528 914 1575 amicos
933 1528 1117 1576 dilectos
1135 1544 1191 1576 ac
1215 1528 1252 1575 si
1274 1532 1434 1576 essent
1463 1527 1695 1591 capellani
1717 1526 1808 1587 sui,
1825 1526 2099 1576 denotando

334 1623 416 1656 eos
438 1625 524 1672 per
544 1626 619 1658 vos
636 1615 680 1658 et
701 1627 797 1659 non
816 1627 902 1675 per
913 1620 1071 1675 patres
1090 1612 1163 1660 vel
1179 1612 1527 1660 Dominatz'ones
1546 1619 1735 1659 vestras.
1862 1603 1867 1609 ’

400 1694 556 1742 Lectis
577 1694 652 1742 his
673 1694 822 1742 literis
844 1710 940 1742 non
961 1695 1049 1743 fuit
1073 1695 1253 1743 dictum
1274 1695 1611 1759 quodcumque
1634 1694 1760 1742 aliud
1775 1694 1987 1754 verbum,
2014 1693 2099 1749 sed

335 1782 646 1824 surrexerunt
675 1783 890 1826 oratores
923 1778 1123 1842 predicti
1162 1783 1209 1827 et
1245 1795 1485 1828 cameram
1523 1777 1791 1827 consistorii
1830 1777 2092 1837 exiverunt,

333 1874 453 1920 quos
477 1860 628 1908 secuti
651 1864 754 1908 sunt
780 1861 858 1908 alii
885 1866 1100 1909 oratores
1128 1866 1175 1909 et
1206 1862 1374 1926 prelati
1409 1861 1570 1925 palatii
1591 1861 1671 1924 qui
1695 1861 1823 1908 intus
1851 1864 2009 1918 erant;
2047 1848 2093 1908 et

333 1941 434 1989 sine
456 1958 593 1990 mora
612 1943 758 1991 iidem
781 1949 997 1992 oratores
1031 1945 1231 1993 Francie
1265 1961 1322 1993 eo
1355 1945 1521 1995 ordine
1557 1949 1698 2008 prout
1718 1947 1951 1992 venerunt
1969 1948 2015 1991 et
2036 1942 2096 1991 ab

330 2023 511 2072 eisdem
540 2026 741 2089 prelatis
772 2028 992 2075 associati
1024 2028 1082 2075 ad
1106 2025 1303 2077 domum
1334 2029 1392 2077 de
1429 2028 1602 2087 Flisco,
1641 2027 1691 2074 in
1720 2042 1815 2090 qua
1841 2026 2094 2090 episcopus

330 2108 684 2158 Lombariensis
717 2111 988 2176 hospitatus
1016 2116 1105 2171 est,
1138 2116 1246 2160 sunt
1269 2111 1466 2170 reversi,
1490 2111 1583 2158 hoc
1610 2110 1712 2158 solo
1741 2110 1936 2173 dempto
1965 2108 2096 2172 quod

331 2190 477 2239 abbas
500 2208 538 2239 s.
563 2193 757 2241 Antonii
779 2194 1006 2243 continuo
1028 2194 1152 2243 inter
1181 2195 1391 2259 priorem
1415 2193 1635 2242 Alvernie
1654 2209 1681 2241 a
1700 2191 1878 2240 dextris
1900 2196 1948 2240 et
1969 2191 2096 2256 epis-

327 2287 500 2335 copum
523 2275 925 2324 Concordiensem
950 2293 978 2324 a
1005 2277 1208 2324 sinistris
1237 2276 1423 2324 medius
1445 2276 1542 2323 ibat
1562 2275 1611 2322 in
1632 2274 1759 2322 dicto
1782 2274 1908 2322 loco.

393 2356 530 2403 Feria
545 2362 694 2416 sexta,
726 2363 780 2406 18
799 2360 977 2407 mensis
999 2359 1289 2416 novembris,
1313 2360 1434 2406 festo
1457 2357 1768 2405 dedicationis
1789 2355 2092 2405 basilicarum

327 2438 454 2485 beati
474 2439 601 2486 Petri
618 2446 665 2487 et
689 2442 839 2500 Pauli,
861 2458 957 2490 non
975 2442 1059 2490 suit
1077 2441 1277 2505 capella.
1300 2441 1479 2488 Eadem
1502 2440 1577 2486 die
1600 2444 1707 2501 post
1724 2439 1894 2486 horam
1917 2439 2092 2503 vigesi-

325 2536 472 2578 mam,
490 2537 576 2583 per
597 2528 784 2585 portam
798 2524 1020 2573 Viridarii
1042 2524 1229 2571 intravit
1254 2526 1308 2570 R.
1335 2525 1391 2569 D.
1418 2521 1654 2569 Robertus
1677 2520 1931 2584 episcopus
1953 2521 2090 2569 Glas-

326 2604 540 2665 quensis,
564 2590 884 2653 orator'lllus.
910 2606 1074 2654 Jacobi
1107 2608 1359 2654 Scotorum
1379 2604 1524 2668 regis,
1550 2603 1628 2666 qui
1656 2619 1684 2651 a
1705 2603 1896 2652 familiis
1919 2605 2004 2652 SS.
2028 2606 2085 2652 D.

323 2687 474 2734 nostri
492 2703 613 2751 pape
635 2692 682 2736 et
703 2689 1014 2737 cardinalium
1038 2705 1093 2736 ac
1119 2688 1387 2737 oratoribus
1410 2703 1576 2750 regum
1594 2691 1641 2735 et
1660 2686 1929 2751 principum
1956 2690 2090 2735 extra

322 2767 508 2834 portam
533 2776 755 2835 receptus
778 2755 866 2831 est,
907 2775 953 2820 et
982 2787 1136 2834 usque
1168 2772 1228 2819 ad
1259 2770 1521 2835 hospitium
1551 2785 1691 2817 suum
1726 2769 1853 2817 inter
1885 2771 2086 2818 Puteum

320 2854 495 2901 Album
511 2858 555 2902 et
571 2854 798 2918 palatium
817 2854 874 2901 de
892 2853 1065 2912 Flisco,
1088 2869 1227 2901 secus
1248 2869 1383 2901 more
1405 2852 1544 2900 solito
1563 2850 1846 2909 associatuS,
1863 2850 2087 2913 equitavit

322 2936 444 2985 inter
465 2939 836 3001 gubernatorem
865 2936 1004 2985 Urbis
1033 2940 1079 2984 et
1111 2936 1525 3000 archiepiscopum
1564 2935 1844 2982 Thebanum
1878 2933 2085 2982 electum

320 3021 734 3084 Andegavensem.

386 3091 670 3163 Dominica,
691 3108 748 3151 27
783 3103 1073 3162 novembris,
1122 3102 1276 3166 prima
1320 3101 1559 3149 dominica
1596 3099 1826 3148 adventus
1872 3097 2080 3156 Domini,

320 3186 375 3231 R.
402 3189 453 3233 P.
498 3189 553 3234 D.
594 3187 838 3235 Johannes
866 3187 1253 3249 archiepiscopus
1287 3183 1553 3247 Ragusinus
1585 3182 1793 3230 datarius
1828 3180 2084 3230 celebravit

320 3268 515 3316 missam
540 3271 806 3318 solemnem
826 3270 874 3316 in
896 3269 1079 3332 capella
1097 3267 1385 3331 supradicta,
1408 3268 1535 3328 Papa
1556 3268 1779 3328 presente
1800 3280 1809 3312 :
1829 3263 1945 3311 dixit
1965 3279 2082 3326 qua-

319 3353 429 3397 tuor
448 3353 689 3401 orationes
712 3353 873 3401 solitas
897 3359 943 3401 et
959 3352 1050 3400 alia
1071 3351 1232 3399 omnia
1258 3364 1391 3398 more
1422 3352 1672 3396 consueto.

384 3433 521 3480 Feria
544 3435 772 3494 secunda,
807 3438 865 3482 28
889 3434 1001 3482 dicti
1034 3433 1233 3491 mensis,
1254 3432 1302 3479 in
1325 3433 1433 3479 aula
1453 3431 1609 3494 prima
1632 3431 1835 3493 majore,
1861 3427 2079 3477 videlicet
