2262 3958
353 316 424 352 562
1097 311 1377 348 APPENDICE.

352 414 544 466 quadam
559 415 788 455 maiestate
818 413 1055 462 verendus,
1079 413 1257 464 accepit.
1286 413 1395 451 Tum
1414 411 1630 452 consolari
1650 414 1824 456 Petrum
1843 414 1982 456 filium
2000 416 2121 469 (nam

350 479 507 531 reliqui
527 479 723 529 aberant)
754 489 952 527 exorsus,
975 477 1106 518 ferret
1119 488 1261 529 aequo
1277 477 1423 517 animo
1438 476 1525 518 vim
1540 478 1814 519 necessitatis
1834 480 2116 532 admonebat,

352 554 441 584 non
468 543 718 584 defuturum
747 542 928 582 caelitus
963 542 1263 594 patrocinium,
1295 541 1414 593 quod
1444 553 1501 582 ne
1529 541 1612 582 sibi
1637 542 1815 594 quidem
1844 556 2040 598 unquam
2071 546 2119 588 in

353 607 484 647 tantis
505 617 652 647 rerum
666 606 955 658 fortunaeque
976 606 1262 647 varietatibus
1281 606 1511 656 defuisset3
1525 607 1731 648 virtutem
1747 609 1876 650 modo
1892 613 1935 651 et
1953 611 2117 652 bonam

353 675 546 713 mentem
563 672 738 721 coleret,
761 672 875 712 bene
892 671 1090 711 consulta
1114 671 1255 711 bonos
1283 675 1468 711 euentus
1490 672 1697 722 paritura.
1719 673 1822 713 Post
1840 673 1913 714 illa
1930 677 2120 716 contem-

353 736 606 788 plabundus
627 737 883 788 aliquandiu
897 736 1065 788 quieuit
1080 748 1090 785 ;
1113 737 1300 777 exclusis
1319 737 1418 778 dein
1435 738 1616 778 caeteris
1631 737 1819 779 eundem
1831 738 1888 779 ad
1902 750 1950 779 se
1965 742 2119 781 natum

353 805 494 850 vocat,
517 802 655 842 multa
682 805 845 851 monet,
885 802 1021 842 multa
1047 802 1256 854 praecipit
1285 803 1423 843 multa
1447 802 1613 852 edocet,
1642 814 1756 854 quae
1781 802 1980 845 nondum
1999 804 2118 847 foras

354 870 630 916 emanarunt,
652 866 782 918 plena
813 867 959 907 omnia
987 870 1136 907 tamen
1166 866 1309 917 (sicuti
1337 867 1607 920 audiuimus)
1639 871 1681 908 et
1701 869 1943 921 sapientiae
1963 870 2114 924 singu-

353 932 472 981 laris,
506 935 548 972 et
577 931 914 980 sanctimoniae;
945 943 1134 984 quorum
1160 935 1308 973 tamen
1334 943 1473 972 unum
1501 933 1621 984 quod
1645 933 1773 974 nobis
1801 933 1913 975 scire
1940 934 2120 987 quidem

352 997 534 1045 licuerit,
558 996 818 1038 adscribam.
845 1012 865 1034 α
891 997 1030 1046 Ciues,
1051 997 1205 1049 inquit,
1221 998 1281 1037 mi
1299 998 1438 1048 Petre,
1459 1008 1758 1039 successorem
1782 1002 1822 1040 te
1838 1010 1988 1040 meum
2000 1000 2123 1042 haud

354 1062 486 1103 dubie
505 1064 761 1114 agnoscent.
785 1063 871 1102 Nec
890 1065 1040 1102 autem
1060 1073 1229 1111 vereor,
1251 1073 1305 1103 ne
1318 1073 1407 1103 non
1428 1064 1581 1105 eadem
1599 1062 1775 1104 futurus
1795 1065 2060 1107 authoritate
2075 1065 2122 1107 in

351 1127 431 1167 hac
452 1127 675 1178 republica
706 1127 781 1175 εἰς,
817 1137 904 1177 qua
937 1138 1020 1167 nos
1053 1127 1138 1178 ipsi
1164 1127 1220 1167 ad
1253 1127 1365 1167 hanc
1390 1127 1502 1167 diem
1531 1127 1757 1168 fuerimus.
1794 1128 1879 1169 Sed
1906 1129 2121 1180 quoniam

351 1191 505 1232 ciuitas
527 1192 670 1232 omnis
691 1201 850 1242 corpus
871 1194 937 1231 est
961 1191 1095 1244 (quod
1108 1190 1247 1244 aiunt)
1267 1192 1506 1232 multorum
1520 1192 1724 1243 capitum,
1747 1204 1890 1245 neque
1909 1205 2007 1235 mos
2025 1194 2121 1247 geri

351 1257 537 1310 singulis
564 1259 723 1308 potest,
757 1259 978 1296 memento
1013 1256 1058 1296 in
1092 1257 1309 1297 eiusmodi
1338 1257 1624 1298 varietatibus
1656 1257 1701 1296 id
1732 1257 1963 1299 consilium
1994 1259 2121 1311 sequi

351 1333 538 1374 semper,
563 1321 679 1374 quod
708 1331 806 1360 esse
828 1332 962 1372 quam
987 1321 1350 1362 honestissimum
1376 1322 1612 1374 intelliges,
1640 1323 1872 1374 magisque
1898 1322 2119 1366 uniuersi-

349 1388 465 1436 tatis,
488 1398 621 1439 quam
643 1397 858 1436 seorsum,
879 1386 1091 1438 cuiusque
1106 1387 1321 1427 rationem
1337 1387 1510 1428 habeto.
1534 1401 1553 1423 »
1576 1387 1798 1428 Mandauit
1814 1390 1857 1428 et
1874 1387 1929 1429 de
1947 1387 2116 1438 funere,
2173 1379 2179 1384 ’

348 1456 396 1497 ut
414 1453 588 1502 scilicet,
615 1453 689 1494 aui
709 1451 851 1494 Cosmi
878 1453 1094 1503 exemplo,
1116 1452 1236 1493 iuxta
1264 1452 1349 1492 sibi
1374 1451 1544 1501 fierent,
1573 1452 1686 1492 intra
1713 1452 1893 1494 modum
1918 1452 2118 1495 videlicet

350 1529 450 1558 eum
467 1518 542 1569 qui
563 1519 735 1569 priuato
751 1517 998 1558 conueniat.
1023 1518 1150 1558 Venit
1172 1518 1273 1558 dein
1289 1518 1436 1558 Ticino
1457 1519 1644 1557 Lazarus
1660 1521 1821 1569 vester,
1841 1518 2037 1559 medicus
2053 1518 2118 1572 (ut

346 1583 524 1634 quidem
539 1583 684 1624 visum
708 1582 790 1635 est)
815 1583 1238 1634 experientissimus,
1264 1583 1338 1635 qui
1365 1586 1514 1623 tamen
1535 1593 1633 1624 sero
1658 1582 1914 1634 aduocatus,
1932 1595 1990 1625 ne
2009 1584 2117 1636 quid

346 1648 623 1700 inexpertum
655 1649 936 1700 relinqueret,
966 1648 1289 1699 preciosissima
1320 1648 1540 1700 quaedam
1570 1649 1759 1700 gemmis
1792 1659 1922 1690 omne
1954 1659 2113 1701 genus,

348 1713 688 1765 margaritisque
724 1712 1016 1762 conterendis,
1047 1712 1365 1753 medicamenta
1398 1713 1609 1753 tentabat.
1645 1714 1821 1764 Quaerit
1849 1714 1911 1754 ibi
1933 1715 2028 1754 tum
2062 1724 2117 1754 ex

347 1775 637 1818 familiaribus
668 1778 928 1818 Laurentius
958 1777 1061 1830 (iam
1090 1778 1207 1818 enim
1239 1778 1422 1819 admissi
1449 1779 1616 1830 aliquot
1645 1778 1884 1831 fueramus)
1918 1779 2026 1832 quid
2043 1778 2117 1821 ille

347 1842 534 1893 agitaret
549 1843 763 1892 medicus,
787 1843 893 1894 quid
907 1843 1151 1884 moliretur.
1184 1844 1260 1884 Cui
1286 1855 1386 1884 cum
1415 1854 1497 1895 ego
1530 1844 1876 1895 respondissem,
1897 1844 2117 1896 epithema

345 1917 447 1947 eum
464 1907 737 1956 concinnare,
762 1918 849 1959 quo
869 1907 1122 1958 praecordia
1141 1906 1409 1957 fouerentur,
1426 1908 1575 1960 agnita
1587 1908 1660 1949 ille
1678 1909 1824 1950 statim
1841 1920 1960 1958 voce,
1979 1920 2030 1950 ac
2044 1920 2116 1949 me

343 1970 480 2012 hilare
501 1973 677 2013 intuens
693 1971 759 2025 (ut
781 1984 954 2024 semper
972 1971 1142 2024 solitus)
1166 1974 1277 2022 heus,
1300 1973 1455 2024 inquit,
1475 1974 1575 2013 heus
1595 1972 1764 2025 Anyele,
1787 1974 1920 2014 simul
1937 1973 2114 2015 brachia

342 2035 429 2075 iam
450 2037 663 2078 exhausta
684 2038 851 2079 viribus
871 2049 1004 2090 aegre
1026 2038 1246 2088 attollens,
1265 2049 1423 2078 manus
1438 2039 1594 2079 ambas
1608 2039 1850 2080 arctissime
1864 2038 2108 2091 prehendit.

342 2102 408 2141 Me
424 2113 527 2142 vero
549 2103 770 2155 singultus
790 2103 1128 2155 lachrymaeque
1150 2114 1249 2143 cum
1277 2104 1628 2154 occupauissent,
1663 2115 1775 2155 quas
1801 2104 1942 2145 celare
1966 2106 2114 2144 tamen

341 2166 498 2207 reiecta
517 2169 685 2208 ceruice
703 2168 910 2218 conabar,
933 2168 1069 2208 nihilo
1088 2168 1162 2208 ille
1183 2168 1455 2219 commotior,
1484 2169 1615 2208 etiam
1641 2170 1773 2219 atque
1802 2169 1934 2211 etiam
1952 2177 2123 2211 manus,

341 2231 602 2272 retentabat.
622 2232 703 2273 Ubi
720 2235 868 2273 autem
889 2233 1107 2284 persensit
1127 2233 1232 2272 fletu
1260 2233 1401 2273 adhuc
1426 2232 1672 2284 praepediri
1691 2244 1776 2284 me,
1803 2244 1890 2285 quo
1908 2232 2054 2273 minus
2073 2231 2114 2272 ei

342 2306 519 2347 operam
535 2297 700 2348 darem,
721 2299 859 2339 sensit
877 2299 1039 2339 scilicet
1059 2310 1150 2349 eas,
1173 2300 1387 2351 quasique
1408 2300 1739 2340 dissimulanter
1758 2298 1919 2340 omisit.
1932 2299 2024 2351 Ego
2040 2307 2111 2338 me

340 2365 488 2402 autem
503 2364 707 2415 contiguo
722 2364 765 2404 in
782 2364 1007 2415 penetrale
1027 2365 1206 2404 thalami
1221 2365 1400 2405 coniicio
1413 2365 1605 2415 flentem,
1619 2369 1751 2417 atque
1764 2364 1962 2405 habenas
1974 2361 2038 2416 (ut
2049 2362 2110 2403 ita

341 2426 497 2480 dicam)
518 2429 656 2469 dolori
674 2432 717 2469 et
735 2429 939 2481 lacrymis
962 2429 1079 2469 laxo.
1096 2431 1194 2469 Mox
1207 2433 1355 2470 tamen
1376 2433 1574 2470 reuertor
1587 2430 1757 2478 eodem,
1779 2428 1961 2470 siccatis-
1972 2437 2112 2479 quan-

338 2493 431 2531 tum
469 2492 627 2533 licebat
660 2494 810 2533 oculis.
852 2494 927 2533 Ille
947 2494 1025 2534 ubi
1056 2505 1126 2533 me
1158 2494 1279 2542 vidit,
1314 2494 1421 2534 vidit
1454 2496 1602 2533 autem
1637 2493 1799 2544 statim,
1832 2494 1957 2534 vocat
1983 2491 2040 2532 ad
2061 2502 2109 2532 se

340 2567 531 2606 rursum,
564 2558 821 2609 quaeritque
849 2557 1105 2608 perblande,
1135 2558 1241 2609 quid
1269 2559 1393 2599 Picus
1425 2558 1666 2599 Mirandula
1689 2569 1797 2599 suus
1823 2559 1987 2610 ageret.
2009 2558 2113 2598 Res-

338 2621 527 2672 pondeo,
550 2633 728 2663 manere
750 2633 850 2662 eum
868 2623 913 2662 in
927 2622 1051 2671 urbe,
1069 2622 1187 2674 quod
1205 2626 1423 2673 vereatur,
1446 2634 1517 2672 ne,
1539 2623 1629 2672 illo,
1649 2623 1685 2663 si
1699 2622 1860 2671 veniat,
1883 2620 2110 2662 molestior

340 2686 409 2725 sit.
429 2688 483 2726 At
504 2698 601 2739 ego,
624 2687 781 2739 inquit,
800 2687 1007 2737 vicissim,
1039 2687 1084 2726 ni
1101 2699 1256 2728 verear
1280 2699 1335 2728 ne
1356 2688 1593 2729 molestum
1614 2687 1669 2727 sit
1689 2686 1729 2727 ei
1747 2686 1829 2727 hoc
1844 2685 1939 2733 iter,
1959 2684 2108 2726 videre

337 2753 470 2802 atque
490 2752 653 2803 alloqui
671 2754 914 2792 extremum
932 2756 1148 2804 exoptem,
1163 2754 1421 2805 priusquam
1436 2752 1566 2804 plane
1582 2763 1608 2792 a
1622 2751 1748 2792 vobis
1763 2750 1943 2803 emigro.
1963 2749 2108 2790 Vin'tu

336 2815 533 2867 inquam,
559 2818 838 2858 accersatur?
863 2818 954 2870 Ego
986 2829 1101 2868 vero,
1138 2819 1198 2859 ait
1230 2819 1320 2868 ille,
1355 2818 1695 2870 quamprimum.
1726 2818 1813 2858 Ista
1841 2827 1947 2857 sane
1977 2815 2103 2865 facio,

335 2885 513 2922 venerat
534 2883 637 2931 iam,
670 2882 911 2931 assederat,
941 2886 1074 2934 atque
1105 2895 1187 2935 ego
1211 2895 1402 2935 quoque,
1430 2883 1549 2924 iuxta
1583 2883 1773 2936 genibus
1804 2881 2102 2931 incubueram‚

337 2957 424 2997 quo
443 2947 698 2999 loquentem
717 2950 953 2999 patronum
972 2947 1157 2997 facilius,
1177 2950 1330 2999 utpote
1353 2947 1521 2988 defecta
1539 2947 1628 2988 iam
1642 2947 1811 2996 vocula,
1830 2945 2101 2987 exaudirem.

336 3013 453 3051 Bone
477 3014 609 3063 Deus,
635 3023 721 3064 qua
745 3013 816 3052 ille
845 3012 961 3052 hunc
990 3013 1214 3052 hominem
1247 3012 1464 3062 comitate,
1496 3023 1582 3064 qua
1617 3011 1909 3060 humanitate,
1941 3010 2102 3063 quibus

335 3078 466 3118 etiam
486 3079 614 3130 quasi
635 3078 857 3119 blanditiis
882 3078 1084 3129 excepit?
1113 3078 1299 3130 Rogauit
1329 3078 1484 3129 primo,
1513 3077 1759 3129 ignosceret
1784 3075 1903 3128 quod
1922 3075 1963 3116 ei
1977 3075 2102 3116 labo-

333 3153 424 3182 rem
447 3143 562 3182 hunc
589 3143 866 3192 iniunxisset,
897 3143 1035 3183 amori
1063 3143 1145 3184 hoc
1170 3146 1317 3183 tamen
1347 3146 1388 3182 et
1416 3141 1751 3182 beneuolentiae
1777 3141 1824 3181 in
1851 3141 1975 3180 illum
1996 3150 2103 3180 suae

334 3206 615 3256 adscriberet,
634 3208 843 3248 libentius
865 3219 964 3248 sese
978 3208 1172 3248 animam
1194 3208 1427 3255 editurum,
1446 3208 1483 3246 si
1502 3206 1624 3257 prius
1639 3205 1892 3246 amicissimi
1912 3201 2102 3244 hominis

335 3275 515 3321 aspectu
546 3273 781 3313 morientes
814 3273 963 3313 oculos
994 3273 1213 3313 satiasset.
1249 3274 1359 3312 Tum
1392 3281 1618 3311 sermones
1649 3270 1795 3310 iniecit
1817 3270 2027 3318 urbanos,
2052 3271 2103 3308 ut

335 3335 519 3386 solebat,
551 3341 593 3377 et
618 3337 868 3378 familiares.
898 3339 993 3378 Non
1024 3337 1132 3377 nihil
1163 3337 1295 3377 etiam
1326 3339 1429 3376 tunc
1446 3346 1621 3386 quoque
1652 3335 1820 3376 iocatus
1851 3334 2097 3382 nobiscum,

331 3401 437 3451 quin
457 3404 667 3454 utrosque
687 3403 862 3444 intuens
883 3413 989 3453 nos;
1018 3401 1180 3451 Vellem,
1203 3401 1277 3449 ait,
1296 3399 1526 3440 distulisset
1546 3400 1770 3440 mesaltem
1783 3410 1902 3440 mors
1922 3399 2022 3439 haec
2040 3396 2098 3438 ad
