2262 3958
336 321 413 370 150'
939 328 1169 364 ιτΟΗΑΝΝιε
1203 327 1498 374 BURCHARDI,
1886 327 1989 369 {Aoni
2011 329 2102 370 1485]

339 435 399 482 ad
410 435 576 482 locum
599 450 735 493 snum
758 419 966 490 reverso,
992 431 1144 494 primo
1161 430 1332 477 deinde
1349 430 1523 477 ceteris
1538 430 1793 495 episcopis,
1809 429 2102 495 presbyteris

339 522 386 565 et
423 516 636 564 diaconis
672 519 795 578 Pape
839 514 1173 573 servientibus,
1216 513 1370 576 primo
1409 514 1580 563 deinde
1625 515 1728 563 aliis
1763 514 2098 574 cardinalibus,

338 604 436 647 tum
458 599 651 662 prelatis
674 602 720 646 et
741 598 914 645 ceteris
942 598 1110 645 tradidi
1151 597 1478 644 osculandum.
1519 597 1672 644 Finita
1697 597 1859 658 missa,
1889 596 2104 646 ascendit

337 686 445 730 ante
468 682 633 739 altare,
670 681 748 728 ubi
774 684 903 728 stans
936 681 1111 744 populo
1140 680 1405 740 benedixit,
1442 680 1550 727 loco
1583 680 1872 728 celebrantis.
1897 679 2062 727 dicens
2088 695 2098 727 :

336 764 413 811 Sit
428 778 596 810 nomen
621 763 824 823 Domini,
851 771 934 810 etc.
961 763 1140 811 Deinde
1163 763 1222 810 ad
1242 763 1466 826 palatium
1489 777 1583 825 quo
1604 762 1733 810 venit
1761 750 1833 810 est
1862 776 2097 810 reversus.

338 847 432 898 Sed
465 851 515 895 ut
555 847 700 901 tutius
744 862 957 909 agerem,
998 850 1255 908 antequam
1291 846 1437 893 missa
1468 846 1776 908 inciperetur,
1812 845 2100 908 interrogavi

337 932 540 977 RRmos.
568 932 667 977 DD.
697 929 961 977 cardinales
983 929 1361 991 Neapolitanum,
1389 945 1426 976 s.
1455 928 1620 987 Marci,
1656 929 1714 975 ad
1741 944 1883 991 quem
1908 942 1969 976 ex
1987 928 2103 992 ipsis

337 1015 573 1075 spectaret
593 1011 806 1075 pontifici
829 1011 876 1058 in
906 1011 1181 1074 hujusmodi
1204 1011 1349 1058 missa
1367 1011 1541 1058 librum
1566 1014 1612 1058 et
1632 1027 1802 1074 pacem
1824 1011 2099 1074 porrigere3

337 1095 415 1156 qui
437 1095 555 1142 mihi
576 1094 927 1158 responderunt
947 1094 994 1141 id
1015 1094 1158 1157 priori
1180 1095 1570 1158 presbyterorum
1593 1091 1905 1139 cardinalium
1927 1104 2103 1139 conve-

336 1177 456 1236 nire,
482 1179 620 1224 Rmo.
647 1180 703 1224 D.
737 1177 975 1224 cardinale
1005 1179 1236 1238 Senense,
1267 1177 1577 1224 diaconorum
1607 1173 1785 1238 priore,
1821 1173 1948 1236 quod
1969 1171 2029 1221 ad
2050 1189 2100 1221 se

334 1259 603 1323 pertinebat
624 1263 868 1308 asserente
901 1277 910 1308 :
937 1270 1080 1323 super
1104 1277 1198 1323 qua
1227 1263 1390 1307 Rmus.
1417 1262 1473 1306 D.
1506 1258 1758 1322 episcopus
1787 1256 2033 1304 Pientinus
2054 1256 2103 1303 in

336 1343 498 1390 officio
520 1343 903 1392 ceremoniarum
924 1343 1242 1406 predecessor
1260 1358 1413 1401 meuS,
1435 1341 1774 1403 interrogatus,
1794 1338 1909 1386 dixit
1930 1338 1978 1385 id
1990 1353 2103 1402 pro-

333 1426 436 1489 prie
459 1427 518 1473 ad
539 1426 749 1489 priorem
773 1426 1109 1490 episcoporum
1131 1425 1440 1474 cardinalium
1462 1426 1557 1472 sive
1579 1424 1787 1487 primum
1809 1421 2102 1470 cardinalem
2164 1443 2167 1446 ·

334 1508 382 1555 in
432 1509 673 1572 pontificis
715 1509 958 1573 presentia
1007 1510 1320 1557 constitutum
1359 1509 1634 1572 pertinere;
1673 1508 1808 1570 cujus
1848 1505 2101 1554 assertioni

339 1592 454 1640 dicti
475 1593 740 1640 cardinales
762 1592 1117 1640 consentientes
1139 1592 1335 1639 modum
1358 1592 1683 1655 supradictum
1705 1590 2034 1637 observarunt.

399 1676 536 1724 Feria
548 1677 775 1735 secunda,
792 1680 819 1722 4
838 1677 1017 1724 mensis
1029 1677 1150 1740 julii,
1169 1677 1357 1723 fuerunt
1371 1676 1546 1723 indicte
1561 1673 1830 1722 vacationes
1849 1670 2100 1736 generales

334 1760 394 1805 ab
415 1759 507 1806 hac
528 1759 603 1806 die
626 1775 778 1822 usque
799 1760 859 1806 ad
878 1760 1105 1807 kalendas
1127 1759 1337 1807 octobris
1357 1759 1609 1806 exclusive.

398 1842 534 1889 Feria
565 1846 750 1904 quarta,
788 1846 814 1889 6
855 1842 1033 1889 mensis
1060 1842 1183 1905 julii,
1217 1843 1300 1889 SS.
1351 1844 1405 1888 D.
1443 1843 1495 1888 N.
1535 1841 1583 1887 in
1625 1853 1819 1887 camera
1853 1854 1940 1885 sua
1965 1838 2102 1901 juxta

334 1940 576 1974 cameram
610 1925 863 1988 papagalli,
908 1925 1188 1987 genuflexus
1225 1925 1347 1972 intra
1385 1924 1577 1982 ostium,
1608 1920 1784 1969 audivit
1811 1919 2007 1968 missam
2044 1919 2103 1969 ab

333 2023 428 2055 uno
455 2024 513 2056 ex
541 2007 843 2056 cubiculariis
873 2007 970 2054 suis
992 2007 1040 2054 in
1061 2023 1252 2055 camera
1278 1997 1512 2071 papagalli
1541 2005 1850 2063 celebratam,
1882 2005 2100 2052 cardina-

329 2090 452 2138 libus
473 2090 608 2153 quasi
631 2090 850 2138 omnibus
868 2090 917 2137 in
942 2090 1112 2138 eadem
1132 2090 1366 2153 papagalli
1387 2090 1712 2153 presentibus.
1734 2093 1896 2137 Rmus.
1913 2092 1970 2137 D.
1994 2104 2100 2137 car-

329 2172 499 2220 dinalis
525 2173 750 2220 Senensis
783 2173 913 2236 prior
938 2173 1249 2221 diaconorum
1271 2177 1319 2219 et
1340 2188 1577 2220 consensu
1599 2177 1761 2220 tamen
1789 2177 1836 2220 et
1858 2172 2100 2220 voluntate

330 2256 645 2319 Neapolitani,
672 2272 710 2303 s.
736 2256 882 2303 Marci
906 2261 951 2303 et
971 2256 1173 2303 aliorum
1195 2255 1526 2315 cardinalium,
1544 2256 1756 2319 porrexit
1778 2258 1903 2319 Pape
1924 2254 2100 2304 librum

328 2343 436 2404 post
475 2339 771 2402 evangelium
811 2344 858 2386 et
890 2355 1059 2402 pacem
1104 2339 1414 2390 osculandam
1465 2354 1599 2385 more
1647 2341 1896 2384 consueto.
1943 2336 2099 2385 Finita

329 2421 490 2481 missa,
516 2421 765 2469 celebrans
786 2421 1030 2468 benedixit
1051 2422 1288 2478 omnibUS,
1315 2421 1457 2469 etiam
1487 2423 1632 2484 Pape,
1662 2423 1824 2482 preter
1845 2419 2100 2467 consuetu-

329 2505 507 2564 dinem,
530 2504 656 2566 quod
674 2504 818 2551 ctiam
841 2506 979 2550 Rmo.
1006 2506 1061 2550 D.
1097 2504 1323 2552 cardinali
1354 2520 1392 2550 s.
1421 2503 1569 2550 Marci
1594 2502 1850 2565 displicuit.
1885 2501 2101 2550 Debebat

328 2588 473 2647 enim,
507 2587 634 2635 dicta
667 2587 881 2634 oratione
926 2605 934 2633 ε
965 2583 1155 2650 'placeat
1184 2588 1329 2650 Pape,
1370 2587 1651 2650 genuflexus
1684 2601 1770 2649 per
1801 2585 1912 2643 hoc,
1949 2585 2008 2632 ab
2039 2601 2097 2633 eo

324 2671 515 2719 licentia
532 2675 743 2733 accepta,
770 2669 872 2717 aliis
891 2685 918 2717 a
939 2686 1087 2717 cornu
1109 2670 1307 2733 epistole
1330 2674 1377 2717 et
1406 2670 1454 2717 in
1481 2669 1639 2717 medio
1668 2668 1829 2716 altaris
1857 2683 2020 2716 coram
2039 2680 2094 2716 *se

328 2753 598 2802 constitutis
618 2754 938 2813 benedixisse,
964 2754 1135 2802 deinde
1161 2769 1326 2801 versus
1351 2753 1408 2800 ad
1431 2751 1709 2816 pontificem
1733 2750 2015 2814 genuflexus
2036 2751 2096 2797 ab

329 2852 386 2883 eo
428 2835 813 2884 benedictionem
852 2836 1114 2899 accepisse.
1152 2838 1269 2883 Tum
1302 2834 1534 2898 pontifex,
1572 2834 1779 2897 acceptis
1802 2832 2095 2897 paramentis

330 2920 589 2979 consuetis,
631 2919 759 2967 venit
805 2919 866 2967 ad
912 2919 1102 2966 tertiam
1143 2918 1301 2966 aulam
1346 2917 1426 2965 ubi
1469 2917 1712 2981 publicum
1760 2915 2096 2964 consistorium

330 3002 480 3049 tenuit
500 3002 548 3049 in
575 3017 668 3064 quo
697 3004 751 3048 R.
778 3004 830 3049 P.
857 3003 912 3048 D.
938 3001 1180 3049 Johannes
1203 3001 1459 3064 episcopus
1488 2999 1861 3049 Wormaciensis
1892 3002 1939 3046 et
1963 2998 2098 3046 illus-

332 3084 412 3131 tris
438 3087 494 3132 D.
532 3085 801 3133 Bernardus
834 3098 998 3132 comes
1032 3084 1090 3132 de
1117 3083 1366 3131 Erbestein
1388 3088 1621 3140 oratoreS,
1654 3081 1848 3128 nomine
1871 3081 2006 3128 illmi.
2037 3083 2093 3129 D.

329 3167 515 3215 comitis
539 3167 738 3216 Palatini
768 3167 941 3226 Rheni,
974 3167 1283 3230 prestiterunt
1310 3166 1554 3213 Sanctitati
1583 3181 1665 3212 sue
1697 3165 2021 3212 obedientiam
2051 3168 2098 3212 et

328 3250 643 3298 reverentiam
679 3255 975 3308 consuetam,
1022 3250 1148 3298 dicto
1187 3248 1380 3296 domino
1416 3249 1641 3312 episcopo
1684 3248 1952 3296 orationem
1980 3247 2093 3295 satis

328 3332 574 3381 barbarice
594 3322 937 3397 pronunciante
961 3332 1041 3398 (1).

374 3431 407 3465 1.
436 3430 484 3466 Ce
505 3431 667 3468 discours
689 3443 726 3468 se
746 3436 872 3469 trouve
889 3432 981 3468 dans
1001 3430 1133 3478 Lunig,
1156 3442 1238 3468 ouv.
1261 3430 1342 3476 cite,
1365 3434 1390 3467 t.
1413 3430 1475 3476 1⁰2
1497 3441 1532 3477 p.
1551 3431 1612 3466 64,
