2262 3958
296 306 366 341 326
903 301 1135 338 ιΙΟΗΑΝΝῙΞ
1168 300 1462 349 BURCHARDI,
1745 305 1951 347 [Decembre
1973 306 2064 348 1488]
2131 339 2134 342 Δ

298 409 463 454 Rmus,
504 409 559 453 D.
602 404 853 453 cardinalis
888 420 926 451 S.
959 403 1085 451 Petri
1119 404 1178 451 ad
1205 403 1409 453 Vincula
1428 420 1514 469 pro
1534 405 1827 456 habitatione
1857 422 2075 471 persone.

299 488 467 552 prefati
502 489 623 535 Rmi.
661 491 718 535 D.
756 486 1006 535 cardinalis
1039 486 1306 535 Genuensis
1339 492 1613 551 paraverat3
1649 489 1777 539 idem
1810 490 2065 539 cardinalis

298 570 561 618 Genuensis
584 569 811 632 equitavit
838 570 886 616 in
913 570 1023 618 loco
1057 585 1141 618 sue
1175 570 1512 633 promotionis,
1550 571 1804 635 aliquando
1835 589 1864 621 a
1890 573 2067 622 dextris

299 652 550 700 cardinalis
569 652 626 699 de
647 652 909 700 Comitibus
931 652 1187 715 aliquando
1205 668 1233 700 a
1254 652 1456 701 sinistris
1473 652 1727 701 cardinalis
1746 669 1785 700 s.
1810 654 2066 703 Clementis

299 735 562 783 secundum
584 736 711 798 quod
733 736 850 783 ordo
879 735 1212 799 expostulabat
1239 754 1247 783 :
1279 735 1377 783 bini
1405 739 1451 782 et
1486 735 1584 783 bini
1615 734 1892 798 equitabant
1918 736 2070 784 cardi-

299 818 432 866 nales
472 834 622 881 usque
660 819 718 866 ad
751 818 970 866 ultimum
1004 818 1165 867 locum
1197 818 1245 865 in
1278 833 1373 881 quo
1410 822 1506 867 tres
1544 818 1839 881 equitabant,
1882 817 2087 867 medius·

300 901 552 949 cardinalis
572 902 630 949 de
655 902 874 960 Sabellis,
894 917 921 949 a
947 902 1124 949 dextris
1143 902 1202 950 de
1221 901 1455 949 Columna
1475 906 1520 949 et
1539 917 1567 949 a
1588 901 1791 948 sinistris
1808 901 2068 949 Ascanium

301 984 567 1032 cardinales
609 984 795 1032 habens
833 1000 992 1040 :cum
1034 988 1197 1032 essent
1230 989 1338 1032 ante
1369 984 1566 1032 domum
1606 983 1860 1047 prefatam,
1897 999 2067 1043 omnes

302 1066 569 1115 cardinales
608 1083 694 1130 per
732 1067 948 1115 ordinem
977 1068 1036 1115 ab
1070 1078 1168 1115 uno
1206 1067 1356 1116 latere
1396 1072 1565 1116 contra
1601 1067 1774 1115 ostium
1814 1068 1985 1116 domus
2018 1082 2069 1116 se

302 1149 581 1208 firmarunt;
618 1154 732 1196 tunc
776 1149 1029 1197 cardinalis
1068 1149 1354 1208 Genuensis,
1388 1149 1576 1198 detecto
1619 1150 1792 1213 capite,
1826 1154 1936 1198 ante
1974 1149 2070 1198 sin·

302 1231 437 1294 gulos
460 1230 708 1293 equitavit3
734 1232 802 1279 eis
836 1231 1010 1295 gratias
1033 1246 1199 1293 agens,
1232 1232 1431 1295 sing-ulis
1455 1231 1665 1295 porrexit
1686 1247 1885 1280 manum
1905 1235 1952 1280 et
1973 1231 2070 1280 sin-

302 1314 424 1377 gulis
456 1313 630 1361 iterum
665 1315 907 1362 osculatus
928 1318 1090 1377 preter
1110 1314 1476 1363 instructionem
1499 1330 1683 1373 meam;
1709 1315 1922 1363 dixeram
1943 1315 2072 1364 enim

302 1396 390 1443 sibi
423 1396 552 1459 quod
579 1397 755 1459 gratias
784 1401 949 1459 ageret
976 1396 1194 1460 singuliS,
1238 1397 1540 1461 paucissimis
1577 1397 1733 1445 verbis
1762 1398 1936 1461 primo,
1967 1402 2071 1446 tum

301 1478 424 1538 aliis,
466 1484 607 1542 caput
636 1479 932 1538 inclinando,
971 1484 1165 1543 ageret3
1201 1495 1296 1543 quo
1330 1481 1454 1528 facto
1487 1486 1597 1530 ante
1634 1485 1822 1545 portam
1853 1497 1988 1530 suam
2020 1497 2072 1531 se

302 1561 516 1620 firmanS,
543 1561 732 1609 detecto
762 1562 934 1625 capite,
960 1561 1259 1625 singulorum
1280 1579 1527 1612 recessum
1558 1564 1848 1628 expectavit3
1873 1565 2068 1613 tandem

301 1643 696 1691 intravitdomum
720 1644 1001 1707 predictam.
1023 1646 1163 1693 Forte
1184 1645 1273 1693 iste
1297 1646 1556 1695 Cardinalis
1588 1646 1719 1710 prius
1744 1646 1794 1694 in
1814 1646 1941 1695 Urbe
1962 1645 2069 1706 fuit,

302 1726 513 1790 alioquin
547 1726 638 1774 ista
662 1726 865 1775 obviatio
893 1743 992 1776 non
1026 1733 1124 1776 erat
1147 1728 1226 1776 tali
1256 1729 1401 1777 modo
1424 1729 1647 1778 habenda
1668 1727 1750 1787 (1).

368 1809 505 1856 Feria
525 1809 707 1872 quinta,
737 1813 786 1856 11
827 1811 1006 1858 mensis
1037 1810 1326 1871 decembris,
1356 1814 1410 1859 R.
1439 1814 1488 1860 P.
1512 1814 1569 1859 D.
1600 1811 1788 1860 Gabriel
1807 1811 2069 1876 :episcopus

305 1892 585 1956 Adjacensis
607 1893 866 1941 celebravit
896 1894 1092 1941 missam
1119 1894 1358 1958 publicam
1391 1910 1477 1958 pro
1502 1894 1661 1942 anima
1688 1894 1813 1942 bone
1835 1894 2068 1943 memorie

305 1976 536 2023 ,Iohannis
551 1975 672 2023 tituli
690 1992 728 2024 s.
750 1977 976 2024 Praxedis
991 1976 1257 2042 presbyteri
1279 1977 1533 2028 cardinalis
1550 1977 1919 2026 Mediolanensis
1936 1978 2070 2040 juxta

305 2074 491 2107 morem
524 2060 707 2123 capelle
734 2063 897 2108 nostre
921 2060 969 2107 in
993 2060 1178 2124 capella
1210 2061 1394 2124 majore
1423 2060 1584 2123 palatii
1607 2059 1856 2123 apostolici
1878 2059 2005 2124 apud
2034 2075 2071 2107 s,

306 2145 519 2202 Petrum,
541 2148 588 2191 et
602 2149 711 2207 post
726 2144 921 2192 missam
943 2144 1139 2192 absolvit
1161 2159 1297 2192 more
1311 2143 1468 2202 solito,
1490 2146 1618 2206 Papa
1635 2143 1852 2202 absente,
1877 2142 2068 2191 RRmis.

305 2228 403 2272 DD.
433 2227 744 2290 Neapolitano
773 2245 808 2276 s.
840 2227 988 2275 Marie
1017 2228 1067 2274 in
1090 2227 1298 2287 Porticu,
1324 2225 1673 2290 Andegavensi,
1696 2225 1960 2289 episcopis;
1985 2224 2075 2274 Ress

306 2309 600 2369 chanatensi,
623 2310 680 2357 de
704 2310 985 2369 Comitibus,
1007 2310 1272 2368 Parmensi,
1288 2309 1579 2373 presbyteris
1600 2324 1609 2367 ;
1629 2308 1686 2356 de
1703 2310 1851 2365 Fuxo,
1871 2323 1911 2356 s.
1929 2309 2074 2356 Geor-

307 2391 387 2454 gii,
414 2391 471 2438 de
498 2392 716 2452 Sabellis,
742 2393 799 2439 de
821 2393 1068 2452 Columna,
1100 2393 1158 2440 de
1185 2392 1364 2440 Ursinis
1387 2395 1434 2439 et
1454 2390 1661 2438 Ascanio
1685 2390 1897 2438 diaconis
1918 2390 2074 2438 cardi-

307 2473 492 2520 nalibus
513 2475 830 2536 presentibus.
856 2478 968 2522 Post
995 2475 1264 2538 epistolam,
1288 2472 1576 2535 interrogavi
1597 2471 1840 2535 predictos
1862 2473 2068 2520 RRmos.

307 2557 407 2602 DD.
429 2556 693 2604 cardinales
724 2557 781 2604 de
815 2557 1041 2605 mandato
1083 2558 1167 2604 SS.
1194 2559 1248 2604 D.
1276 2559 1330 2604 N.
1370 2571 1491 2620 pape
1513 2571 1599 2619 per
1619 2557 1681 2602 D.
1713 2556 1771 2602 A.
1793 2554 2072 2618 episcopum

307 2638 591 2687 Auriensem
631 2640 867 2688 datarium
916 2638 1034 2687 mihi
1068 2640 1211 2698 facto,
1254 2639 1442 2702 quando
1487 2638 1700 2701 placeret
1733 2637 1931 2685 RRmis.
1969 2639 2069 2685 DD.

309 2722 435 2784 quod
461 2722 609 2770 missa
631 2723 797 2770 similis
826 2724 1085 2786 exequialis
1113 2739 1199 2786 pro
1229 2723 1385 2770 anima
1413 2722 1489 2786 pie
1518 2722 1749 2770 memorie
1775 2721 2074 2770 JacobiSco-

313 2807 465 2852 torum
493 2805 619 2868 regis
652 2805 847 2853 illustris
878 2806 1089 2854 defuncti
1124 2810 1273 2854 estate
1306 2805 1535 2870 preterita
1578 2806 1625 2852 in
1655 2804 1838 2868 capella
1865 2803 2076 2868 predicta

309 2887 594 2936 celebretur.
620 2890 987 2952 Responderunt
1007 2905 1174 2936 omnes
1197 2905 1246 2936 se
1270 2888 1518 2936 Sanctitati
1534 2903 1618 2935 sue
1635 2887 1934 2935 remittentes
1951 2885 2079 2949 quod

311 2986 421 3017 cum
441 2971 675 3019 Sanctitas
695 2987 781 3020 sua
800 2972 1078 3035 hujusmodi
1094 2972 1290 3020 missam
1312 2971 1544 3019 celebrari
1570 2971 1745 3018 debere
1763 2969 1880 3034 ipsis
1900 2969 2078 3016 faceret

310 3053 542 3112 intimari;
567 3054 652 3114 illi,
678 3058 728 3103 ut
749 3055 943 3114 debent,
968 3055 1173 3103 libenter
1191 3056 1478 3112 intererunt;
1505 3054 1633 3116 quod
1650 3052 1821 3101 deinde
1844 3052 1902 3100 ad
1922 3051 2078 3099 statim

312 3138 369 3184 D.
408 3136 633 3201 episcopo
671 3137 893 3185 Auriensi
940 3138 1123 3186 datario
1159 3142 1205 3185 et
1242 3136 1439 3185 sacriste
1481 3136 1663 3199 capelle
1703 3139 1865 3183 nostre
1920 3133 2076 3182 retuli.

378 3219 628 3268 Dominica
647 3219 786 3268 tertia
807 3220 1035 3268 adventus
1057 3219 1265 3279 Domini,
1298 3222 1355 3265 14
1383 3218 1562 3265 mensis
1592 3217 1880 3276 decembris,
1906 3220 2072 3265 RmuS.

360 3343 393 3377 1.
422 3342 521 3378 Cette
541 3344 703 3380 derniere
729 3344 860 3392 phrase
880 3347 936 3380 est
955 3344 1213 3380 certainement
1232 3353 1303 3378 une
1322 3352 1511 3389 remarque
1540 3352 1610 3389 que
1631 3341 1735 3378 Paris
1755 3342 1800 3378 de
1821 3340 1966 3378 Grassis
1986 3351 2076 3376 aura-

312 3401 395 3437 faite
420 3413 463 3437 en
477 3413 600 3449 marge
622 3403 669 3438 du
684 3403 883 3439 manuscrit
902 3402 1054 3450 original
1071 3406 1106 3439 et
1126 3402 1238 3449 qu'un
1261 3400 1377 3438 scribe
1396 3411 1485 3437 aura
1499 3399 1695 3448 interpolee
1713 3401 1805 3437 dans
1826 3400 1856 3436 le
1870 3402 1978 3437 texte.
