2262 3958
153 272 360 317 [Decembre
384 270 476 311 1492]
601 269 771 307 RERUM
803 269 1108 307 URBANARUM
1142 269 1493 308 COMMENTARII.
1869 274 1942 310 439

147 373 376 425 inclusive
393 378 590 438 paratus
612 378 732 433 erat,
757 374 806 422 in
824 389 918 438 qua
937 373 1053 421 dixit
1073 374 1342 422 orationem
1364 378 1411 423 et
1427 375 1570 434 male,
1596 375 1709 439 quia
1730 376 1937 426 debebat

141 459 251 511 loco
270 444 461 523 planete
480 457 683 522 pluviale
705 473 792 522 pro
815 457 1030 506 oratione
1052 473 1139 522 per
1156 473 1268 506 eum
1284 458 1489 507 dicenda
1509 459 1787 523 hujusmodi
1807 476 1937 509 rece-

141 541 290 608 pisse.
315 541 488 590 Omnia
508 542 599 591 alia
621 557 755 590 more
779 541 919 589 solito
948 545 1060 590 sunt
1081 541 1350 602 observata,
1378 544 1433 590 D.
1459 543 1645 591 Aldello
1668 544 1801 592 socio
1824 561 1935 594 meo

141 613 508 690 referente‚'qui
536 624 767 673 interfuit.
795 625 1071 673 Secundam
1096 625 1294 673 missam
1322 626 1578 675 celebravit
1606 627 1753 676 abbas
1782 645 1820 676 s,
1848 630 1936 677 Se-

139 709 347 760 bastiani
370 709 587 758 sacrista.

207 792 480 852 Dominica,
514 795 574 840 25
612 791 727 839 dicti
761 791 944 838 mensis
981 791 1274 850 decembriS,
1322 794 1405 840 SS.
1446 796 1502 840 D.
1547 796 1603 841 N.
1639 800 1835 857 paratus
1873 813 1931 844 ex

138 891 276 925 more
310 875 468 934 solito,
505 874 564 923 de
593 889 788 922 camera
824 873 1063 937 papagalli
1098 875 1543 937 processionaliter,
1584 892 1790 939 regnum
1832 880 1929 927 sive

143 961 316 1011 tiaram
366 959 455 1008 sub
503 957 794 1007 baldachino
836 957 1024 1006 habens
1068 958 1118 1005 in
1167 958 1349 1022 capite,
1403 959 1534 1007 venit
1571 960 1632 1007 ad
1679 961 1930 1010 basilicam

137 1043 484 1112 supradictam,
516 1042 716 1090 missam
747 1041 1019 1090 solemnem
1054 1032 1416 1090 celebraturus.-
1440 1043 1657 1090 Primum
1701 1044 1927 1094 baculum

135 1126 412 1177 baldachini
441 1126 649 1191 portavit
678 1125 974 1189 lantgravius
1015 1125 1204 1184 Hessie,
1247 1125 1378 1173 aliud
1418 1125 1513 1173 dux
1541 1127 1680 1186 Sore,
1722 1128 1817 1176 alia
1846 1129 1925 1177 alii

133 1223 271 1275 more
292 1208 453 1258 solito,

179 1295 358 1354 ,Rmus
385 1295 443 1342 D.
469 1292 728 1340 cardinalis
748 1290 1016 1340 Aler'iensis
1036 1292 1097 1340 ad
1117 1293 1370 1344 basilicam
1384 1295 1659 1360 predictam
1681 1297 1923 1347 veniendo

131 1376 251 1427 dixit
270 1376 392 1425 mihi
414 1375 525 1424 duci
549 1378 667 1424 Sore
690 1376 920 1441 injuriam
950 1378 1057 1427 fieri
1085 1395 1173 1443 pro
1204 1396 1261 1428 eo
1292 1381 1422 1445 quod
1442 1381 1740 1444 lantgravius
1761 1381 1920 1445 ipsum

129 1460 438 1527 precederet,
475 1476 586 1508 cum
629 1460 726 1509 dux
762 1461 955 1525 dignior
988 1467 1117 1511 esset
1156 1463 1452 1528 lantgravio;
1492 1464 1723 1529 respondi
1763 1464 1922 1528 ipsum

129 1545 306 1595 ducem
342 1545 588 1595 titularem
629 1561 737 1593 esse
769 1551 818 1594 et
859 1547 995 1610 quasi
1033 1547 1083 1594 in
1118 1548 1275 1611 patria
1309 1565 1413 1608 sua,
1452 1549 1776 1613 lantgravium
1806 1564 1922 1597 vero

127 1630 399 1698 principem
440 1629 706 1689 forensem,
744 1635 791 1679 et
822 1630 952 1694 quod
992 1632 1076 1679 SS.
1122 1634 1178 1679 D.
1222 1634 1275 1681 N.
1319 1633 1386 1682 ita
1424 1634 1530 1682 fieri
1571 1632 1916 1681 mandavisset.

128 1713 395 1780 Replicavit
416 1713 676 1762 cardinalis
699 1714 1017 1763 Sanctitatem
1040 1730 1177 1762 suam
1200 1731 1346 1779 super
1366 1716 1462 1764 hoc
1494 1717 1617 1765 forte
1646 1732 1744 1764 non
1773 1715 1919 1763 fuisse

125 1797 251 1847 bene
272 1797 587 1847 informatam
609 1803 656 1847 et
678 1799 809 1862 quod
838 1815 1003 1847 meum
1033 1804 1162 1847 esset
1189 1799 1407 1847 officium
1438 1801 1757 1849 Sanctitatem
1781 1816 1918 1848 suam

127 1882 177 1930 in
198 1881 482 1947 hujusmodi
514 1881 775 1946 diligenter
804 1883 1088 1942 informare,
1123 1883 1300 1932 deinde
1330 1884 1504 1947 exequi
1527 1899 1620 1947 que
1643 1882 1914 1931 mandaret.

123 1965 341 2015 Priuiam
379 1981 554 2031 aquam
595 1966 729 2015 dedit
759 1973 923 2017 orator
953 1966 1088 2014 ducis
1127 1967 1409 2026 Mediolani,
1453 1966 1717 2015 secundam
1756 1971 1920 2015 orator

122 2050 460 2111 Venetiarum‚
485 2050 681 2099 tertiam
705 2050 820 2098 dare
843 2051 1011 2099 debuit
1033 2051 1319 2098 Franciscus
1344 2050 1461 2099 Cibo
1484 2051 1611 2098 filius
1634 2053 1762 2114 Pape
1785 2051 1914 2114 quia,

130 2135 187 2183 D.
210 2131 402 2203 Aldello
432 2133 566 2181 socio
595 2149 707 2181 meo
739 2134 809 2181 sic
837 2134 1080 2198 placente,
1122 2134 1183 2182 ad
1212 2134 1307 2182 hoc
1330 2150 1418 2198 per
1449 2150 1537 2181 nos
1569 2134 1727 2182 fuerat
1756 2135 1916 2181 nomi—

125 2221 286 2278 natus,
310 2217 398 2266 sed
416 2217 522 2283 ipse
551 2218 837 2266 Franciscus
865 2219 1130 2277 recusavit;
1163 2218 1231 2266 sic
1260 2218 1365 2281 ejus
1392 2217 1500 2265 loco
1536 2216 1668 2265 dedit
1696 2217 1914 2264 marchio

124 2300 332 2360 Einalis3
366 2306 589 2366 quartam
619 2301 753 2351 dedit
794 2302 1088 2366 lantgravius
1118 2301 1288 2349 Hessie
1318 2299 1640 2364 supradictus,
1675 2300 1915 2350 Vicecan-

120 2383 346 2433 cellarius
372 2385 461 2434 fuit
479 2386 748 2444 -assistens;
777 2387 1008 2434 Senensis
1044 2386 1176 2434 dixit.
1201 2385 1535 2448 evangelium3
1561 2385 1689 2432 filius
1721 2385 1912 2433 comitis

119 2467 331 2538 Pitiliani
367 2468 695 2518 subdiaconus
735 2470 1018 2534 epistolam3
1051 2470 1130 2534 qui
1163 2470 1309 2518 etiam
1347 2468 1578 2532 imposuit
1612 2468 1909 2517 chirotecam

117 2550 169 2600 in
195 2551 391 2617 sinistra
419 2569 566 2601 manu
595 2554 858 2619 pontificiS,
890 2569 1001 2601 cum
1031 2558 1316 2618 paramenta
1346 2554 1606 2618 acciperet.
1645 2554 1910 2618 Episcopus

118 2633 380 2683 Perusinus
415 2638 706 2686 secretarius
740 2640 868 2702 Pape
897 2637 1017 2686 dixit
1054 2638 1360 2708 evangelium
1389 2654 1590 2702 grecum
1620 2643 1667 2687 et
1696 2642 1753 2688 D.
1786 2642 1911 2686 Lau-

120 2717 307 2767 rentius
328 2719 476 2768 etiam
498 2722 791 2770 secretarius
813 2721 933 2771 dixit
956 2722 1212 2787 epistolam
1234 2738 1451 2787 grecam.

184 2801 342 2850 Finita
379 2803 545 2864 missa,
601 2806 731 2869 Papa
780 2805 912 2854 dedit
960 2806 1355 2855 benedictionem
1403 2811 1664 2870 antequam
1724 2806 1908 2856 diceret

121 2886 339 2948 Placeat,
381 2888 781 2938 vicecancellario
822 2891 891 2938 sic
931 2890 1186 2939 ordinante
1228 2895 1276 2939 et
1312 2891 1457 2950 male,
1498 2891 1579 2954 qui
1609 2890 1907 2938 voluntatem

123 2986 286 3020 meam
322 2976 371 3021 et
406 2987 607 3021 romane
639 2974 857 3022 Ecclesie
890 2975 1149 3025 observare
1181 2976 1359 3035 noluit;
1390 2982 1556 3025 tamen
1585 2976 1695 3036 vici,
1730 2991 1817 3039 pro
1850 2992 1907 3023 eo

123 3054 252 3119 quod
290 3054 340 3102 in
378 3054 503 3104 libro
533 3047 735 3117 mis'ffali,
766 3074 855 3121 per
887 3058 1073 3108 obitum
1113 3060 1358 3123 quondam
1393 3060 1651 3108 cardinalis
1681 3058 1909 3123 Andega-

122 3138 281 3187 vensis
321 3139 504 3204 capelle
535 3146 700 3190 nostre
730 3159 818 3206 per
863 3142 1046 3192 dictum
1075 3147 1132 3192 D.
1158 3147 1214 3192 N.
1248 3145 1446 3200 donat0,
1474 3161 1533 3192 ex
1557 3160 1650 3208 quo
1682 3143 1905 3192 Pontifex

122 3221 322 3270 missam
345 3221 548 3283 dixerat,
575 3225 644 3274 sic
664 3227 824 3291 reperi
838 3231 1140 3276 annotatum.
1161 3231 1283 3278 Data
1302 3229 1647 3277 benedictione
1671 3233 1718 3276 et
1742 3227 1903 3276 indul-

121 3304 300 3370 gentiis
329 3305 560 3369 plenariis
589 3326 678 3374 per
707 3313 900 3359 Rmum.
939 3315 994 3360 D.
1030 3312 1327 3361 cardinalem
1360 3316 1629 3362 Senensem
1664 3311 1904 3377 (vicecan-

125 3393 323 3441 cellario
364 3394 413 3441 id
452 3394 612 3442 facere
649 3384 861 3460 nolente)
904 3396 1179 3460 publicatis,
1223 3397 1556 3446 sanctissimus
1597 3399 1653 3445 D.
1688 3398 1744 3445 N.
1788 3400 1902 3445 tunc
