2262 3958
193 284 416 332 [Avrn1492]
628 280 797 316 RERUM
833 278 1136 316 UHBANAHUM
1170 279 1521 315 quMENTAfflJ.
1908 281 1977 315 4155

254 389 360 434 Dux
386 383 604 433 Ferrarie
626 399 771 447 quem
802 382 935 447 prius
963 382 1255 431 avisaveram
1292 382 1435 445 quod,
1472 381 1621 429 missa
1653 381 1807 440 finita,
1836 382 1975 430 vellet

186 469 327 519 citius
347 466 578 516 recedere
603 470 650 516 et
671 468 942 517 cardinales
970 484 1068 516 non
1094 469 1366 530 expectare,
1391 465 1472 528 qui
1501 453 1672 514 omnes
1692 464 1974 513 associaturi

185 555 350 602 essent
365 550 660 600 cardinalem
678 551 736 600 de
756 551 954 600 Medicis
977 551 1208 615 legatum,
1234 549 1361 598 inter
1382 564 1501 612 quos
1534 549 1671 597 locus
1693 547 1782 596 sibi
1812 547 1860 595 in
1881 547 1975 595 hu-

179 634 393 700 jusmodi
413 638 522 684 actu
545 635 838 684 conveniens
870 650 967 682 non
1006 638 1153 692 esset,
1176 650 1273 682 non
1309 649 1528 682 reversus
1552 637 1624 681 est
1646 633 1706 681 ad
1740 633 1974 697 capellam

186 723 296 784 post
318 718 704 784 processionem,
730 718 815 767 sed
837 716 1091 766 descendit
1112 716 1170 763 ad
1197 716 1443 764 basilicam
1469 716 1622 763 sancti
1648 715 1774 763 Petri
1797 720 1844 764 et
1865 716 1975 766 inde

189 803 251 853 ad
273 803 472 852 domum
497 802 654 851 rediit.
688 800 868 850 Dicturi
889 799 1165 865 passionem
1195 799 1472 847 habuerunt
1500 813 1668 846 omnes
1692 805 1978 862 paramenta

191 887 395 937 violacia
413 886 581 936 ordine
596 885 776 944 debito,
794 884 1085 937 etdiaconus
1101 899 1156 931 ac
1179 882 1504 930 subdiaconus
1524 881 1743 946 planetas
1762 883 1975 945 plicatas.

126 967 133 971 ’
191 974 316 1020 Dum
335 970 498 1036 passio
514 969 775 1028 diceretur,
812 967 1069 1016 cardinalis
1102 967 1161 1014 de
1198 965 1397 1014 Medicis
1430 965 1778 1028 aliquantulum
1807 966 1977 1013 debili—

188 1059 313 1106 tatus
334 1053 480 1112 sedit;
520 1052 714 1112 deinde,
744 1067 856 1100 cum
877 1050 1053 1099 diutius
1080 1046 1368 1115 permanere
1390 1064 1490 1097 non
1515 1053 1696 1113 posset,
1732 1049 1874 1098 exivit
1902 1066 1978 1098 ca-

186 1138 384 1204 pellam,
420 1137 501 1186 ivit
539 1137 600 1186 ad
633 1151 877 1185 cameram
907 1134 1164 1184 cardinalis
1202 1137 1367 1182 sancte
1400 1133 1654 1182 Anastasie
1682 1133 1762 1182 ubi
1799 1133 1978 1182 audivit

188 1222 387 1272 missam
406 1226 456 1272 et
474 1221 590 1270 fecit
607 1220 850 1270 modicam
878 1219 1189 1268 collationem
1212 1237 1221 1266 :
1248 1219 1296 1266 in
1318 1218 1416 1266 fine
1444 1218 1610 1277 misse,
1646 1234 1758 1267 cum
1784 1218 1979 1268 daretur

188 1305 482 1366 benedictio,
500 1304 642 1355 rediit
659 1305 721 1354 ad
738 1304 992 1369 capellam,
1017 1319 1076 1353 ex
1098 1319 1194 1367 qua
1218 1318 1371 1366 usque
1396 1301 1457 1350 ad
1476 1301 1707 1366 palatium
1730 1301 1780 1349 in
1804 1318 1976 1367 campo

189 1391 329 1440 Flore
346 1388 656 1439 habitationis
679 1404 765 1438 sue
787 1389 846 1436 ab
872 1387 1096 1436 omnibus
1130 1386 1452 1436 cardinalibus
1487 1391 1535 1435 et
1555 1385 1752 1451 prelatis
1773 1401 1909 1435 more
1931 1389 1979 1435 et

193 1474 362 1524 ordine
385 1473 526 1523 solito
548 1473 818 1522 associatus
847 1476 937 1522 est.
962 1471 1180 1521 Marchio
1202 1470 1453 1530 BadensiS,
1491 1474 1654 1517 orator
1671 1469 1977 1534 imperatoris

192 1563 242 1608 et
261 1557 390 1624 regis
412 1556 615 1607 Romani
636 1573 693 1606 ac
710 1561 928 1605 oratores
958 1556 1085 1621 regis
1106 1559 1403 1604 Francorum
1429 1555 1703 1619 equitarunt
1733 1558 1841 1619 post
1872 1571 1978 1602 car-

193 1641 379 1692 dinales
417 1656 530 1690 cum
567 1640 671 1690 aliis
708 1640 904 1705 prelatis
943 1655 1032 1705 per
1070 1639 1470 1689 inadvertentiam
1503 1655 1663 1689 meam
1695 1656 1704 1687 :
1737 1639 1979 1688 debebant

191 1725 322 1776 enim
348 1729 461 1775 ante
487 1724 758 1774 cardinales
787 1724 1054 1788 equitasse;
1079 1723 1277 1773 toleravi
1303 1727 1479 1784 tamen,
1511 1728 1708 1789 propter
1729 1723 1977 1773 dominum

190 1809 529 1860 marchionem
551 1813 599 1859 et
619 1808 734 1873 quia
750 1809 886 1857 tarde
907 1808 1018 1868 vidi,
1044 1823 1128 1857 eos
1149 1807 1198 1855 in
1219 1808 1300 1856 illo
1318 1808 1426 1857 loco
1446 1807 1682 1871 equitare.

258 1893 399 1944 Feria
421 1898 594 1958 quarta
613 1891 814 1956 majoris
839 1891 1164 1951 hebdomade,
1204 1895 1261 1939 18
1284 1891 1396 1940 dicti
1421 1892 1603 1940 mensis
1635 1893 1819 1957 aprilis,
1849 1892 1978 1941 circa

191 1978 366 2029 horam
386 1994 486 2038 xxx,
511 1958 711 2040 ‘incepte
739 1975 932 2024 fuerunt
964 1975 1200 2024 matutine
1232 1976 1546 2025 tenebrarum
1573 1977 1622 2024 in
1653 1976 1838 2041 capella
1865 1992 1976 2041 pre-

192 2062 339 2122 dicta,
378 2065 512 2126 Papa
540 2060 759 2110 absente.
794 2063 847 2108 In
879 2059 995 2119 fine,
1033 2059 1290 2108 cardinalis
1325 2077 1363 2108 s.
1402 2060 1531 2109 Petri
1566 2061 1625 2108 ad
1657 2060 1863 2110 Vincula
1901 2061 1976 2109 die

191 2145 401 2196 crastina
429 2144 761 2194 celebraturus
783 2143 898 2191 dixit
926 2143 1221 2203 orationem3
1248 2160 1360 2192 nam
1384 2143 1498 2207 quia
1526 2145 1610 2191 SS.
1644 2145 1700 2190 D.
1731 2146 1898 2191 noster
1927 2144 1973 2191 in

189 2227 268 2279 die
294 2227 482 2278 Pasche
511 2228 711 2277 missam
735 2227 978 2293 publicam
1009 2227 1342 2276 celebraturus
1365 2243 1464 2276 non
1489 2226 1597 2286 erit,
1631 2226 1974 2275 ordinaverunt

185 2311 312 2362 inter
330 2327 382 2362 se
404 2311 660 2361 cardinalis
682 2310 927 2376 predictus
944 2316 991 2360 et
1010 2311 1436 2361 vicecancellarius
1454 2311 1585 2375 quod
1605 2310 1850 2376 predictus
1869 2327 1974 2360 cras

184 2400 356 2462 etpost
377 2412 485 2446 cras
510 2396 780 2446 celebraret
808 2396 920 2460 quia
937 2396 1360 2447 vicecancellarius
1394 2397 1442 2445 in
1469 2397 1546 2445 die
1570 2397 1754 2445 Pasche
1777 2396 1976 2445 missam

181 2480 427 2546 publicam
453 2481 731 2530 celebravit.

252 2565 394 2615 Feria
413 2566 583 2630 quinta
611 2566 811 2631 majoris
832 2566 1157 2626 hebdomade,
1202 2570 1370 2615 Rmus.
1412 2569 1468 2614 D.
1490 2565 1747 2615 cardinalis
1782 2583 1821 2614 s,
1848 2567 1974 2615 Petri

184 2649 246 2698 ad
264 2649 470 2701 Vincula
490 2649 751 2699 celebravit
781 2650 1274 2700 missamsolemnem
1306 2650 1548 2715 publicam
1576 2650 1625 2698 in
1647 2650 1832 2715 capella
1863 2668 1975 2715 pre-

183 2733 331 2793 dicta,
355 2733 523 2783 ordine
547 2733 708 2793 solito,
739 2736 869 2798 Papa
889 2734 1107 2783 absente.
1135 2735 1293 2783 Finita
1314 2734 1479 2794 missa,
1505 2734 1774 2783 cardinales
1804 2750 1975 2783 omnes

186 2823 236 2867 et
260 2817 434 2885 prelati
460 2821 759 2882 acceperunt
798 2824 1082 2882 paramenta
1123 2825 1171 2868 et
1209 2819 1640 2884 processionaliter
1675 2818 1977 2867 associarunt

187 2906 548 2952 sacramentum
570 2917 723 2965 usque
742 2901 804 2949 ad
826 2917 1019 2966 parvam
1052 2903 1306 2967 capellam,
1338 2904 1467 2967 quod
1489 2903 1696 2967 portavit
1726 2903 1977 2951 celebrans

186 2987 236 3035 in
255 2986 563 3036 baldachino.
587 2985 768 3051 Aperui
799 2985 974 3034 ostium
1003 3002 1146 3051 parve
1170 2987 1354 3051 capelle
1378 2988 1499 3036 citra
1519 2987 1670 3036 altare
1694 2986 1905 3035 existens
1927 2991 1975 3034 ut

186 3071 355 3137 prelati
376 3075 519 3136 prout
540 3070 815 3129 veniebant,
852 3069 965 3118 inde
995 3069 1182 3118 exirent
1209 3070 1268 3118 ad
1295 3073 1474 3134 Papam
1504 3069 1633 3128 ituri,
1664 3069 1809 3118 ctiam
1837 3073 1973 3118 ante-

186 3168 332 3218 quam
347 3157 708 3203 sacramentum
727 3153 993 3217 repositum
1015 3152 1186 3200 suisset
1201 3152 1249 3199 in
1268 3152 1429 3201 locum
1446 3158 1775 3217 preparatum.
1794 3154 1976 3201 Tamen

185 3236 298 3302 quia
317 3236 511 3286 infacto
532 3237 629 3286 vidi
651 3243 698 3286 et
720 3237 925 3302 cognovi
945 3236 1103 3284 minus
1138 3236 1397 3285 convenire
1429 3240 1476 3284 et
1498 3236 1865 3285 convenientius
1904 3254 1978 3285 re—

183 3319 476 3386 positionem
507 3321 801 3370 sacramenti
830 3320 1094 3386 expectari,
1133 3320 1324 3369 emissis
1357 3320 1542 3384 pauciS,
1576 3319 1682 3368 aliis
1718 3319 1766 3368 in
1788 3321 1975 3386 capella

186 3404 563 3463 remanentibus,
598 3404 690 3455 nisi
720 3405 933 3470 reposito
969 3408 1271 3454 sacramento
1302 3408 1349 3452 et
1380 3404 1649 3453 incensato.
1693 3404 1862 3453 Clerici
1901 3421 1977 3454 ca-

381 3513 412 3539 τ.
444 3513 466 3538 1.
1743 3502 1789 3537 30
