2262 3958
137 260 291 301 [Fevrier
311 262 402 303 1488]
574 262 743 300 RERUM
776 263 1080 302 URBANARUM
1114 265 1464 303 COMMENTARH.
1846 263 1918 298 289

136 363 295 424 solite,
317 364 694 429 precedentibus
722 368 1006 417 officialibus
1037 368 1086 416 in
1113 368 1232 417 albis
1261 373 1309 416 et
1335 383 1500 427 cruce,
1525 374 1570 416 et
1596 366 1918 416 cardinalibus

132 446 183 496 in
202 446 366 512 cappis
384 463 440 497 ac
465 451 780 513 sequentibus
802 452 999 516 prelatis
1021 452 1243 500 similiter
1263 452 1312 500 in
1329 451 1512 516 cappis,
1535 450 1660 499 venit
1682 450 1743 498 ad
1764 449 1921 513 capel-

132 529 231 579 lam
250 531 489 596 maJorem
514 534 693 598 palatii,
720 535 801 583 ubi
830 535 959 584 facta
990 536 1208 584 oratione
1236 535 1284 583 in
1313 535 1600 594 faldistorio,
1627 534 1844 583 ascendit
1874 533 1920 581 in

134 613 326 663 solium.
352 617 519 665 RRmi.
541 620 640 666 DD.
658 619 928 667 cardinales
952 623 1188 669 venerunt
1210 619 1270 667 ad
1290 619 1626 668 reverentiam.
1642 618 1806 668 Ultimi
1827 618 1923 666 duo

133 697 344 759 diaconi,
368 699 592 750 videlicet
612 702 671 751 de
695 701 930 750 Columna
958 706 1005 751 et
1033 703 1091 751 de
1126 703 1328 762 UrsiniS‚
1354 703 1482 751 facta
1503 703 1789 761 reverentia,
1815 702 1926 751 asti-

135 785 297 832 terunt
331 784 551 848 pontifici
578 789 626 833 et
660 784 804 848 primi
836 784 1118 834 assistentes
1150 786 1199 832 in
1226 786 1347 834 locis
1375 786 1475 834 suis
1510 786 1729 835 similiter
1760 794 1807 835 et
1843 786 1922 835 alii

132 854 402 916 cardinales
436 882 607 916 omnes
645 871 939 932 acceperunt
973 873 1272 932 paramenta.
1323 870 1456 917 Idem
1495 869 1717 918 fecerunt
1749 870 1918 933 prelati

133 965 304 1000 omnes
333 955 469 999 extra
495 950 764 999 cancellum
801 951 1005 1016 capelle,
1036 952 1216 1016 paratis
1249 952 1417 1016 primis
1451 952 1787 1001 assistentibus
1818 968 1920 1000 car-

131 1032 390 1093 dinalibus,
416 1032 666 1082 redierunt
693 1034 753 1082 ad
783 1034 1108 1084 assistendum
1142 1035 1357 1099 pontifici
1387 1040 1434 1085 et
1459 1036 1602 1100 primi
1635 1028 1918 1086 assistentes

129 1115 178 1164 in
204 1115 326 1166 locis
361 1116 461 1165 suis
495 1116 718 1166 similiter
756 1123 804 1167 et
836 1118 914 1167 alii
948 1119 1216 1168 cardinales
1259 1123 1755 1191 omnes‘acceperunt
1783 1137 1923 1185 para-

130 1203 311 1249 menta.
356 1201 491 1249 Idem
527 1201 752 1251 fecerunt
793 1202 964 1267 prelati
1008 1218 1178 1252 omnes
1225 1207 1359 1252 extra
1407 1204 1675 1253 cancellum
1715 1204 1917 1268 capelle,

129 1283 309 1350 paratis
328 1284 498 1350 primis
516 1286 856 1335 assistentibus
877 1287 1220 1348 cardinalibus,
1247 1288 1492 1337 redierunt
1513 1289 1572 1336 ad
1593 1288 1917 1337 assistendum

128 1368 366 1434 pontifici,
400 1375 448 1418 et
482 1369 562 1418 alii
597 1370 693 1419 duo
726 1386 825 1420 non
855 1371 1009 1437 parati
1054 1372 1240 1421 iverunt
1273 1372 1334 1420 ad
1365 1372 1474 1421 loca
1507 1389 1594 1421 sua
1634 1373 1715 1422 ubi
1746 1377 1794 1422 et
1832 1372 1922 1437 ipsi

129 1458 415 1518 paramenta
440 1460 750 1519 acceperunt.
779 1455 1012 1505 Omnibus
1037 1455 1234 1520 paratiS,
1268 1457 1352 1505 SS.
1380 1458 1436 1504 D.
1463 1458 1519 1504 N.
1551 1461 1701 1516 stam,
1727 1457 1920 1506 detecto

129 1535 305 1601 capite,
344 1537 590 1587 benedixit
623 1539 848 1588 candelas
883 1539 930 1587 in
966 1539 1141 1604 angulo
1173 1540 1233 1588 ad
1261 1539 1503 1589 sinistram
1540 1557 1677 1589 suam
1703 1546 1916 1606 parataS,

129 1624 276 1684 prout
289 1619 339 1669 in
359 1620 622 1670 ordinario.
647 1622 880 1687 Imposuit
894 1623 1147 1672 incensum
1168 1628 1298 1672 stans
1313 1624 1415 1673 sine
1434 1625 1594 1686 mitra,
1613 1626 1917 1675 ministrante

129 1703 398 1754 naviculam
427 1704 589 1770 priore
617 1706 1014 1772 presbyterorum
1052 1707 1385 1769 cardinalium,
1426 1709 1633 1773 aspersit
1672 1715 1718 1758 et
1755 1709 1920 1758 incen-

130 1787 266 1848 savit,
287 1787 462 1838 deinde
486 1789 610 1838 sedit
635 1804 747 1838 cum
775 1790 919 1838 mitra
951 1793 999 1839 et
1026 1790 1450 1840 vicecancellarius
1478 1797 1590 1841 ante
1619 1808 1731 1842 eum
1762 1809 1919 1857 genu-

129 1871 284 1921 flexus
303 1872 384 1937 qui
400 1875 562 1922 tamen
585 1878 714 1923 stare
736 1873 946 1923 debebat
967 1874 1099 1923 dedit
1118 1877 1248 1939 Pape
1262 1879 1360 1924 tres
1379 1891 1565 1936 cereOS,
1582 1877 1702 1926 duos
1714 1893 1919 1942 magnos

120 1959 176 2024 et
194 1972 345 2006 unum
365 1972 587 2022 parvum.
613 1960 747 2006 Duos
769 1973 940 2022 parvos
963 1954 1094 2022 Papa
1119 1957 1250 2007 dedit
1279 1959 1394 2007 olim
1416 1959 1524 2008 duci
1547 1962 1667 2010 Sore
1689 1977 1718 2010 a
1739 1961 1919 2010 dextris

126 2039 227 2090 suis
247 2044 297 2091 et
315 2041 491 2106 majori
521 2046 638 2091 natu
668 2041 767 2090 filio
795 2041 1026 2106 principis
1058 2042 1305 2106 Bisignani
1336 2059 1364 2091 a
1393 2043 1596 2092 sinistris
1628 2044 1724 2092 suis
1751 2049 1924 2093 tenen-

126 2122 243 2184 dos;
280 2127 385 2173 tum
411 2124 644 2189 pontifex,
676 2130 878 2190 accepto
906 2126 1116 2190 pluviali,
1151 2126 1391 2176 distribuit
1431 2143 1602 2177 cereos
1635 2144 1772 2177 more
1803 2145 1921 2178 con-

126 2211 282 2268 sueto;
309 2207 485 2273 primo,
515 2209 931 2270 vicecancellari0‚
971 2211 1146 2261 deinde
1171 2212 1276 2260 aliis
1305 2213 1581 2261 cantoribus
1613 2215 1917 2263 cantantibus

124 2289 312 2340 Lumen
329 2291 395 2340 ad
406 2293 754 2342 revelationem.
787 2295 971 2344 Deinde
1001 2295 1130 2344 facta
1150 2300 1222 2344 est
1242 2297 1491 2360 processio
1513 2313 1665 2361 usque
1685 2298 1746 2347 ad
1766 2314 1915 2364 angu-

123 2374 226 2424 lum
253 2375 363 2426 aule
393 2391 569 2441 magne
601 2377 682 2426 ubi
718 2381 847 2444 Papa
881 2379 940 2428 de
973 2379 1104 2428 lobia
1134 2380 1340 2444 projecit
1368 2381 1547 2445 populo
1585 2382 1828 2443 candelaS,
1867 2387 1915 2432 et

125 2465 450 2521 reversusest
477 2461 538 2510 ad
562 2461 740 2511 dictam
772 2463 1008 2528 capellam
1038 2464 1465 2527 processionaliter
1501 2465 1590 2514 sub
1623 2465 1913 2515 baldachino

124 2543 255 2608 quod
274 2548 524 2609 portarunt
546 2550 764 2596 oratores
791 2564 800 2596 :
827 2551 939 2596 ante
965 2547 1129 2596 altaris
1151 2547 1347 2612 gradu&
1374 2551 1521 2613 Papa,
1547 2548 1757 2598 dimissis
1778 2565 1916 2614 para-

125 2627 302 2677 mentis
335 2628 498 2679 rubeis
532 2629 846 2695 simplicibus,
889 2631 1078 2696 accepit
1116 2631 1225 2680 alba
1263 2632 1477 2697 pretiosa
1517 2649 1527 2681 ε
1570 2633 1684 2682 fecit
1727 2634 1915 2683 confes-

127 2711 331 2762 sionem.
353 2712 551 2762 Missam
578 2714 845 2764 celebravit
868 2715 1124 2764 cardinalis
1153 2733 1191 2764 S.
1224 2716 1503 2779 ClementiS,
1530 2718 1608 2767 cui
1633 2722 1762 2783 Papa
1783 2718 1913 2767 dedit

127 2795 246 2846 duos
286 2810 456 2846 cereos
488 2797 585 2846 :ad
619 2798 922 2862 evangelium
966 2801 1111 2864 Papa,
1159 2799 1411 2848 celebrans
1459 2805 1507 2850 et
1546 2802 1815 2851 cardinales
1855 2818 1911 2850 ac

125 2878 298 2944 prelati
335 2894 506 2929 omnes
543 2884 802 2930 tenuerunt
846 2897 1017 2931 cereos
1057 2899 1171 2931 suos
1209 2898 1443 2933 accensos
1475 2902 1627 2950 usque
1663 2886 1724 2935 ad
1760 2886 1909 2935 finem

126 2961 275 3022 illius3
297 2962 472 3013 deinde
493 2963 808 3014 restituerunt
829 2965 1136 3014 servitoribus
1162 2966 1449 3028 cardinales,
1474 2969 1644 3033 prelati
1662 2986 1772 3018 vero
1796 2985 1906 3017 suos

126 3046 436 3097 extinxerunt
471 3064 482 3097 :
515 3048 576 3098 ad
611 3048 948 3109 elevationem,
987 3053 1117 3115 Papa
1161 3055 1210 3099 et
1242 3066 1412 3100 omnes
1442 3054 1666 3116 predicti,
1703 3058 1907 3118 excepto

125 3130 422 3192 celebrante,
447 3147 682 3182 accensos
703 3149 873 3183 cereos
896 3139 1154 3184 tenuerunt
1184 3138 1231 3182 et
1251 3134 1422 3184 ardere
1450 3137 1734 3186 dimiserunt
1755 3153 1907 3200 usque

124 3219 234 3279 post
255 3215 668 3266 communionem.
696 3217 801 3266 Alia
828 3218 992 3267 omnia
1019 3219 1272 3267 observata
1303 3222 1415 3267 sunt
1448 3236 1584 3268 more
1613 3220 1769 3269 solito,
1804 3222 1910 3268 Non

63 3356 70 3365 .
124 3299 211 3348 fuit
228 3314 410 3349 sermo.

191 3383 464 3445 Dominica,
523 3387 549 3434 3
588 3384 836 3447 februarii,
884 3385 1186 3452 magnificius
1232 3389 1288 3436 D.
1329 3387 1503 3436 Paulus
1511 3424 1610 3438 .....
1648 3392 1696 3438 et
1745 3387 1908 3446 mileS,

312 3494 346 3519 τ.
374 3493 398 3518 1.
1677 3485 1721 3521 19
