2262 3958
135 317 347 367 [Novembre
367 314 459 362 1491]
580 313 748 351 RERUM
782 313 1083 352 URBANARUM
1120 313 1469 354 COMMENTARH.
1849 313 1915 351 431

136 423 282 485 Pape,
310 422 476 484 preter
510 417 807 465 voluntatem
847 432 1026 474 meam,
1051 432 1148 464 non
1176 416 1279 464 sine
1321 416 1584 465 multorum
1624 416 1910 464 collusione.

195 502 382 561 Eadem
404 502 500 561 die,
525 501 584 549 de
607 516 768 559 mane,
793 500 902 548 misi
941 499 1219 548 cursoribus
1245 500 1304 548 de
1327 500 1671 548 commissione
1707 503 1807 548 DD.
1839 515 1916 547 ar-

134 586 431 651 chiepiscopi
456 584 771 642 Arelatensis,
806 572 1019 647 episcopi
1048 584 1291 632 Urbinatis
1312 588 1360 633 et
1381 584 1602 632 Falconis
1624 583 1914 633 thesaurarii

135 670 456 720 commissarii
487 669 799 732 exequiarum
835 668 962 714 bone
993 668 1230 715 memorie
1262 668 1518 716 cardinalis
1548 667 1915 731 Andegavensis

135 770 223 819 per
241 754 514 803 Iohannem
525 752 678 800 Auble
700 750 982 802 schedulam
995 754 1124 798 retro
1147 750 1545 813 subsequentem,
1561 756 1613 799 ut
1629 751 1768 815 juxta
1783 751 1917 798 illam

135 838 417 887 intimarent
441 853 451 885 ε

201 924 271 972 De
291 920 520 970 mandato
543 921 625 968 SS.
643 921 698 966 D.
721 920 778 966 N.
803 933 925 981 pape
948 917 1199 966 intimetur
1219 917 1444 965 omnibus
1466 917 1661 965 RRmis.
1683 920 1784 965 DD.
1811 932 1919 964 car-

137 1005 394 1065 dinalibus,
409 1002 682 1052 oratoribus
696 1006 743 1050 et
764 1001 961 1065 prelatis
979 1016 1179 1048 romane
1202 1000 1334 1048 curie
1357 1016 1413 1048 ac
1434 1000 1616 1048 familie
1641 999 1920 1048 Sanctitatis

133 1104 226 1138 sue·
241 1087 371 1152 quod
390 1085 601 1135 crastina
611 1085 689 1133 die
708 1084 999 1133 duodecima
1009 1084 1153 1148 hujus
1173 1084 1263 1133 erit
1285 1084 1456 1133 ultima
1476 1085 1580 1134 dies
1603 1083 1921 1147 exequiarum

131 1172 260 1222 bone
290 1170 528 1220 memorie
566 1169 825 1218 cardinalis
860 1169 1224 1233 Andegavensis
1265 1168 1314 1215 in
1354 1169 1562 1217 ecclesia
1601 1185 1640 1216 S.
1666 1167 1919 1227 PraxediS‚

129 1254 253 1304 hora
271 1269 337 1303 xv
354 1254 430 1303 vel
459 1253 589 1302 circa
613 1270 623 1301 ε
650 1253 850 1301 missam
872 1252 1138 1301 celebrabit
1165 1255 1222 1300 D.
1249 1252 1508 1301 cardinalis
1530 1254 1918 1301 Beneventanus

128 1354 135 1357 ²
190 1338 418 1397 Sabbam,
443 1341 500 1386 1-2
522 1337 818 1396 novembriS,
844 1337 894 1384 in
918 1337 1128 1386 ecclesia
1168 1341 1334 1385 sancte
1367 1336 1598 1385 Praxedis
1629 1337 1718 1385 fuit
1752 1336 1924 1385 ultima

129 1422 235 1472 dies
270 1420 588 1486 exequiarum
622 1422 749 1471 bone
781 1422 1018 1492 memorie
1051 1421 1311 1469 cardinalis
1331 1421 1714 1486 AndegavensiS.
1750 1423 1917 1468 Rmus,

133 1510 192 1556 Β.
226 1506 488 1555 cardinalis
519 1509 890 1556 Beneventanus
913 1505 1175 1555 celebravit
1214 1505 1414 1554 missam
1453 1506 1700 1570 publicam
1733 1509 1781 1554 et
1812 1509 1923 1569 post

129 1605 240 1639 eam
270 1590 494 1650 absolvit,
519 1594 567 1639 et
598 1606 708 1638 cum
731 1605 790 1639 eo
813 1589 980 1638 RRmi.
1008 1592 1109 1638 DD.
1136 1589 1407 1637 cardinales
1428 1588 1853 1638 vicecancellarius
1876 1592 1924 1636 et

136 1674 478 1724 Ulixbonensis
527 1674 743 1739 episcopi
774 1690 830 1722 ac
863 1691 901 1722 s.
937 1674 1201 1723 Clementis
1240 1673 1498 1738 presbyter
1525 1672 1807 1731 cardinalis;
1845 1687 1923 1719 as-

130 1758 367 1808 sistebant
404 1758 681 1818 Januensis,
724 1758 784 1807 de
817 1758 1101 1817 Comitibus‚
1136 1757 1433 1816 Parmensis,
1466 1757 1732 1806 Aleriensis
1782 1760 1830 1804 et
1879 1771 1920 1803 S.

130 1842 386 1892 Anastasie
414 1842 688 1907 presbyteri
722 1858 778 1890 ac
809 1842 869 1891 de
900 1842 1123 1901 Sabellis,
1158 1831 1391 1890 diaeonus
1431 1841 1713 1900 cardinalis3
1749 1846 1797 1890 et
1828 1840 1923 1888 alia

129 1925 295 1973 omnia
314 1924 567 1974 observata
587 1929 698 1974 sunt
721 1940 858 1974 more
891 1930 1149 1985 consuet03
1176 1929 1224 1974 et
1245 1929 1387 1988 prout
1409 1924 1458 1971 in
1486 1924 1645 1988 prima
1669 1923 1746 1972 die
1769 1940 1923 1972 anno-

130 2007 244 2068 tavi,
267 2008 451 2056 familia
461 2008 721 2057 cardinalis
735 2009 970 2069 defuncti,
987 2013 1085 2057 tam
1107 2009 1200 2057 ista
1221 2024 1366 2072 quam
1387 2007 1547 2071 prima
1558 2007 1748 2068 diebus,
1775 2007 1920 2067 bene,

131 2090 278 2150 male,
315 2091 690 2155 precedentibus
731 2093 1029 2152 cursoribus,
1071 2092 1203 2141 venit
1240 2092 1299 2139 de
1346 2091 1492 2138 domo
1532 2090 1749 2139 defuncti
1791 2095 1922 2139 retro

132 2185 358 2238 campum
382 2174 520 2223 Flore
542 2175 592 2222 in
614 2175 898 2223 funebribus
930 2175 1162 2234 vestibus,
1193 2189 1346 2238 usque
1374 2173 1436 2222 ad
1456 2174 1636 2222 dictam
1658 2174 1922 2223 ecclesiam

133 2262 299 2306 sancte
322 2257 567 2307 Praxedis.
594 2257 784 2306 Primus
804 2258 892 2307 fuit
922 2259 1071 2307 abbas
1102 2258 1337 2322 magister
1357 2257 1548 2316 domus,
1579 2257 1770 2306 medius
1791 2258 1920 2306 inter

131 2339 253 2388 duos
281 2346 484 2406 nepotes
514 2341 745 2402 defuncti,
768 2342 898 2408 {quos
928 2347 1026 2408 tres
1057 2342 1316 2391 servitores
1356 2357 1526 2390 eorum
1559 2342 1706 2390 etiam
1738 2343 1916 2391 funesti

131 2429 392 2488 sequentes
433 2425 650 2473 fimbrias
701 2442 870 2474 eorum
909 2427 1117 2475 vestium
1160 2426 1304 2473 simul
1344 2426 1573 2475 collectas
1610 2428 1870 2491 portabant
1906 2447 1915 2476 z

130 2507 212 2556 alii
233 2507 499 2559 familiares
530 2526 702 2558 eorum
735 2510 889 2559 secuti
922 2515 1034 2559 sunt
1064 2510 1164 2558 bini
1200 2514 1247 2558 et
1278 2510 1402 2569 bini;
1430 2511 1532 2570 sed,
1567 2511 1717 2559 finitis
1740 2511 1921 2569 missis,

130 2606 229 2640 non
250 2589 362 2642 sunt
383 2609 442 2641 eo
464 2593 634 2641 ordine
657 2593 718 2641 ad
745 2593 926 2642 dictam
956 2594 1157 2641 domum
1189 2594 1397 2653 reversi;
1424 2595 1527 2654 sed,
1555 2595 1767 2642 dimissis
1791 2601 1926 2643 extra

132 2674 390 2724 ecclesiam
413 2676 616 2725 fimbriis
639 2693 698 2724 ex
717 2678 951 2737 vestibus,
987 2678 1196 2741 quisque
1230 2677 1334 2725 sine
1364 2678 1532 2727 ordine
1565 2694 1790 2726 reversus
1825 2684 1921 2737 est3

133 2758 240 2806 aliis
260 2774 374 2807 vero
398 2765 588 2823 septem
616 2760 788 2808 diebus
819 2761 958 2825 intra*
978 2777 1237 2821 novenam,
1272 2762 1387 2810 dicti
1419 2761 1596 2810 funesti
1628 2767 1925 2826 acceperunt

136 2846 296 2891 vestes
319 2858 430 2890 suas
462 2843 510 2890 in
539 2843 718 2907 palatio
744 2844 882 2907 juxta
912 2844 1169 2892 ecclesiam
1194 2862 1232 2892 s.
1259 2845 1490 2893 Praxedis
1513 2851 1578 2905 et,
1605 2845 1742 2893 finita
1776 2845 1926 2892 missa

133 2924 344 2988 publica,
370 2925 516 2973 etiam
539 2925 644 2973 illas
672 2926 854 2974 ibidem
884 2927 1189 2976 dimiserunt.

200 3008 287 3055 Die
310 3008 555 3066 mercurii,
584 3010 640 3054 16
664 3008 778 3057 dicti
805 3009 987 3056 mensis
1009 3012 1304 3072 novembris,
1330 3012 1419 3061 fuit
1459 3017 1702 3060 secretum
1732 3012 1920 3060 consis-

133 3093 331 3151 torium,
356 3093 404 3140 in
429 3108 524 3156 quo
565 3096 621 3140 R.
665 3095 717 3140 P.
762 3093 987 3141 dominus
1018 3093 1225 3142 Didacus
1267 3096 1523 3159 episcopus
1562 3096 1921 3144 Salamantinus

131 3175 278 3224 cessit
317 3175 525 3223 ecclesie
562 3176 909 3236 Baldinatensi,
954 3194 1046 3241 que
1090 3179 1193 3226 sine
1234 3181 1439 3242 pastoris
1479 3180 1650 3228 solatio
1695 3186 1798 3229 erat
1822 3179 1921 3244 (qui

132 3265 296 3309 tamen
317 3259 443 3307 illius
469 3260 830 3323 possessionem
859 3277 1125 3324 numquam
1148 3263 1337 3326 assequi
1366 3264 1539 3327 potuit,
1564 3265 1677 3312 licet
1702 3269 1813 3313 ante
1834 3281 1916 3312 xix

131 3359 285 3392 annos
305 3359 392 3407 per
412 3342 565 3391 felicis
587 3344 938 3393 recordationis
967 3346 1151 3394 Sixtum
1174 3362 1349 3410 papam
1380 3351 1603 3409 quartum
1626 3347 1692 3395 illi
1715 3347 1913 3412 prefec-

133 3435 209 3479 tus
239 3430 402 3490 fuerit,
444 3422 560 3493 rege
601 3434 649 3478 et
684 3430 854 3494 regina
895 3430 1122 3494 Hispanie
1156 3446 1206 3477 se
1239 3430 1281 3478 ei
1314 3431 1674 3494 opponentibus
1701 3447 1794 3495 que
1835 3432 1904 3480 sic
