2262 3958
337 338 407 373 564
1083 333 1366 371 APPENDICE.

337 449 441 479 vero
472 437 643 479 virtutis
676 447 823 478 amore
867 436 1231 486 persequebatur.
1274 435 1444 484 Quanto
1482 435 1630 473 autem
1666 433 1862 474 literatos
1903 432 2104 474 homines

337 501 485 542 studio
520 500 881 552 completabatur‚
925 503 1140 550 quantum
1172 498 1366 547 honoris,
1413 500 1627 548 quantum
1659 498 1790 539 etiam
1829 498 2104 540 reuerentiae

337 566 542 606 omnibus
563 566 811 613 exhibebat,
836 568 1052 616 quantum
1068 565 1258 616 denique
1274 574 1434 615 operae
1450 562 1782 615 industriaeque
1804 575 1910 604 suae
1927 560 2105 616 conqui-

339 631 487 671 rendis
507 634 598 672 toto
621 631 726 671 orbe
747 634 978 680 terrarum,
1002 630 1341 681 coemendisque
1361 628 1538 681 linguae
1560 628 1788 680 utriusque
1808 627 2104 669 voluminibus

338 696 508 747 posuit;
528 698 806 747 quantosque
826 695 870 735 in
892 706 942 736 ea
972 706 1019 735 re
1047 706 1180 747 quam
1206 695 1420 735 immanes
1446 695 1649 743 sumptus
1669 691 1782 742 fecit,
1805 695 1854 733 ut
1871 703 1961 733 non
1980 695 2104 733 aetas

339 761 471 801 modo
490 761 611 811 haec,
643 763 720 801 aut
747 760 829 801 hoc
862 760 1101 809 saeculum,
1133 760 1210 801 sed
1236 760 1469 812 posteritas
1503 759 1635 799 etiam
1667 759 1778 810 ipsa,
1804 758 2040 799 maximam
2058 758 2104 799 in

335 826 465 866 huius
486 825 674 866 hominis
695 825 874 866 interitu
894 825 1108 866 iacturam
1123 825 1284 866 fecerit.
1303 826 1506 866 Ceterum
1522 824 1807 865 consolantur
1817 835 1899 864 nos
1914 823 2104 864 maximo

336 891 380 930 in
400 891 520 931 luctu
535 889 662 931 liberi
690 889 800 939 eiuS,
835 892 956 930 tanto
984 892 1108 941 patre
1135 889 1397 942 dignissimi,
1429 889 1725 941 quorum-qui
1755 889 1973 930 maximus
1997 889 2105 929 natu

336 957 503 1006 Petrus,
538 956 716 997 vixdum
743 955 935 1007 primum
961 958 1003 995 et
1033 956 1296 1008 vigesimum
1321 955 1551 1008 ingressus
1584 965 1764 1004 annum,
1789 957 1911 995 tanta
1943 953 2032 994 iam
2061 955 2104 994 et

335 1022 550 1074 gravitate
569 1024 610 1062 et
630 1021 878 1073 prudentia,
903 1024 946 1061 et
970 1021 1233 1061 authoritate
1253 1021 1415 1061 molem
1436 1020 1571 1060 totius
1592 1020 1713 1071 Reip.
1735 1022 1970 1068 sustentat,
1992 1021 2042 1059 ut
2060 1018 2104 1059 in

338 1097 390 1126 eo
409 1087 555 1126 statim
575 1087 790 1127 reuixisse
825 1086 999 1139 genitor
1031 1085 1290 1126 Laurentius
1311 1085 1597 1125 existimetur.
1628 1085 1747 1125 Alter
1765 1095 1982 1125 annorum
1999 1084 2104 1124 duo-

338 1150 553 1203 deuiginti
574 1153 776 1201 loannes,
797 1154 840 1192 et
860 1150 1102 1191 Cardinalis
1121 1150 1420 1201 amplissimus
1439 1149 1575 1202 (quod
1588 1161 1817 1201 nunquam
1837 1149 2040 1201 cuiquam
2059 1148 2104 1189 id

335 1216 491 1257 aetatis
509 1216 751 1268 contigerit)
770 1219 812 1256 et
828 1216 944 1256 idem
958 1214 1174 1266 pontificis
1194 1215 1398 1263 maximo,
1421 1226 1510 1254 non
1530 1215 1575 1254 in
1595 1215 1811 1255 Ecclesiae
1833 1213 2103 1255 Patrimonio

338 1281 565 1331 duntaxat,
587 1282 665 1321 sed
684 1281 727 1321 in
746 1280 910 1332 patriae
931 1291 1108 1331 quoque
1123 1290 1229 1320 suae
1251 1279 1526 1320 distinctione
1548 1278 1737 1330 legatus,
1762 1279 1895 1319 talem
1910 1281 2106 1319 tantum·

336 1358 422 1398 que
444 1358 491 1387 se
509 1347 596 1387 iam
618 1350 707 1387 tam
727 1346 875 1387 arduis
903 1346 1092 1397 negotiis
1112 1345 1226 1397 gerit
1245 1348 1287 1385 et
1304 1347 1514 1396 praestat.
1535 1346 1583 1383 ut
1601 1344 1795 1384 omnium
1817 1344 1862 1384 in
1883 1354 1931 1384 se
1947 1345 2106 1384 morta-

336 1413 443 1453 lium
459 1413 607 1453 oculos
625 1412 902 1462 conuerterit,
916 1414 1049 1462 atque
1063 1410 1362 1451 incredibilem
1377 1409 1613 1461 quandam,
1628 1409 1695 1449 cui
1710 1418 2006 1461 responsurus
2019 1407 2105 1460 pla·

335 1477 516 1518 nissime
539 1480 620 1527 est,
639 1477 984 1528 expectationem
1006 1476 1306 1516 concitauerit.
1330 1474 1498 1516 Tertius
1514 1485 1659 1525 porro,
1681 1474 2120 1526 Iulianus,impubes=

337 1543 492 1593 adhuc,
506 1543 674 1595 pudore
688 1547 835 1584 tamen
850 1554 899 1583 ac
912 1544 1158 1591 venustate,
1173 1551 1316 1592 neque
1331 1550 1421 1581 non
1435 1538 1677 1590 probitatiS,
1690 1542 1732 1579 et
1744 1539 1908 1591 ingenii
1924 1537 2107 1580 mirifica

335 1609 527 1660 quadam
550 1609 904 1660 suauissimaque
931 1606 1251 1656 indole,'totius
1271 1605 1353 1646 sibi
1379 1606 1466 1646 iam
1487 1605 1675 1645 ciuitatis
1695 1604 1866 1645 animos
1894 1605 2102 1646 deuinxit.

335 1675 497 1714 Verum
513 1677 561 1714 ut
579 1674 632 1715 de
655 1674 752 1715 aliis
778 1674 823 1714 in
845 1672 1066 1725 praesenti
1089 1675 1270 1720 taceam,
1300 1671 1353 1712 de
1371 1672 1495 1712 Petro
1528 1673 1642 1711 certe
1668 1670 1766 1721 ipso
1804 1669 2006 1711 cohibere
2034 1681 2106 1710 me

337 1750 426 1779 non
447 1750 645 1791 possum,
666 1740 773 1791 quin
794 1738 956 1780 recenti
975 1749 1022 1778 re
1042 1736 1344 1777 testimonium
1371 1737 1453 1777 hoc
1474 1737 1568 1777 loco
1589 1737 1822 1787 paternum
1842 1734 2104 1787 adscribam.

337 1806 519 1846 Duobus
550 1806 718 1846 circiter
745 1808 845 1846 ante
877 1804 1044 1846 obitum
1074 1803 1319 1852 mensibus,
1344 1813 1442 1842 cum
1462 1802 1506 1842 in
1525 1813 1603 1842 suo
1631 1800 1828 1841 cubiculo
1861 1799 2020 1841 sedens
2042 1799 2107 1852 (ut

337 1869 522 1922 solebat)
544 1871 816 1919 Laurentius,
839 1870 894 1910 de
916 1868 1191 1920 philosophia
1214 1871 1255 1907 et
1274 1867 1411 1907 literis
1431 1867 1661 1907 nobiscum
1690 1865 1972 1914 fabularetur,
1987 1875 2038 1905 ac
2057 1874 2105 1904 se

336 1934 585 1975 destinasse
606 1934 767 1975 diceret
790 1933 1006 1985 reliquam
1027 1935 1214 1972 aetatem
1249 1931 1294 1971 in
1314 1931 1367 1971 iis
1396 1931 1552 1971 studiis
1571 1922 1744 1971 mecum
1765 1933 1807 1970 et
1826 1941 1924 1970 cum
1943 1929 2102 1978 Ficino,

334 1996 519 2048 Picoque
550 1996 647 2048 ipso
675 1995 916 2036 Mirandula
947 2007 1220 2044 consumere,
1249 1996 1400 2047 procul
1430 1996 1591 2036 scilicet
1616 1995 1671 2036 ab
1698 1995 1808 2036 urbe
1835 1998 1876 2035 et
1904 1995 2103 2046 strepitu,

334 2062 553 2114 negabam
575 2061 778 2113 equidem
799 2061 880 2101 hoc
900 2061 939 2101 ei
960 2073 1037 2112 per
1065 2062 1184 2102 ciues
1204 2061 1347 2108 licere,
1374 2061 1450 2112 qui
1477 2060 1656 2112 quidem
1675 2060 1720 2100 in
1741 2059 1834 2100 dies
1854 2059 2107 2101 viderentur

335 2127 493 2179 magis,
516 2126 747 2178 magisque
767 2126 907 2177 ipsius
938 2130 980 2166 et
1007 2127 1253 2175 consilium,
1277 2129 1319 2166 et
1340 2126 1648 2166 authoritatem
1668 2124 1970 2166 desideraturi.
1995 2127 2105 2166 Tum

336 2191 571 2232 subridens
592 2192 665 2232 ille
688 2206 707 2228 «
724 2192 855 2242 Atqui
872 2192 973 2241 iam,
994 2192 1148 2243 inquit,
1164 2192 1281 2233 vices
1295 2194 1470 2232 nostras
1491 2191 1668 2231 alumno
1688 2193 1764 2231 tuo
1783 2190 2103 2243 delegabimus,

333 2260 466 2309 atque
487 2257 532 2297 in
554 2268 654 2297 eum
674 2257 890 2297 sarcinam
910 2257 1036 2307 hanc,
1063 2260 1106 2297 et
1133 2269 1244 2298 onus
1263 2268 1393 2297 omne
1413 2256 1738 2297 reclinabimus.
1765 2272 1781 2292 ι
1806 2256 2002 2308 Cumque
2022 2266 2104 2308 ego

334 2333 578 2375 rogassem,
599 2333 655 2362 an
675 2321 816 2362 adhuc
836 2321 880 2361 in
901 2322 1195 2372 adolescente,
1218 2325 1391 2363 tantum
1407 2322 1563 2363 virium
1580 2320 1956 2372 deprehendisset,
1977 2323 2027 2362 ut
2040 2321 2104 2362 eis

334 2388 450 2428 bona
469 2386 554 2427 fide
574 2387 827 2427 incumbere
848 2387 935 2427 iam
957 2398 1206 2437 possemus.
1232 2404 1247 2422 α
1273 2388 1364 2439 Ego
1390 2397 1509 2435 vero,
1542 2386 1601 2426 ait
1626 2386 1713 2435 ille,
1745 2389 1907 2437 quanta
1937 2385 2032 2426 eius
2062 2388 2105 2426 et

334 2463 468 2503 quam
490 2452 630 2492 solida
650 2451 775 2492 video
800 2462 899 2491 esse
919 2450 1221 2501 fundamenta,
1244 2452 1436 2491 laturum
1458 2461 1585 2501 spero
1605 2450 1722 2490 haud
1747 2450 1878 2490 dubie
1899 2450 2105 2502 quicquid

332 2515 682 2556 inaedificavero.
706 2516 820 2556 Caue
840 2516 975 2567 igitur
1000 2519 1143 2566 putes,
1176 2516 1358 2567 Angele,
1390 2525 1640 2566 quenquam
1670 2514 1810 2555 adhuc
1842 2526 1894 2555 ex
1922 2515 2101 2565 nostriS,

334 2580 481 2620 indole
497 2580 634 2620 fuisse
654 2583 791 2627 tanta,
815 2583 1025 2631 quantam
1054 2581 1142 2620 iam
1169 2581 1321 2620 Petrus
1349 2579 1554 2628 ostendit,
1578 2583 1627 2619 ut
1647 2590 1820 2631 sperem
1845 2578 1952 2629 fore,
1971 2583 2103 2632 atque

333 2645 444 2685 adeo
465 2656 657 2698 augurer
671 2643 773 2698 (nisi
793 2656 863 2684 me
885 2645 1025 2696 ipsius
1046 2645 1212 2697 ingenii
1238 2646 1403 2698 aliquot
1429 2645 1517 2685 iam
1538 2645 1833 2696 experimenta
1856 2644 2103 2696 fefellerint)

333 2721 389 2750 ne
410 2711 478 2750 cui
506 2711 561 2750 sit
588 2710 803 2750 maiorum
834 2721 1017 2750 suorum
1045 2721 1349 2751 concessurus.
1373 2725 1392 2746 »
1418 2712 1561 2761 Atque
1586 2710 1717 2750 huius
1750 2709 1927 2761 quidem
1957 2709 2103 2750 iudicii

335 2776 644 2828 praesagiique
664 2776 849 2827 paterni,
873 2787 1084 2833 magnum
1111 2775 1303 2826 profecto
1334 2778 1376 2815 et
1404 2776 1569 2815 clarum
1601 2775 1821 2826 specimen
1851 2774 1932 2815 hoc
1962 2785 2104 2826 nuper

334 2841 466 2890 dedit,
489 2840 608 2892 quod
625 2841 872 2893 aegrotanti
892 2843 1069 2891 praesto
1089 2840 1170 2880 fuit
1189 2851 1376 2892 semper,
1394 2840 1627 2892 omniaque
1645 2851 1723 2891 per
1743 2850 1790 2880 se
1810 2850 1950 2890 paene
1971 2840 2102 2880 etiam

335 2905 510 2946 sordida
551 2906 793 2946 ministeria
829 2905 981 2954 obiuit,
1019 2905 1266 2957 vigiliarum
1296 2904 1644 2956 patientissimus
1674 2907 1717 2944 et
1750 2904 1944 2954 inediae;
1985 2915 2100 2945 nun·

333 2981 555 3022 quamque
575 2982 600 3011 a
616 2970 774 3011 lectulo
791 2970 887 3021 ipso
905 2970 1056 3021 patris,
1076 2969 1160 3009 nisi
1173 2981 1271 3010 cum
1284 2969 1472 3010 maxime
1486 2969 1745 3018 Respublica
1763 2972 1954 3021 urgeret,
1971 2968 2102 3010 auelli

331 3046 507 3085 passus.
530 3036 578 3076 Et
600 3047 697 3076 cum
719 3034 899 3075 mirifica
929 3034 1070 3085 pietas
1099 3038 1266 3075 extaret
1294 3035 1339 3074 in
1371 3035 1508 3084 vultu,
1541 3037 1689 3074 tamen
1720 3045 1775 3074 ne
1804 3034 2006 3074 morbum
2026 3036 2102 3074 aut

333 3101 653 3141 solicitudinem
681 3104 909 3152 paternam
936 3110 1135 3140 moerore
1165 3111 1244 3140 suo
1277 3099 1532 3152 adaugeret,
1562 3099 1755 3151 gemitus
1785 3110 1938 3140 omnes
1965 3101 2007 3139 et
2035 3099 2100 3139 la-

332 3165 536 3218 chrymas
556 3166 798 3207 incredibili
822 3166 983 3207 virtute
1013 3165 1141 3216 quasi
1173 3165 1429 3205 deuorabat.
1465 3163 1601 3205 Porro
1622 3168 1784 3213 autem,
1812 3164 1932 3216 quod
1962 3175 2099 3204 unum

332 3230 581 3272 tristissima
620 3232 663 3271 in
699 3243 746 3272 re
779 3230 1134 3283 pulcherrimum,
1168 3242 1248 3271 ceu
1281 3230 1574 3281 spectaculum
1606 3228 1880 3277 videbamus,
1912 3228 2099 3268 inuicem

332 3298 457 3344 pater
475 3307 650 3348 quoque
671 3297 766 3347 ipse
785 3307 840 3336 ne
860 3295 1097 3336 tristiorem
1118 3294 1273 3346 filium,
1288 3294 1461 3335 tristitia
1483 3305 1562 3334 sua
1582 3293 1797 3343 redderet,
1813 3292 2001 3333 frontem
2016 3291 2099 3331 sibi

333 3362 583 3410 extempore
603 3361 723 3402 velut
742 3361 874 3401 aliam
894 3361 1104 3414 fingebat,
1132 3373 1183 3402 ac
1205 3361 1391 3402 fluentes
1416 3360 1564 3400 oculos
1590 3360 1635 3399 in
1657 3359 1772 3399 illius
1792 3358 1979 3410 gratiam
1998 3367 2098 3397 con-

331 3422 511 3473 tinebat,
532 3436 758 3477 nunquam
780 3429 855 3466 aut
875 3429 1182 3467 consternatus
1211 3425 1374 3475 animo,
1405 3427 1481 3464 aut
1513 3424 1691 3472 fractus,
1727 3424 1864 3464 donec
1887 3424 1989 3462 ante
2020 3429 2095 3460 ora
