2262 3958
209 282 413 327 [Juin1488]
655 279 825 318 RERUM
857 279 1163 318 URBANARUM
1197 279 1551 318 COMMENTARII.
1928 280 1994 318 311

204 385 364 435 cessit.
393 383 531 432 Dicta
568 386 642 431 est
673 387 859 444 tantum
892 399 988 432 una
1019 383 1172 432 oratio
1204 387 1252 432 et
1282 399 1378 431 non
1410 383 1533 432 facta
1562 384 1715 432 oratio
1744 385 1803 431 de
1839 383 1998 431 doini-
2063 408 2069 421 ·

203 482 331 517 nica.

263 548 402 598 Feria
433 553 622 612 quarta,
675 550 703 594 4
740 547 921 596 mensis
958 548 1107 612 junii,
1157 547 1318 611 vigilia
1355 548 1572 611 corporis
1614 548 1808 609 Christi,
1864 552 1997 613 Papa

197 636 392 699 paratus
427 647 564 681 more
596 635 831 681 consueto
874 631 1006 679 venit
1056 631 1115 679 ad
1156 631 1392 695 capellam
1437 631 1675 695 majorem
1715 631 1879 695 palatii
1917 632 1997 679 ubi

197 716 424 767 interfuit>
445 716 658 780 vesperis
698 718 746 763 et
791 713 907 763 fecit
941 713 1159 762 officium
1193 729 1330 763 more
1365 715 1525 763 solim.
1565 715 1731 762 Finitis
1764 715 1994 778 vesperiS,

203 800 370 850 intravi
405 816 515 849 cum
551 799 872 864 gubernatore
908 797 1049 846 Urbis
1081 813 1326 845 cameram
1359 802 1602 845 secretam
1636 800 1720 846 SS.
1755 801 1812 846 D.
1854 801 1909 847 N.
1938 799 1999 846 ad

203 884 570 948 intelligendum
611 881 833 930 ordinem
871 880 1198 944 processionis
1231 880 1444 928 crastino
1486 881 1564 928 die
1600 881 1728 928 inter
1763 882 1996 930 officiales

205 984 292 1018 sue
320 967 589 1017 sanctitatis
616 964 990 1014 observandum.
1030 964 1270 1013 Sanctitas
1305 979 1392 1011 sua
1426 964 1670 1012 mandavit
1701 965 1841 1012 nobis
1869 966 1999 1028 quod

204 1052 284 1101 ille
306 1051 425 1100 ordo
441 1050 724 1099 observetur
740 1048 821 1112 qui
843 1048 891 1096 in
913 1064 1041 1097 anno
1063 1047 1296 1112 preterito
1315 1047 1364 1095 in
1378 1047 1661 1111 hujusmodi
1684 1048 1996 1111 processione

202 1134 290 1183 fuit
319 1133 626 1183 observatum
664 1148 676 1181 ι
712 1134 994 1182 mandatum
1028 1132 1211 1180 factum
1247 1131 1341 1179 hoc
1376 1147 1520 1180 mane
1553 1131 1841 1180 officialibus
1875 1136 1922 1180 et
1949 1131 1996 1180 in

201 1218 327 1268 libro
348 1218 738 1268 ceremoniarum
760 1235 905 1267 manu
927 1233 1037 1266 mea
1059 1216 1258 1280 scriptO,
1282 1215 1368 1264 fol.
1382 1255 1413 1264 ..
1478 1202 1484 1209 ’

267 1301 409 1350 Feria
428 1301 614 1365 quinta,
639 1306 666 1351 5
685 1301 826 1366 junii,
853 1302 1030 1351 festum
1070 1299 1381 1348 sacratissimi
1412 1299 1630 1364 corporis
1658 1299 1853 1359 Christi,
1878 1299 1997 1346 hora

205 1386 340 1434 circa
357 1402 390 1434 x
408 1386 484 1434 vel
508 1385 650 1445 ultra,
682 1386 767 1433 SS.
797 1387 851 1433 D.
876 1387 932 1433 N.
965 1387 1178 1448 paratuS,
1205 1387 1256 1431 ut
1278 1382 1426 1431 moris
1449 1387 1540 1441 est,
1567 1382 1698 1431 venit
1719 1381 1779 1430 ad
1799 1397 1995 1445 parvam

205 1470 440 1535 capellam
479 1469 559 1517 ubi
605 1469 779 1529 oravit,
833 1468 1070 1527 surrexit,
1124 1467 1355 1531 imposuit
1399 1466 1679 1526 incensum,
1726 1465 1994 1514 incensavit

208 1559 587 1614 sacramentum,
619 1553 806 1617 accepit
834 1552 969 1610 illud,
1001 1555 1066 1610 et,
1098 1551 1291 1599 detecto
1320 1550 1498 1614 capite,
1530 1550 1734 1614 portavit
1763 1566 1912 1613 usque
1936 1550 1994 1597 ad

206 1639 392 1688 curiam
410 1638 572 1703 palatii
591 1638 673 1685 ubi
695 1636 964 1686 cardinales
983 1635 1140 1684 solent
1162 1634 1447 1694 ascendere,
1471 1633 1535 1681 ibi
1565 1634 1750 1698 accepit
1779 1633 1990 1682 mitram.

205 1721 404 1770 Interim
434 1723 601 1769 Rmus.
634 1723 691 1769 D.
721 1719 978 1768 cardinalis
1008 1719 1067 1766 de
1090 1721 1222 1766 Fuxo
1252 1718 1339 1765 sub
1367 1717 1523 1781 prima
1549 1722 1688 1781 porta
1715 1716 1877 1780 palatii
1903 1732 1997 1764 una

205 1820 316 1854 cum
338 1804 712 1854 vicecamerario
734 1803 969 1852 ordinavit
989 1801 1357 1865 processionem
1373 1802 1746 1865 juxtatenorem
1762 1799 1994 1848 schedule

200 1903 344 1952 quam
367 1891 485 1936 tunc
505 1887 595 1936 sibi
617 1887 745 1947 dedi,
772 1892 820 1936 et
848 1885 1250 1935 vicecamerarius
1279 1884 1521 1933 mandavit
1552 1884 1753 1948 singulis
1782 1883 1996 1931 officiali-

198 1972 290 2021 bus
331 1971 419 2020 sub
449 1987 577 2036 pena
607 1975 804 2020 centum
835 1971 1119 2018 ducatorum
1155 1972 1204 2016 ut
1239 1968 1366 2017 irent
1391 1969 1527 2033 juxta
1553 1968 1774 2016 ordinem
1800 1967 1993 2031 predic-

170 2072 174 2074 ·
202 2059 304 2104 tum
324 2055 405 2119 qui
425 2060 528 2104 erat
548 2055 628 2104 ille
651 2055 728 2119 qui
752 2058 862 2103 ante
891 2069 1070 2102 annum
1095 2052 1183 2100 fuit
1205 2053 1506 2110 observatus,
1538 2051 1657 2099 nihil
1685 2054 1892 2111 mutato;
1925 2051 1992 2099 sic

202 2139 382 2188 factum
405 2142 498 2188 est.
541 2138 638 2187 Sed
672 2138 721 2186 in
754 2138 915 2202 platea
951 2153 990 2185 s.
1031 2136 1159 2184 Petri
1196 2136 1276 2199 qui
1310 2151 1397 2200 pro
1441 2135 1762 2199 responsione
1803 2134 1994 2182 stabant

202 2237 374 2286 omnes
423 2222 712 2282 cardinales,
768 2221 962 2269 ordines
1012 2219 1350 2283 religiosorum
1399 2220 1538 2268 Urbis
1577 2222 1623 2267 et
1657 2218 1813 2266 clerus
1848 2219 1991 2267 etiam

199 2307 396 2356 basilice
430 2323 470 2355 s.
511 2305 640 2355 Petri
668 2305 749 2369 qui
784 2303 1152 2369 processionem
1197 2307 1413 2351 nostram
1456 2302 1692 2367 impedire
1727 2308 1775 2352 et
1801 2304 1990 2351 tardare

194 2391 497 2450 videbantur,
522 2405 635 2439 cum
662 2394 710 2437 et
727 2388 818 2453 ipsi
841 2387 1058 2436 nondum
1083 2391 1247 2435 essent
1270 2386 1496 2445 ordinati,
1522 2392 1567 2435 et
1592 2387 1658 2434 illi
1694 2387 1754 2435 de
1778 2404 1817 2435 s.
1845 2390 1991 2436 Petro

194 2474 418 2524 volebant
438 2474 507 2523 ire
529 2473 807 2522 immediate
830 2476 940 2520 ante
964 2487 1162 2520 crucem
1192 2474 1340 2535 Pape,
1372 2470 1583 2518 ordinavi
1616 2470 1763 2534 igitur
1794 2476 1841 2520 et
1866 2472 1989 2536 jussi

193 2559 325 2624 quod
345 2559 411 2607 illi
438 2559 498 2607 de
524 2574 564 2607 s,
606 2560 748 2606 Petro
784 2556 1143 2605 retrocederent
1173 2561 1221 2604 et
1250 2555 1614 2620 processionem
1644 2557 1858 2602 nostram
1891 2570 1990 2602 non

192 2643 487 2708 impedirent
508 2657 667 2706 neque
687 2641 906 2690 venirent
927 2640 1198 2689 nobiscum.
1226 2639 1497 2703 Religiosos
1519 2644 1681 2687 autem
1704 2653 1874 2687 omnes
1896 2637 1986 2686 feci

196 2727 390 2776 firmare
411 2743 501 2791 per
526 2725 650 2775 viam
672 2729 719 2774 et
748 2729 875 2773 stare
900 2739 1151 2787 quousque
1179 2727 1309 2789 Papa
1335 2724 1651 2788 pertransiret
1688 2739 1799 2772 cum
1834 2738 1990 2771 sacra·
2029 2775 2031 2777 ,

196 2816 380 2870 mentO,
399 2810 528 2874 quod
540 2825 637 2858 non
659 2809 749 2857 fuit
762 2809 887 2856 bene
904 2807 1084 2856 factum
1106 2825 1115 2857 :
1140 2796 1527 2858 debebant-enim
1543 2808 1610 2856 illi
1623 2807 1987 2872 processionem

196 2899 412 2943 nostram
430 2893 658 2958 preivisse
679 2908 768 2957 per
787 2894 1033 2943 modicum
1055 2893 1280 2957 spatium,
1299 2893 1428 2956 quod
1448 2893 1626 2941 sactum
1648 2907 1747 2940 non
1766 2895 1856 2950 est,
1877 2890 1988 2953 quia

198 2977 401 3027 vicarius
423 2980 550 3042 Pape
572 2992 667 3025 non
700 2977 786 3025 suit
806 2977 865 3026 de
887 2977 981 3025 hoc
1009 2976 1216 3024 avisatus
1247 2980 1299 3024 ut
1324 2977 1416 3024 illis
1443 2977 1511 3025 sic
1539 2976 1817 3024 mandasset
1842 2993 1850 3022 :
1874 2989 1988 3037 pro-

196 3062 415 3111 videatur
433 3060 578 3125 igitur
596 3060 734 3108 annis
755 3060 925 3109 futuris
945 3064 992 3108 et
1012 3060 1061 3107 in
1082 3059 1242 3123 vigilia
1258 3063 1604 3123 premoneatur
1632 3057 1837 3106 vicarius
1859 3056 1989 3120 quod

198 3145 562 3211 processionem
582 3144 696 3193 cleri
729 3144 869 3194 Urbis
898 3143 1109 3192 ordinari
1134 3142 1276 3191 faciat
1305 3158 1391 3206 pro
1412 3143 1535 3191 hora
1557 3147 1668 3191 ante
1689 3143 1861 3190 horam
1882 3157 1990 3206 pro-

197 3229 432 3280 cessionis
455 3231 600 3293 Pape.
630 3228 720 3280 Via
755 3231 904 3277 Recta
932 3232 979 3276 et
1006 3227 1079 3276 via
1111 3229 1286 3275 Sancta
1318 3227 1510 3276 suerunt
1543 3227 1714 3291 pannis
1742 3227 1801 3274 de
1835 3226 1990 3275 rascia

195 3330 284 3379 per
298 3313 554 3363 servitores
570 3316 860 3361 RRmorum.
883 3315 983 3361 DD.
1003 3311 1319 3360 cardinalium
1338 3312 1473 3375 quasi
1492 3327 1580 3376 per
1596 3316 1749 3360 totum
1768 3311 1987 3360 ordinate

197 3403 245 3447 et
285 3398 332 3445 in
368 3397 582 3463 pluribus
620 3397 740 3446 locis
780 3403 1010 3462 cooperte
1043 3412 1102 3445 ex
1137 3412 1260 3443 nova
1293 3395 1593 3444 ordinatione
1638 3413 1724 3460 per
1762 3395 1987 3445 abbatem
