2262 3958
367 329 439 365 380
953 328 1185 365 JOHANNIS
1218 327 1511 373 BURCHARDI,
1870 331 2023 373 [Janvoer
2037 327 2135 374 μω]

368 432 486 481 mihi
520 433 647 497 quod
683 433 924 480 dominica
958 434 1177 496 proxima
1209 434 1361 481 iturus
1395 434 1523 479 esset
1555 430 1745 494 publice
1778 432 1836 479 ad
1875 432 2131 481 ecclesiam

366 515 505 563 beate
527 516 675 562 Marie
698 514 756 562 de
779 515 960 577 Populo
988 515 1048 562 ad
1074 516 1215 562 mism
1248 515 1570 563 sasolemnem
1597 514 1646 561 in
1672 513 1908 563 honorem
1933 515 2021 564 Dei
2041 528 2128 580 pro

365 598 608 661 triumpho
629 614 716 661 per
742 598 1105 645 serenissimum
1132 613 1299 661 regem
1328 597 1554 661 Hispanie
1578 595 1743 644 habito
1775 603 1943 647 contra
1962 613 2130 663 regem

368 684 596 739 Granate3
626 686 883 745 propterea
901 682 1205 745 providerem
1227 698 1319 745 que
1348 681 1535 745 agenda
1556 686 1718 730 essent
1750 699 1759 729 ε
1784 697 1895 729 nam
1917 683 1967 730 in
1987 696 2130 730 mane

364 764 622 812 nativitatis
635 767 691 812 D.
706 767 761 813 N.
777 768 799 812 J
805 781 888 812 esu
902 764 1076 813 Christi
1090 770 1305 813 oratores
1318 765 1439 827 regii
1452 764 1655 828 predicti
1668 763 1955 812 nunciarunt
1967 764 2126 813 eidem

366 848 446 894 SS.
473 851 529 895 D.
556 850 611 895 N.
643 864 810 911 regem
838 848 1063 896 eumdem
1096 848 1432 912 Hispaniarum
1464 848 1581 895 duas
1607 847 1823 895 civitates
1854 837 2139 911 magnas‘et‘

367 929 459 976 duo
500 930 690 993 oppida,
729 946 787 978 ex
826 930 1021 978 alterius
1053 930 1183 993 regis
1214 932 1419 978 Granate
1449 928 1672 976 videlicet
1705 929 1919 992 presenti
1954 929 2132 977 unione

366 1013 648 1073 obtinuisse,
692 1014 768 1061 die
815 1017 983 1076 quarta
1023 1013 1203 1061 mensis
1249 1011 1519 1060 decembris
1564 1010 1799 1081 preteriti,
1844 1011 2128 1061 videlicet...

368 1088 724 1159 Bascapolena,’
749 1098 819 1145 las
856 1101 1093 1146 Tavernas
1127 1100 1174 1144 et
1196 1096 1347 1143 Seron
1380 1092 1459 1158 (1).
1502 1093 1650 1155 Igitur
1683 1109 1769 1156 pro
1809 1094 2132 1143 satisfactione

367 1179 641 1228 Sanctitatis
688 1197 771 1228 sue
813 1182 987 1244 collegi
1033 1196 1199 1228 versus
1244 1177 1571 1239 infrascriptos
1614 1180 1661 1224 et
1698 1177 1939 1225 orationes
1973 1178 2052 1240 qui
2085 1183 2133 1227 et

369 1278 459 1326 que
502 1262 615 1310 huic
656 1264 775 1311 mihi
809 1265 1066 1313 convenire
1102 1263 1387 1312 videbantur
1434 1264 1481 1307 et
1517 1263 1797 1307 ostensurus
1837 1274 1920 1307 eos
1963 1265 2011 1308 et
2049 1275 2134 1309 eas

367 1346 615 1394 Sanctitati
651 1363 753 1406 sue,
797 1352 848 1396 ut
884 1348 1084 1411 eligeret
1128 1363 1186 1395 ex
1219 1348 1287 1394 eis
1324 1361 1443 1409 quos
1477 1351 1523 1394 et
1562 1361 1679 1408 quas
1716 1349 1835 1403 etc.;
1875 1344 2011 1394 finita
2051 1345 2134 1394 illa

365 1429 528 1487 missa,
567 1434 675 1492 post
715 1430 777 1478 Te
815 1431 972 1479 Deum
1009 1431 1275 1489 leudamu-s‘,
1316 1435 1573 1493 antequam
1607 1428 1920 1477 benediceret
1956 1428 2132 1493 populo

366 1510 556 1574 publice
584 1513 917 1574 pronunciavit
954 1513 1059 1571 hos,
1095 1512 1350 1560 videlicet:
1381 1513 1528 1560 Pater
1560 1521 1716 1560 noster
1749 1516 1864 1571 eto,
1894 1516 1942 1560 et
1967 1528 2026 1560 ne
2048 1529 2134 1561 nos

366 1593 562 1641 inducas
583 1595 631 1641 in
653 1596 967 1644 tentationem.

435 1679 482 1737 ᾗ).
507 1677 693 1741 Maqna
711 1686 755 1726 et
770 1679 1004 1727 mirabilia
1023 1687 1138 1727 sunt
1153 1696 1290 1743 opera
1311 1689 1408 1742 tua,
1431 1680 1641 1729 Domine.

432 1761 481 1819 ιῖ).
507 1759 641 1807 Juste
659 1767 705 1807 et
719 1776 821 1808 vere
841 1761 911 1807 vie
936 1769 1027 1821 tue,
1052 1761 1255 1809 Domine
1273 1762 1413 1810 Deus.

434 1844 482 1903 ys.
512 1842 709 1905 Operuit
725 1843 841 1890 celos
857 1843 1010 1906 yloria
1029 1850 1126 1902 tua,

435 1926 484 1984 ἢ.
509 1925 581 1972 Et
597 1924 735 1983 laude
757 1932 837 1971 tua
852 1925 995 1988 plena
1015 1933 1085 1972 est
1103 1934 1240 1975 terra.

434 2009 482 2068 3⁷.
507 2008 623 2056 Date
648 2007 1051 2071 maynificentiam
1077 2009 1285 2058 Domino
1307 2011 1400 2059 Deo
1422 2018 1593 2058 nostro.

434 2092 485 2151 li).
514 2091 595 2140 Dei
615 2091 737 2138 enim
747 2091 965 2155 perfecta
985 2099 1099 2139 sunt
1116 2107 1254 2155 opera
1285 2100 1331 2140 et
1351 2108 1509 2141 omnes
1531 2093 1601 2141 vie
1622 2094 1727 2156 ejus
1741 2093 1948 2156 judicia.

435 2177 485 2236 71⁷.
510 2174 757 2222 Levurunt
774 2174 928 2221 oculos
950 2191 1057 2222 suos
1075 2176 1124 2222 in
1149 2183 1327 2223 montes

430 2260 480 2319 ἡ.
515 2257 651 2306 Unde
672 2258 800 2305 venit
816 2258 1059 2306 auxilium
1073 2259 1152 2306 eis.

429 2343 478 2401 ys.
502 2339 760 2388 Auxilium
787 2356 978 2388 suorum
1004 2356 1031 2387 α
1051 2341 1255 2389 Domino

433 2425 480 2483 ἡ.
507 2423 602 2480 Qui
620 2424 740 2488 fecit
756 2422 904 2470 celum
926 2431 972 2470 et
989 2431 1176 2471 terram.

432 2509 480 2567 3⁷.
506 2506 617 2554 Non
639 2506 718 2552 det
740 2506 788 2552 in
813 2507 1162 2553 commotionem
1172 2506 1317 2569 pedes
1338 2522 1514 2566 eorum,

428 2591 475 2649 ἡ).
497 2589 664 2652 Neque
684 2588 882 2636 dormiet
899 2588 980 2651 qui
999 2588 1199 2635 custodit
1224 2604 1314 2635 eos.

434 2674 480 2731 iss.
511 2671 634 2729 Quia
658 2686 752 2718 non
773 2670 1045 2718 dormitabit
1061 2687 1210 2734 neque
1231 2671 1429 2719 dormiet

436 2756 486 2814 Ii).
517 2754 612 2811 Qui
631 2753 832 2819 custodit
853 2760 1067 2801 sanctum
1079 2753 1311 2817 populum
1330 2770 1487 2803 suum.

433 2839 482 2898 ἣν.
506 2837 734 2886 Dominus
755 2837 956 2886 custodit
971 2844 1153 2885 sanctos
1175 2853 1282 2885 suos
1307 2854 1317 2886 ε

434 2922 485 2981 ffl-
510 2921 738 2970 Dominus
744 2929 980 2985 protector
999 2937 1157 2969 eorum
1180 2919 1230 2968 in
1250 2920 1458 2968 seculum
1476 2922 1636 2968 seculi.

439 3006 488 3064 ἲν.
511 3005 698 3068 Diriye,
723 3021 994 3069 quesumus,
1018 3005 1241 3064 Domine,
1264 3020 1452 3068 yressus
1479 3012 1659 3052 nostros

434 3091 482 3149 Ιῆ.
506 3088 585 3137 Ad
601 3088 924 3153 defensionem
938 3088 1107 3152 populi
1127 3088 1257 3136 electi
1278 3088 1361 3135 tui.

441 3174 489 3226 is.
513 3172 600 3219 Ad
615 3171 814 3219 nihilum
841 3171 1000 3235 rediqe
1024 3172 1232 3218 inimicos
1252 3178 1448 3229 nostros,

438 3256 471 3313 ιὶ
513 3254 682 3303 Gentes
703 3271 792 3319 que
812 3271 906 3302 non
929 3263 1162 3303 noverunt
1178 3269 1347 3302 nomen
1373 3261 1587 3303 sanctum
1611 3261 1759 3301 tuum.

425 3440 456 3472 1.
484 3436 576 3484 Voy.
600 3438 775 3482 Mariana,
797 3439 853 3473 De
871 3439 986 3474 rebus
1006 3438 1195 3483 Hispan„
1219 3437 1280 3473 liv.
1303 3435 1413 3478 XXV,
1437 3436 1495 3472 ch.
1514 3436 1613 3482 XIII,
1635 3448 1671 3483 p.
1696 3435 1775 3474 135.
