2262 3958
128 311 235 355 [nara
256 311 346 354 14⁹0]
388 327 392 331 -
566 310 734 348 RERUM
768 310 1073 348 URBANARUM
1105 310 1457 349 COMMENTARII.
1836 313 1908 348 399

127 418 340 476 Petrum,
365 417 494 479 Papa
511 418 756 480 presente.
783 415 1071 463 Sermonem
1083 413 1198 462 fecit
1217 417 1506 477 procurator
1527 413 1709 462 ordinis
1732 414 1909 464 eremi-

127 500 284 547 tmum
304 513 345 545 s.
367 497 623 561 Augustini
646 515 655 545 :
681 497 774 546 alia
795 497 957 546 omnia
977 497 1230 545 observata
1250 500 1360 544 sunt
1381 512 1517 546 more
1534 497 1693 546 solito.

185 580 442 629 Dominica
485 585 654 645 quarta
694 581 1080 645 quadragesime,
1136 583 1190 628 21
1237 581 1459 645 ejusdem
1501 582 1683 630 mensis
1721 583 1901 642 martii,

125 664 294 713 Rmus.
334 665 392 712 D.
429 663 685 712 cardinalis
723 665 1063 713 Ulixbonensis
1099 663 1216 711 alias
1250 666 1611 730 Portugalensis
1643 666 1907 715 celebravit

126 746 327 797 missam
345 749 588 812 publicam
619 749 669 797 in
698 748 885 812 capella
913 749 1150 813 predicta,
1184 752 1315 814 Papa
1342 756 1589 814 presente.
1617 754 1905 801 Sermonem

127 830 240 881 fecit
253 837 540 896 procurator
554 832 736 881 ordinis
756 832 899 881 beate
920 833 1069 882 Marie
1092 833 1151 880 de
1173 835 1338 881 Monte
1361 835 1598 883 CarmeIO.

192 917 296 964 Hoc
313 931 474 975 mane,
497 917 582 964 SS.
603 918 660 964 D.
685 919 868 976 noster,
885 915 1081 965 indutus
1095 917 1319 965 omnibus
1337 919 1634 982 paramentis
1650 919 1699 966 in
1713 935 1907 967 camera

122 998 380 1063 papagaui,
404 998 601 1064 dempta
618 999 778 1061 mitra,
811 999 1060 1049 benedixit
1090 1016 1251 1048 rosam
1276 1017 1422 1064 quam
1449 1018 1613 1050 coram
1641 1003 1905 1051 Sanctitate

122 1097 212 1131 sua
227 1083 512 1147 genuflexus
539 1084 737 1133 tenebat
763 1086 821 1132 D.
855 1085 1038 1149 Gaspar
1061 1083 1274 1132 Blondus
1297 1101 1490 1134 camere
1516 1086 1783 1150 apostolice
1807 1086 1906 1134 cle-

117 1165 249 1215 ricus
285 1170 398 1217 ante
435 1183 525 1232 per
565 1184 657 1218 nos
695 1168 947 1217 incensam
988 1169 1037 1216 in
1074 1169 1183 1218 loco
1229 1169 1372 1218 solito
1405 1175 1624 1234 paratam
1662 1170 1906 1219 consuetis

119 1252 429 1301 ceremoniis.
451 1255 572 1302 Tum
592 1269 755 1303 rosam
783 1254 832 1301 in
859 1253 1055 1303 sinistra
1081 1258 1298 1319 portans,
1331 1253 1532 1303 dextera
1551 1254 1730 1319 populo
1754 1253 1907 1302 bene-

118 1334 306 1398 dicens,
329 1337 461 1387 venit
484 1337 535 1386 in
555 1340 792 1405 capellam
812 1341 1051 1406 majorem
1074 1339 1190 1389 dicti
1208 1339 1374 1404 palatii
1390 1339 1473 1387 ubi
1493 1338 1641 1387 misse
1661 1338 1901 1387 interfuit:

120 1437 216 1486 qua
226 1421 380 1484 finita,
400 1427 448 1473 et
462 1423 804 1474 benedictione
821 1441 909 1490 per
923 1440 1059 1473 suam
1077 1426 1394 1474 Sanctitatem
1413 1423 1541 1480 data,
1562 1439 1649 1471 sua
1667 1423 1907 1472 Sanctitas

121 1505 183 1554 ad
211 1521 266 1555 se
297 1507 518 1556 mandari
545 1508 732 1558 vocavit
767 1509 1082 1573 magnificum
1111 1512 1168 1557 D.
1208 1509 1512 1573 Alphonsum
1521 1545 1618 1556 .....
1659 1506 1909 1556 serenissi-

121 1605 314 1639 morum
339 1582 611 1657 principum
642 1593 934 1642 Ferdinandi
962 1593 1093 1657 regis
1124 1597 1171 1642 et
1199 1593 1443 1641 Elisabete
1479 1593 1648 1657 regine
1677 1591 1906 1656 Hispanie

121 1672 251 1738 apud
271 1675 590 1725 Sanctitatem
613 1693 750 1726 suam
766 1682 1030 1737 oratorem,
1047 1676 1123 1725 cui
1141 1676 1443 1741 consignavit
1462 1692 1622 1726 rosam
1636 1676 1907 1741 predictam

120 1756 433 1807 serenissime
465 1759 661 1810 domine
696 1762 914 1827 predicte
955 1761 1154 1809 nomine
1191 1761 1469 1809 Sanctitatis
1510 1777 1595 1810 sue
1628 1764 1909 1825 presentan-

118 1839 249 1890 dam.
277 1840 397 1890 Mihi
437 1842 694 1894 videbatur
728 1862 833 1895 rem
873 1845 1053 1894 debere
1087 1845 1194 1893 fieri
1229 1845 1277 1892 in
1302 1861 1498 1893 camera
1523 1845 1788 1910 papagalli3
1823 1843 1908 1892 sed

116 1929 376 1991 postquam
409 1928 649 1979 Sanctitas
668 1946 756 1978 sua
783 1929 844 1978 ad
873 1930 1005 1978 illam
1029 1928 1272 1988 rediisset,
1303 1933 1350 1977 et
1378 1944 1488 1976 cum
1515 1932 1656 1977 Rmo.
1688 1931 1747 1976 D.
1776 1928 1907 1976 vice-

117 2009 409 2060 cancellario
440 2012 723 2074 Cathalano,
773 2013 877 2078 regi
923 2013 1152 2078 Hispanie
1196 2012 1404 2073 favente,
1458 2012 1752 2077 suspiciente
1800 2028 1905 2060 rem

114 2092 413 2158 hujusmodi,
469 2113 581 2146 cum
625 2098 813 2162 majore
859 2097 1030 2161 gloria,
1071 2097 1119 2144 in
1161 2096 1326 2160 populi
1375 2101 1642 2161 conspectu
1687 2096 1737 2144 in
1779 2096 1908 2145 dicta

116 2176 304 2241 capella
322 2176 429 2226 fieri
451 2175 772 2224 deliberatum
795 2179 844 2224 et
861 2175 1041 2223 factum
1064 2179 1156 2223 est.

183 2259 269 2309 His
290 2259 449 2321 factis,
474 2262 606 2324 Papa
625 2259 767 2308 rediit
789 2259 850 2307 ad
871 2274 1118 2308 cameram
1137 2258 1307 2307 ordine
1330 2263 1582 2308 consueto.
1603 2261 1661 2307 D.
1685 2259 1905 2324 Alphon-

56 2340 58 2343 ’
115 2327 198 2393 sus
237 2348 403 2394 orator
433 2343 680 2408 predictus
718 2360 828 2392 cum
864 2359 977 2392 rosa
1009 2343 1209 2393 incessit
1237 2347 1349 2393 ante
1384 2359 1580 2391 crucem
1610 2343 1660 2390 in
1684 2343 1793 2392 loco
1817 2360 1903 2391 suo

114 2427 242 2477 inter
256 2427 378 2477 alios
393 2431 630 2477 oratoreS.
656 2430 921 2492 Postquam
950 2430 1095 2491 Papa,
1125 2427 1337 2476 dimissis
1365 2426 1415 2474 in
1442 2443 1638 2475 camera
1664 2428 1905 2492 papagalli

111 2511 428 2576 paramentis,
467 2511 529 2560 ad
570 2527 790 2561 cameras
834 2528 946 2560 suas
994 2511 1238 2572 rediisset,
1284 2516 1594 2561 recesserunt
1633 2511 1904 2560 cardinales

112 2609 285 2644 omnes
309 2600 358 2645 et
375 2595 623 2661 predictus
645 2598 703 2644 D.
727 2595 1007 2661 Alphonsus
1029 2612 1057 2644 a
1076 2596 1277 2656 familia,
1309 2595 1615 2644 cubiculariis
1640 2600 1688 2645 et
1704 2596 1903 2660 prelatis

110 2679 276 2743 palatii
313 2695 370 2728 ac
402 2679 692 2745 quibusdam
732 2679 1004 2744 aliquorum
1038 2679 1359 2728 cardinalium
1404 2680 1720 2728 familiaribus
1768 2697 1903 2730 asso-

113 2762 266 2812 ciatus
291 2768 365 2812 est
386 2780 538 2827 usque
561 2763 622 2811 ad
642 2763 840 2812 domum
862 2779 947 2813 sue
971 2763 1254 2824 residentie,
1287 2763 1477 2812 medius
1506 2764 1632 2812 inter
1664 2764 1905 2827 guberna-

111 2851 270 2896 torem
289 2847 427 2897 Urbis
451 2864 481 2896 a
507 2847 721 2896 dexteris
749 2851 798 2895 et
824 2846 1247 2911 archiepiscopum
1276 2847 1615 2896 Arelatensem
1647 2862 1675 2894 a
1696 2846 1902 2895 sinistris

113 2930 354 2995 equitans,

180 3017 266 3064 SS.
298 3017 354 3063 D.
378 3017 435 3064 N.
458 3014 716 3064 intendens
739 3013 887 3063 etiam
914 3014 1157 3079 principes
1188 3014 1460 3080 scripsisse,
1496 3015 1702 3063 classem
1729 3029 1900 3077 parare

111 3101 340 3158 Turcum,
369 3099 472 3164 jam
501 3099 666 3148 multis
694 3097 944 3148 mensibus
976 3097 1172 3162 elapsis,
1207 3115 1296 3162 per
1322 3099 1487 3148 literas
1516 3098 1799 3147 cohortatus
1828 3102 1902 3146 est

112 3182 356 3247 principes
407 3183 665 3231 Germanic
717 3187 769 3232 ut
816 3198 902 3247 pro
951 3182 1075 3230 festo
1118 3183 1509 3232 annunciationis
1560 3183 1702 3231 beate
1751 3181 1901 3230 Marie

113 3267 310 3332 virginis
344 3266 564 3332 proxime
598 3268 778 3327 futuro,
821 3270 1040 3316 oratores
1079 3282 1193 3315 suos
1220 3266 1471 3315 mitterent
1499 3265 1560 3313 ad
1597 3264 1901 3314 tractandam

113 3351 475 3417 expeditionem
512 3356 681 3402 contra
712 3354 923 3400 Turcum
947 3369 958 3410 ;
985 3366 1072 3418 pro
1101 3351 1240 3416 cujus
1275 3350 1346 3398 rei
1375 3350 1662 3399 executione
1696 3348 1901 3398 faciliter

112 3435 352 3500 provideri
379 3450 525 3500 posse
561 3439 856 3500 speraretur,
887 3434 1051 3484 medio
1085 3434 1226 3483 Turci
1257 3433 1385 3499 apud
1423 3433 1741 3483 Sanctitatem
1763 3447 1898 3481 suam
1938 3438 1942 3443 '
