2262 3958
933 303 1219 341 APPENDICE.
1897 301 1967 338 503

247 423 269 448 «
287 407 415 462 Dipoi
435 407 493 448 ho
513 407 662 448 intexo
690 406 734 448 di
765 408 883 448 certo
904 416 928 447 e
954 405 1188 447 Colonnesi
1214 404 1374 446 havere
1399 403 1599 445 rihavute
1629 405 1741 444 tutte
1769 403 1810 445 le
1831 405 1965 445 Terre

199 474 428 518 hovevono
448 472 648 526 perdute,
673 475 715 514 et
734 472 894 515 havere
924 471 1229 524 saccheggiato
1261 481 1350 512 una
1374 473 1499 523 parte
1525 469 1580 512 de
1604 469 1828 523 Carriaggi
1848 468 1963 510 della

188 541 358 584 chiesa.

418 633 420 635 >
454 621 469 643 c
505 606 551 647 E.
573 607 623 646 V.
645 604 699 645 M.

609 708 630 736 ι
650 692 856 742 servitor,

950 780 965 799 ι
985 764 1285 805 Gmmnromns
1305 763 1570 813 Vnspuccms,
1593 762 1764 804 Orator.
1786 779 1802 798 ι

242 895 420 948 (Lettere
436 893 483 934 ai
499 894 558 934 X.
580 891 628 932 di
646 889 783 932 Balia.
807 889 920 931 Clas.
943 889 995 938 X,
1018 887 1127 929 Dist.
1150 886 1190 938 4,
1209 898 1254 928 n.
1276 885 1364 941 33.)

1043 1120 1098 1167 10

234 1270 468 1324 Pratiques
501 1269 580 1312 des
602 1267 857 1310 cardinaux.
891 1264 1050 1318 Borgia
1082 1263 1265 1305 cherche
1283 1262 1309 1305 a
1337 1273 1589 1316 corrompre
1622 1272 1696 1303 ses
1725 1258 1967 1314 collegues,

187 1337 266 1392 qui
283 1347 367 1391 par
386 1335 441 1378 de
466 1335 668 1389 l'argent‚
687 1333 763 1386 qui
781 1343 862 1385 par
887 1332 964 1374 des
997 1330 1183 1384 emplois
1205 1334 1248 1373 et
1278 1331 1357 1373 des
1378 1328 1616 1372 benefices.
1639 1330 1697 1369 Le
1726 1329 1868 1369 comte
1902 1328 1970 1367 est

183 1403 343 1445 hostile
372 1401 398 1444 a
419 1401 688 1450 Saint·Marc,
709 1401 735 1441 a
754 1399 927 1448 savelli,
951 1409 1009 1439 au
1027 1398 1222 1440 cardinal
1241 1398 1296 1439 de
1318 1397 1539 1439 Lisbonne
1559 1397 1603 1437 et
1625 1406 1684 1436 au
1704 1392 1901 1435 cardinal
1915 1391 1970 1434 de

179 1468 388 1512 Moifetta.
411 1469 466 1510 Le
485 1469 629 1509 comte
647 1469 691 1508 et
710 1465 751 1506 la
766 1476 868 1506 casa
887 1464 1046 1507 Orsina
1075 1467 1176 1506 sont
1196 1463 1437 1506 ensemble.

551 1604 569 1624 ι
592 1585 823 1639 Maym'fico
840 1585 1074 1627 Laurentio
1095 1584 1145 1625 de
1162 1583 1335 1625 Medicis
1356 1583 1588 1625 Florentie.

240 1709 257 1730 ι
281 1691 502 1744 Maynislee
516 1691 597 1740 vir,
618 1695 694 1731 ecc.
717 1691 772 1730 Le
793 1688 1034 1730 conditioni
1053 1688 1099 1729 in
1113 1689 1192 1729 6116
1213 1687 1250 1728 si
1269 1690 1427 1729 truova
1442 1688 1601 1739 questa
1629 1684 1739 1729 Citta
1770 1685 1910 1727 scrivo
1928 1685 1969 1727 ai

186 1761 241 1801 X.
263 1761 306 1800 et
325 1758 424 1800 ideo
437 1755 676 1799 altrimenti
695 1766 785 1797 non
804 1755 866 1796 mi
886 1753 1128 1796 diffondero
1148 1754 1194 1795 in
1225 1753 1374 1806 quelle
1407 1751 1661 1794 extimando
1694 1753 1886 1794 anchora
1916 1751 1972 1792 da

186 1823 283 1866 altri
299 1834 357 1865 ne
377 1822 547 1865 doviate
568 1832 716 1863 essere
734 1821 948 1863 advisato.

242 1905 258 1928 ι
281 1887 482 1931 Scrissivi
507 1887 622 1929 della
638 1887 834 1939 praticha
855 1890 1012 1928 teneva
1032 1884 1214 1927 Manello
1235 1883 1295 1939 (1)
1316 1898 1326 1935 ;
1351 1883 1471 1937 dipoi
1491 1895 1539 1925 se
1568 1884 1623 1925 ne
1644 1884 1804 1935 levato,
1827 1887 1871 1926 et
1891 1895 1969 1926 vo-

186 1955 299 1998 leasi
313 1956 358 1998 al
381 1952 739 2004 Vicecancelliere‚
760 1953 912 1994 cercha
935 1952 978 1994 di
990 1962 1268 2004 corrompere
1284 1951 1325 1992 el
1338 1949 1518 2000 mondo,
1539 1950 1607 1991 chi
1621 1961 1703 1991 con
1715 1950 1884 1999 denari,
1901 1950 1969 1991 chi

189 2033 273 2065 con
299 2020 419 2064 uficii
432 2024 476 2063 et
497 2021 566 2062 chi
579 2030 663 2062 con
682 2018 898 2060 beneficii.
924 2020 979 2060 So
1000 2019 1080 2059 6116
1096 2030 1121 2059 a
1149 2017 1344 2070 Rayom,
1362 2017 1419 2058 ha
1439 2015 1549 2057 fatto
1569 2015 1780 2068 proferire
1801 2015 1969 2069 l'ofsice‘o

187 2094 231 2129 ee
248 2086 454 2137 lochosa,
477 2092 516 2127 et
532 2097 561 2127 a
583 2086 771 2127 Colonna
784 2084 1172 2136 venticinquemila
1190 2083 1335 2124 ducati
1356 2085 1399 2124 et
1414 2082 1457 2122 la
1477 2082 1611 2123 Badia
1632 2082 1677 2123 di
1692 2082 1906 2130 Subiaco;
1928 2085 1973 2123 et

188 2153 228 2195 el
240 2153 382 2195 simile
400 2155 448 2193 al
462 2152 642 2193 Savello.
661 2150 757 2193 Non
778 2161 828 2192 so
846 2160 895 2191 se
925 2148 950 2191 6
970 2149 1015 2191 di
1036 2147 1219 2191 volunta
1241 2149 1310 2189 del
1325 2149 1383 2189 Re
1403 2150 1562 2200 questa
1582 2147 1794 2199 praticha.
1818 2147 1972 2197 Credo,

191 2219 236 2262 di
253 2218 565 2262 commissione
578 2219 849 2266 veramente,
868 2215 982 2257 facta
1003 2226 1093 2256 non
1115 2215 1195 2264 sia,
1218 2210 1379 2266 perche
1399 2224 1490 2254 non
1509 2214 1547 2254 ci
1578 2215 1740 2265 poteva
1761 2223 1885 2253 esser
1901 2213 1973 2254 via

192 2285 238 2328 di
253 2285 440 2340 qualche
459 2283 744 2326 commission
773 2281 948 2324 vecchia
972 2294 981 2322 :
1010 2281 1053 2321 z‘n
1072 2283 1185 2322 ostia
1210 2278 1390 2321 Manello
1414 2278 1469 2332 (2)
1496 2279 1688 2331 praticar
1706 2289 1785 2330 per
1815 2278 1975 2329 Napoli

188 2363 268 2406 pm·
283 2351 546 2407 guadagnar
563 2351 607 2393 la
626 2361 732 2393 voce
751 2360 831 2390 sua
846 2359 925 2401 per
946 2346 1302 2388 Vieecancellz'ere.
1324 2345 1525 2387 Essendo
1545 2348 1694 2386 vanuco
1715 2346 1911 2397 Βαροηα,
1934 2344 1976 2385 61

187 2417 320 2473 quale
332 2415 358 2460 ὁ
375 2420 540 2461 venuto
558 2416 712 2470 hoggi,
732 2414 1000 2456 s'intendera
1021 2413 1199 2466 melglio
1218 2413 1261 2454 la
1278 2409 1459 2454 volunta
1474 2412 1544 2453 del
1561 2413 1633 2453 Re.

243 2501 262 2523 ι
279 2476 331 2527 ΕΙ
348 2484 485 2528 Conte
504 2483 576 2524 nel
596 2493 678 2524 suo
703 2482 875 2535 parlare
896 2479 990 2521 dice
1013 2491 1091 2532 per
1109 2479 1258 2520 niente
1279 2489 1369 2519 non
1387 2477 1536 2519 volere
1562 2477 1615 2518 ne
1644 2476 1733 2518 San
1747 2477 1893 2518 Marco
1914 2477 1975 2517 ne’

187 2549 357 2593 Savello
375 2550 426 2591 m}
447 2546 654 2591 Ulisbona
666 2546 945 2603 nesMalfetta,
968 2557 992 2587 e
1008 2548 1124 2586 tutto
1144 2545 1269 2598 largo
1296 2544 1474 2585 afferma
1492 2543 1654 2587 volersi
1674 2553 1910 2596 preparare
1930 2544 1976 2584 in

189 2605 322 2659 modo
338 2615 418 2658 6116
433 2613 612 2668 quando
632 2613 678 2656 al
694 2613 953 2665 Pontz'slcato
979 2612 1021 2653 si
1039 2610 1222 2652 volta-ssi
1241 2610 1285 2652 in
1313 2610 1455 2663 questi
1478 2608 1631 2663 luoghi
1653 2607 1775 2649 vuele
1803 2607 1977 2662 aqqredi

191 2693 283 2724 rem
299 2682 433 2724 armis
452 2683 496 2723 et
516 2679 610 2723 fare
641 2679 783 2722 andar
810 2679 853 2720 la
873 2690 976 2720 cosa
997 2690 1020 2719 a
1042 2689 1124 2719 suo
1144 2676 1293 2728 modo,
1315 2682 1356 2717 et
1372 2676 1562 2718 sollecita
1582 2678 1618 2716 le
1636 2681 1758 2727 yeme
1776 2675 1854 2716 che
1878 2682 1981 2716 ven·

194 2748 360 2802 ghon0.
383 2749 429 2789 lo
443 2746 503 2788 mi
523 2757 632 2788 sono
652 2746 769 2787 nella
794 2745 882 2786 mia
903 2744 1126 2797 opinione,
1149 2743 1228 2784 che
1248 2742 1428 2796 quando
1451 2742 1489 2782 si
1514 2741 1681 2794 potessi
1707 2742 1868 2783 havere
1887 2751 1977 2781 uno

197 2813 242 2856 di
260 2812 396 2867 quelli
417 2812 503 2854 dua
524 2812 603 2853 che
622 2812 666 2854 vi
685 2811 849 2860 scrissi‚
871 2811 951 2851 6116
967 2810 1203 2851 l'universo
1223 2809 1267 2850 al
1292 2807 1530 2860 particular
1542 2811 1695 2849 nostro
1714 2807 1826 2848 della
1847 2805 1976 2855 Cina,

197 2882 242 2922 et
261 2882 427 2929 vostr0‚
449 2877 722 2931 passerebbe
742 2878 870 2919 bene.
894 2875 1037 2917 Parmi
1057 2875 1121 2916 sia
1150 2872 1228 2927 piu
1246 2877 1364 2916 tosto
1386 2874 1443 2915 da
1468 2874 1718 2916 consentire
1737 2873 1780 2913 al
1799 2874 1919 2912 Daca
1934 2871 1980 2910 di

199 2944 363 2988 Milone
384 2950 426 2984 et
442 2944 486 2985 al
503 2945 562 2986 Re
579 2943 765 2997 qualche
784 2942 878 2983 loro
906 2939 1147 2994 specialita,
1170 2940 1248 2981 che
1269 2939 1426 2981 cadere
1442 2939 1487 2980 in
1508 2950 1597 2980 uno
1623 2937 1856 2987 Venitiareo,
1878 2948 1978 2989 per-

200 3009 339 3054 chela
355 3008 575 3052 necessita
607 3010 644 3051 ci
663 3006 900 3062 insegnera
930 3006 1094 3048 andare
1111 3006 1246 3055 uniti;
1275 3009 1319 3047 et
1338 3005 1417 3046 che
1438 3005 1504 3046 sia
1537 3005 1592 3046 da
1613 3003 1704 3045 fare
1727 3004 1832 3057 ogni
1867 3002 1983 3043 forza

203 3077 282 3119 6116
302 3076 562 3130 monsignor
576 3075 618 3117 di
632 3077 814 3128 Ragona
832 3077 875 3115 et
891 3073 1109 3114 Aschanio
1125 3073 1162 3113 si
1180 3071 1382 3113 unissino
1399 3082 1425 3112 a
1439 3081 1527 3112 uno
1541 3070 1688 3113 volere
1709 3067 1868 3122 perche
1887 3078 1984 3109 con-

203 3143 464 3186 durebbono
481 3145 638 3196 questa
658 3140 821 3183 harcha
843 3151 869 3181 a
889 3142 1030 3192 porto.

258 3225 276 3245 ι
299 3208 582 3252 Parrebbemi
600 3220 680 3261 per
700 3206 805 3261 ogni
824 3206 1013 3259 rispecto
1035 3207 1151 3246 sotto
1170 3204 1327 3246 lettere
1351 3205 1498 3245 vostre
1519 3201 1562 3243 di
1583 3200 1802 3244 Credenza
1822 3200 1866 3241 in
1898 3209 1985 3250 me,

249 3335 280 3368 1.
304 3333 375 3374 Sic,
391 3333 764 3367 vraisemhlablement
782 3341 875 3376 pour
894 3329 1149 3374 monsignore]
1172 3328 1312 3369 Α116110,
1331 3330 1394 3372 qui
1415 3329 1500 3363 emit
1520 3327 1777 3362 ambassadeur
1798 3325 1842 3360 de
1865 3325 1990 3359 Ferdi-

203 3388 316 3429 nand,
337 3388 391 3421 roi
411 3388 454 3421 de
474 3387 616 3430 Naples.

241 3445 274 3476 2.
300 3442 418 3475 Meme
437 3442 668 3475 observation
688 3451 758 3484 que
776 3439 1079 3484 pr6c6demment,
1097 3440 1180 3471 note
1198 3439 1229 3472 1.
