2262 3958
252 327 359 368 (Mars
380 325 470 370 1492}
702 326 871 363 RERUM
906 326 1207 364 URBANARUM
1241 326 1590 364 COMMENTARII.
1965 328 2036 364 449

255 429 514 479 celebravit
535 428 734 477 missam
756 430 803 477 in
827 429 1013 493 capella
1040 429 1334 492 supradicta,
1378 433 1506 492 Papa
1531 430 1749 486 absente,
1775 433 1821 476 et
1842 429 1928 476 fuit
1951 445 2038 476 sua

253 512 411 577 prima
433 512 580 560 missa
606 513 654 560 in
683 518 844 572 cantu,
869 513 917 560 in
951 528 1044 576 qua
1075 513 1239 561 omnia
1267 514 1520 562 observata
1554 519 1663 561 sunt
1697 527 1833 560 more
1877 511 2036 559 solito.

256 596 543 664 Sermonem
566 596 677 645 fecit
697 601 983 660 procurator
1003 596 1185 644 ordinis
1208 596 1583 659 predicatorum.

319 680 458 728 Feria
478 679 709 739 secunda,
743 683 799 727 12
823 679 999 737 martii,
1026 680 1150 727 festo
1181 697 1219 727 s.
1251 681 1470 743 Gregorii
1492 696 1634 744 pape,
1657 684 1741 729 SS.
1772 683 1828 727 D.
1855 681 1933 736 N.‚
1959 695 2042 742 pa-

256 768 387 812 ratus
408 779 544 812 more
567 763 708 810 solito
727 768 776 810 et
797 763 1033 825 capucino
1056 763 1167 811 albo
1191 764 1279 810 sub
1303 763 1442 820 stola,
1464 763 1592 811 venit
1613 764 1674 810 ad
1688 762 2040 811 monasterium

257 847 549 911 S.Gregorii,
575 861 719 894 cruce
748 850 796 894 et
822 846 1144 893 cardinalibus
1181 846 1574 908 precedentibus,
1602 847 1682 894 ubi
1716 846 1893 894 audivit
1921 833 2039 892 mis—

259 946 360 979 sam
402 930 595 977 bassam
627 943 772 991 quam
806 928 1065 976 celebravit
1084 928 1233 976 abbas
1275 929 1386 977 dicti
1426 930 1726 978 monasterii.
1772 928 1899 976 Dixit
1938 934 2036 975 tres

259 1013 502 1062 orationes
535 1028 545 1060 τ
572 1011 796 1075 primam,
828 1011 887 1059 de
916 1011 1064 1069 festo;
1117 1013 1398 1072 secundam,
1435 1013 1494 1060 de
1525 1013 1666 1073 feria;
1700 1014 1909 1072 tertiam,
1950 1029 2036 1076 pro

256 1098 403 1160 Papa,
427 1094 550 1158 quia
568 1094 807 1158 principio
829 1093 977 1143 misse
999 1110 1151 1158 usque
1171 1095 1232 1143 ad
1248 1095 1416 1155 finem,
1443 1097 1588 1145 etiam
1605 1098 1720 1145 dum
1738 1096 2038 1160 evangelium

253 1179 514 1237 diceretur,
539 1178 588 1225 in
603 1177 867 1226 faldistorio
890 1178 938 1224 in
961 1193 1114 1226 cornu
1138 1181 1371 1243 evangelii
1394 1181 1482 1229 sibi
1505 1186 1673 1245 parato
1690 1179 1867 1228 mansit
1888 1195 2041 1242 genu—

256 1261 409 1311 flexus
430 1267 478 1311 et
498 1266 627 1310 retro
647 1277 758 1310 eum
780 1262 875 1309 duo
897 1262 1087 1310 diaconi
1113 1265 1397 1314 assistentes
1419 1266 1467 1311 et
1488 1262 1548 1310 ad
1571 1262 1677 1326 ejus
1701 1260 1945 1308 sinistram
1964 1259 2042 1307 alii

254 1347 446 1397 diaconi
468 1348 751 1397 cardinales.
778 1348 1218 1398 vicecancellarius
1239 1347 1446 1412 portavit
1461 1346 1707 1395 missalem
1725 1345 1903 1393 librum
1924 1359 2048 1408 pon-

256 1430 372 1480 tifici
398 1436 509 1496 post
538 1431 841 1496 evangelium
873 1432 1193 1481 osculandum
1225 1431 1444 1479 similiter
1470 1434 1518 1479 et
1546 1445 1737 1494 pacem,
1762 1444 1908 1492 quam
1934 1443 2043 1490 ego,

257 1513 433 1564 deinde
455 1531 481 1564 e
503 1516 724 1564 manibus
755 1515 853 1563 suis
883 1515 1138 1579 recipiens,
1180 1515 1290 1563 dedi
1320 1514 1409 1563 sibi
1441 1514 1617 1578 primo,
1642 1512 1817 1562 deinde
1856 1511 2045 1559 Recha-

254 1599 462 1659 natensi,
503 1603 604 1647 tum
650 1599 854 1648 Senensi
899 1603 947 1648 et
986 1600 1045 1648 de
1085 1599 1289 1648 Sabellis
1331 1597 1655 1647 cardinalibus
1687 1600 1734 1645 et
1770 1594 2043 1659 patriarche

253 1682 732 1746 Aquilanensiprimo
746 1683 987 1732 assistenti
1003 1702 1013 1742 ;
1032 1683 1205 1732 deinde
1222 1698 1331 1731 eam
1346 1699 1493 1747 super
1505 1682 1651 1730 altare
1665 1679 1878 1744 reposui,
1895 1683 1941 1727 et
1952 1678 2044 1726 alia

255 1763 420 1812 omnia
437 1764 690 1813 observata
713 1769 823 1813 sunt
843 1770 987 1829 prout
1006 1765 1228 1829 superius
1255 1765 1427 1813 eadem
1448 1764 1524 1812 die
1544 1764 1717 1815 anni...
1739 1767 2040 1811 annotatum.

319 1846 474 1895 Finita
503 1847 654 1896 missa
690 1849 909 1913 predicta
938 1853 985 1897 et
1011 1849 1350 1898 benedictione
1385 1864 1472 1913 per
1509 1847 1790 1912 pontificem
1819 1846 1867 1893 in
1903 1850 2046 1894 cantu

253 1929 382 1991 data,
405 1947 494 1996 per
514 1932 770 1981 ecclesiam
795 1937 1075 1981 sanctorum
1094 1933 1328 1981 Johannis
1351 1938 1399 1981 et
1422 1932 1554 1980 Pauli
1574 1937 1618 1981 et
1641 1931 1889 1980 basilicam
1913 1934 2049 1979 Late—

255 2030 515 2064 ranensem
528 2016 656 2064 venit
681 2016 899 2080 pontifex
920 2016 980 2064 ad
999 2016 1257 2065 ecclesiam
1279 2021 1446 2065 sancte
1463 2016 1621 2064 crucis
1649 2016 1699 2064 in
1722 2015 2046 2073 Hierusalem,

255 2097 422 2162 inqua
455 2099 788 2163 superioribus
815 2099 1003 2155 diebus,
1042 2116 1153 2147 cum
1186 2100 1395 2148 ecclesia
1428 2100 1532 2163 ipsa
1574 2102 1933 2147 restauraretur
1964 2113 2052 2162 per

257 2183 451 2229 Rmum.
469 2182 826 2230 D.Toletanum
847 2182 1069 2246 ejusdem
1087 2182 1209 2230 tituli
1226 2183 1522 2231 cardinalem
1541 2187 1588 2231 et
1606 2182 1898 2246 perpulchre
1915 2198 2052 2230 orna-

257 2267 406 2334 retur,
435 2268 627 2328 reperta
650 2269 724 2313 est
749 2265 797 2312 in
830 2266 1109 2314 summitate
1137 2266 1358 2330 ejusdem
1393 2283 1534 2315 arcus
1567 2282 1712 2330 supra
1739 2266 1962 2324 chorum,
1998 2265 2047 2312 in

254 2346 464 2411 quadam
485 2348 697 2412 capsella
725 2348 954 2412 plumbea
978 2349 1129 2398 latere
1153 2356 1404 2414 cooperta,
1441 2350 1613 2399 cedula
1642 2349 1974 2414 circumligata
1998 2353 2045 2397 et

255 2430 406 2479 trihus
439 2430 624 2495 sigillis,
666 2431 888 2496 ejusdem
926 2437 1088 2480 tamen
1130 2433 1482 2496 impressionis,
1529 2433 1752 2497 sigillata,
1788 2435 1837 2482 in
1874 2434 2044 2498 quibus

257 2513 424 2578 sigillis
445 2514 625 2579 scripta
645 2521 783 2563 erant
796 2515 944 2564 verba
966 2534 974 2562 :
1007 2515 1252 2564 Gerardus
1274 2517 1541 2565 Cardinalis
1556 2525 1715 2564 sancte
1735 2517 1904 2575 crucis,
1931 2520 1978 2563 et
1999 2515 2045 2562 in

255 2597 417 2648 medio
438 2598 598 2662 imago
620 2598 828 2662 quedam
851 2598 1010 2647 medie
1031 2599 1185 2663 figure
1209 2616 1321 2647 cum
1341 2599 1546 2664 capello,
1570 2599 1618 2647 in
1639 2600 1800 2648 forma
1818 2599 2041 2656 rotunda,

258 2681 603 2745 magnitudinis
637 2681 986 2745 aliquantulum
1029 2683 1228 2746 majoris
1264 2682 1325 2748 (1)
1357 2683 1651 2732 carlinorum
1687 2683 1838 2732 felicis
1879 2699 2044 2731 recor-

259 2762 468 2812 dationis
494 2763 628 2811 Pauli
645 2780 769 2828 pape
793 2764 1013 2812 secundi.
1043 2768 1094 2812 In
1125 2765 1276 2813 latere
1298 2782 1412 2814 vero
1435 2767 1613 2814 dictam
1641 2783 1838 2830 capsam
1868 2782 2048 2829 coope—

257 2844 429 2905 riente,
454 2861 482 2894 a
503 2850 636 2909 parte
657 2861 752 2909 que
774 2845 833 2894 ab
854 2845 982 2894 intus
1004 2845 1164 2909 posita
1184 2847 1355 2907 fuerat,
1381 2832 1570 2912 sculpta
1590 2852 1725 2897 erant
1747 2848 1840 2895 hec
1856 2846 2001 2894 verba
2027 2866 2035 2894 ε

260 2929 424 2977 titulus
457 2930 625 2977 crucis,
661 2932 714 2977 In
751 2944 896 2993 capsa
927 2943 1041 2977 vero
1081 2930 1298 2993 predicta
1335 2931 1493 2995 posita
1520 2937 1622 2980 erat
1651 2930 1860 2993 quedam
1883 2929 2045 2977 tabula

261 3012 613 3076 antiquissima,
648 3012 1078 3076 semiconsumpta,
1102 3012 1281 3076 lignea,
1304 3014 1616 3078 longitudinis
1637 3014 1777 3061 unius
1809 3012 1956 3076 palmi
1998 3016 2043 3060 et

261 3110 432 3159 grossa
456 3096 710 3160 plusquam
743 3095 950 3144 duorum
988 3095 1250 3158 digitorum
1276 3114 1285 3143 ;
1310 3096 1359 3144 in
1397 3113 1492 3160 qua
1514 3097 1674 3144 tabula
1697 3096 1883 3159 sculpte
1907 3099 2043 3142 erant

262 3179 429 3228 ordine
483 3180 784 3244 retrogrado,
833 3179 1095 3228 Judeorum
1141 3195 1295 3239 more,
1341 3180 1478 3228 litere
1524 3180 1771 3237 hebraice,
1815 3193 1958 3242 grece
1998 3185 2043 3225 ct

259 3261 436 3312 latine:
463 3262 602 3312 lesus
621 3263 904 3312 Nazarenus
935 3262 1222 3312 :residuum
1255 3262 1375 3310 tituli
1407 3264 1530 3326 ejus,
1562 3262 1783 3310 videlicet
1817 3262 1927 3310 Rea?
1953 3260 2045 3309 Ju-

313 3447 345 3482 l.
376 3447 681 3493 Aliquantulum
702 3447 879 3493 may'oris.
902 3467 946 3472 —
967 3445 1015 3482 Le
1036 3450 1131 3483 reste
1152 3445 1196 3482 de
1219 3445 1251 3482 la
1274 3445 1406 3493 phrase
1429 3456 1584 3493 marique
1610 3445 1703 3482 dans
1726 3443 1885 3487 Rinaldi,
1907 3457 1942 3493 p.
1966 3445 2054 3484 184.

453 3536 485 3561 τ.
516 3537 539 3560 ι.
1789 3523 1835 3558 29
