2262 3958
153 292 262 335 [Avrtl
277 291 368 334 1490}
593 288 764 325 RERUM
793 285 1100 324 URBANARUM
1133 285 1484 323 COMMENTARII.
1869 288 1938 323 407

151 395 281 445 totici
299 393 428 459 apud
449 409 488 441 s,
516 394 732 451 Petrum,
757 394 885 455 Papa
908 393 1133 456 presente
1156 405 1167 437 :
1193 389 1358 437 omnia
1384 388 1639 437 observata
1664 394 1773 437 sunt
1796 404 1932 437 more

148 472 396 530 consuete.

211 563 352 612 Fcria
386 563 529 612 tertia
559 562 761 620 Pasche,
792 564 847 609 13
877 560 1058 624 aprilis,
1093 561 1258 606 RmuS.
1290 559 1347 605 D.
1373 557 1631 605 cardinalis
1667 556 1930 606 Aleriensis

146 646 407 696 celebravit
438 647 638 694 missam
671 646 940 694 solemnem
980 644 1027 690 in
1060 643 1246 707 capella
1272 643 1505 706 predicta,
1532 645 1662 706 Papa
1683 649 1929 706 presente,

147 731 392 780 consuetis
413 730 720 778 ceremoniis.

212 815 299 864 Die
321 814 522 863 sabbato
550 813 599 860 in
618 812 770 869 Albis,
804 815 859 858 17
887 810 999 859 dicti
1020 811 1202 859 mensis
1223 809 1404 873 apriliS,
1432 812 1485 856 R.
1512 810 1558 857 in
1575 811 1767 859 Christo
1794 813 1843 858 P.
1872 813 1926 858 D.
1981 819 1984 824 '

145 899 402 963 episcopus
422 897 738 947 Volterranus
768 897 852 943 SS.
887 897 941 942 D.
981 897 1036 942 N.
1079 897 1206 958 Pape
1234 895 1467 942 assistens
1497 898 1545 942 et
1573 895 1931 943 referendarius

101 1022 103 1024 .
143 980 438 1032 domesticus
473 979 734 1028 celebravit
782 979 980 1026 missam
1021 979 1292 1028 solemnem
1327 980 1374 1032 in
1408 979 1597 1043 capella
1633 979 1926 1043 supradicta,

145 1069 274 1131 Papa
291 1066 536 1130 presente,
556 1062 604 1109 in
626 1079 719 1126 qua
740 1063 904 1110 omnia
921 1063 1177 1111 observata
1199 1066 1309 1110 sunt
1328 1077 1465 1111 more
1490 1066 1752 1119 consueto;
1775 1066 1821 1110 et
1840 1062 1931 1110 hec

143 1147 241 1197 fuit
254 1147 412 1212 prima
427 1147 577 1196 missa
591 1163 735 1210 quam
759 1145 941 1209 optime
963 1144 1096 1193 dixit.

207 1230 295 1280 Die
317 1230 451 1290 lune,
481 1234 538 1278 19
554 1230 736 1279 mensis
758 1229 939 1294 aprilis,
964 1229 1114 1277 Illust.
1149 1231 1203 1277 D.
1219 1227 1376 1276 Guido
1398 1227 1563 1276 Urbini
1600 1227 1697 1275 dux
1730 1226 1931 1275 recessit

141 1329 204 1364 ex
220 1313 368 1373 Urbe,
391 1308 658 1362 associatus
677 1329 704 1360 a
724 1313 921 1377 prelatis
942 1317 990 1360 et
1005 1312 1200 1360 familiis
1223 1315 1350 1375 Pape
1374 1314 1422 1359 et
1443 1310 1780 1368 cardinalium,
1796 1313 1932 1358 extra

141 1402 335 1462 portam
350 1397 494 1447 beate
515 1396 664 1445 Marie
685 1396 744 1445 de
765 1397 969 1461 Populo,
1000 1399 1053 1444 In
1085 1396 1171 1445 Dei
1202 1395 1417 1444 nomine.
1442 1396 1617 1443 Amen.

210 1482 483 1540 Dominica,
502 1483 564 1531 25
584 1482 766 1545 aprilis,
788 1481 963 1530 testum
986 1498 1024 1528 s.
1041 1482 1189 1529 Marci
1211 1481 1527 1544 evangeliste,
1551 1483 1605 1527 R.
1630 1482 1681 1527 P.
1700 1481 1757 1526 D.
1786 1481 1932 1527 Cesar

144 1566 403 1616 Amerinus
435 1567 693 1631 episcopus
733 1566 993 1615 celebravit
1032 1565 1230 1613 missam
1268 1563 1539 1612 solemnem
1570 1563 1617 1610 in
1649 1562 1856 1611 ecclesie
1887 1578 1925 1608 s,

145 1649 292 1700 Marci
318 1648 380 1699 de
408 1649 552 1709 Urbe,
575 1650 819 1699 cardinale
857 1666 895 1697 s.
930 1649 1078 1697 Marci
1108 1652 1352 1713 presente,
1377 1649 1458 1712 qui
1487 1647 1642 1712 pridie
1678 1651 1931 1711 rogaverat

144 1748 320 1783 omnes
345 1733 616 1782 cardinales
645 1733 775 1796 quod
796 1732 955 1780 nullus
994 1732 1196 1791 veniret,
1221 1738 1365 1797 prout
1402 1733 1584 1781 factum
1609 1735 1700 1790 est,
1731 1730 1930 1794 dempto

145 1816 273 1880 quod
294 1815 566 1865 cardinales
592 1818 963 1864 Beneventanus
991 1820 1040 1864 et
1061 1832 1096 1864 S.
1113 1817 1366 1865 Anastasie
1394 1820 1632 1864 venerunt
1659 1819 1707 1863 et
1736 1829 1931 1862 reman-

139 1902 481 1964 semnt‘usque
513 1903 623 1965 post
644 1900 966 1949 elevationem
995 1900 1287 1948 sacramenti
1312 1916 1322 1948 ε
1349 1915 1444 1963 quo
1467 1898 1670 1956 elevato,
1711 1911 1930 1946 recesse-

142 1983 440 2033 runt.=Dicta
458 1983 547 2032 fuit
565 1987 752 2032 tantum
775 2000 872 2032 una
897 1985 1049 2033 oratio
1077 1984 1260 2047 absque
1286 1982 1755 2032 commemoratione
1777 1980 1932 2030 domi-

141 2066 271 2127 nice,
293 2065 500 2131 prefatio
537 2066 597 2116 de
629 2068 878 2131 apostolis.
924 2069 1062 2116 Dicta
1094 2068 1315 2132 epistola,
1355 2070 1594 2116 venerunt
1633 2065 1842 2114 sacchini
1882 2069 1930 2112 et

140 2149 339 2199 bastarii
359 2165 470 2200 cum
504 2165 646 2200 cereo
667 2167 910 2215 magnoqu
933 2151 997 2199 od
1025 2151 1303 2200 obtulerunt
1336 2150 1566 2214 episcopo
1589 2148 1856 2197 celebranti
1879 2153 1927 2196 et

141 2237 446 2284 recesserunt
466 2249 636 2282 omnes
662 2250 672 2282 :
697 2239 807 2298 post
827 2249 910 2283 eos
938 2235 1068 2284 venit
1090 2240 1286 2283 senator
1305 2249 1417 2282 cum
1437 2232 1858 2281 conservatoribus
1881 2235 1928 2279 et

139 2315 326 2366 civibus
346 2317 560 2365 romanis
585 2317 663 2380 qui
686 2331 876 2377 omnes,
906 2317 1033 2366 facta
1062 2318 1200 2366 altari
1227 2318 1518 2376 reverentia,
1546 2316 1689 2365 etiam
1713 2331 1926 2364 recesse-

143 2403 255 2449 runt
279 2416 290 2448 ε
310 2404 541 2465 percepta
560 2402 903 2450 communione
924 2418 1011 2466 per
1030 2403 1378 2460 celebrantem,
1396 2400 1576 2464 incepit
1599 2399 1845 2463 processio
1867 2398 1927 2446 ad

139 2481 308 2532 altare.
351 2483 509 2532 Finita
547 2485 713 2545 missa,
754 2485 1005 2534 celebrans
1047 2485 1179 2534 dedit
1206 2484 1598 2534 benedictionem
1637 2483 1742 2531 sine
1772 2481 1927 2530 indul-

139 2568 341 2632 gentiis;
366 2568 447 2616 ivit
468 2569 529 2617 ad
549 2570 820 2617 sacristiam
849 2570 930 2618 ubi
959 2586 1119 2618 sacras
1148 2574 1308 2619 vestes
1339 2567 1588 2632 deposuit;
1614 2566 1926 2631 processione

140 2653 336 2702 interim
357 2669 556 2703 cursum
578 2671 718 2703 suum
748 2658 1092 2719 prosequente.

210 2738 352 2788 Feria
384 2739 570 2802 quinta,
601 2742 660 2787 29
692 2739 874 2802 aprilis,
918 2742 972 2787 R.
1008 2741 1060 2786 P.
1093 2742 1150 2787 D.
1183 2741 1351 2786 Petrus
1381 2735 1557 2785 Paulus
1587 2735 1844 2799 episcopus
1885 2748 1924 2778 S.

143 2821 351 2886 Agathe,
376 2820 636 2870 celebravit
648 2822 847 2869 missam
859 2822 1103 2886 publicam
1126 2821 1467 2871 defunctorum
1489 2820 1537 2867 in
1560 2817 1744 2882 capella
1765 2831 1929 2879 supra-

147 2906 295 2964 dicta,
319 2906 450 2968 Papa
468 2909 694 2967 presente
716 2905 763 2952 in
792 2921 945 2969 cappa
965 2905 1024 2954 de
1046 2906 1252 2954 scarlato
1281 2910 1326 2953 et
1349 2905 1495 2952 mitra
1521 2901 1757 2965 simplice.
1789 2898 1927 2946 Cele-

148 2990 296 3038 brans
327 2988 375 3035 in
407 2987 626 3036 oratione
652 3006 661 3035 :
686 2987 876 3035 [nelina
908 2989 1103 3039 Domine
1133 2996 1240 3047 eta,
1281 2987 1519 3051 expressit
1558 2986 1715 3034 solum
1749 2997 1928 3030 nomen

147 3071 367 3130 Mattkie,
411 3071 628 3119 obmisso
655 3072 780 3135 reyis
803 3075 850 3120 et
871 3072 1028 3138 male,
1068 3087 1154 3135 pro
1183 3087 1278 3135 qua
1304 3086 1354 3119 re
1378 3074 1543 3119 Rmus.
1577 3073 1633 3117 D.
1673 3065 1929 3115 cardinalis

148 3173 187 3205 s.
214 3155 362 3204 Marci
384 3161 556 3220 postea
575 3172 652 3204 me
675 3155 1006 3220 reprehendit.
1039 3155 1196 3203 Finita
1222 3156 1388 3212 missa,
1419 3153 1669 3202 celebrans
1709 3149 1929 3207 absolvit,

147 3254 246 3288 non
274 3240 421 3302 Papa,
452 3242 501 3287 et
528 3238 646 3286 dixit
679 3238 900 3286 ultimum
932 3237 1137 3286 Absolve
1174 3253 1262 3301 pro
1300 3238 1620 3286 absolutione.
1660 3238 1932 3297 Antequam

149 3324 232 3371 SS.
259 3325 316 3371 D.
342 3325 508 3370 noster
525 3322 678 3370 exiret
706 3337 951 3370 cameram
979 3337 1116 3368 suam
1148 3325 1406 3380 secretam,
1431 3317 1745 3382 interrogavit
1772 3332 1851 3365 me
1872 3332 1934 3364 an

153 3405 371 3464 deberet,
394 3409 504 3471 post
520 3405 738 3466 missam,
763 3405 1011 3454 absolvere
1038 3421 1048 3454 z
1071 3404 1147 3453 cui
1162 3402 1391 3469 respondi
1414 3400 1543 3467 quod
1561 3400 1599 3449 si
1623 3400 1770 3448 misse
1792 3397 1935 3447 vellet
