2262 3958
334 297 380 332 58
935 294 1166 331 JOHANNIS
1200 295 1493 342 BURCHARDI,
1880 298 1984 337 [Aoat
2005 297 2096 340 1484]

398 398 503 446 Fuit
529 397 603 445 his
631 397 799 445 diebus
833 413 860 445 a
890 396 1130 444 nonnullis
1169 396 1434 445 dubitatum
1467 413 1527 445 an
1556 400 1719 446 Rmus.
1754 400 1810 446 D.
1849 396 2100 445 cardinalis

333 481 582 540 Ascanius,
612 481 689 544 qui
722 484 829 544 post
859 480 1039 528 obitum
1073 480 1153 528 fel.
1191 496 1289 528 rec.
1333 480 1449 528 Sixti
1484 496 1606 544 pape
1641 481 1813 544 quarti,
1847 479 2099 529 cardinalis

334 565 393 612 ad
439 565 615 612 Urbem
666 563 810 623 venit,
865 565 912 610 et
955 562 1031 610 cui
1082 563 1297 610 nondum
1345 579 1398 610 os
1443 566 1661 626 apertum
1713 567 1832 623 erat,
1882 563 1931 611 in
1972 563 2100 612 elec-

334 646 515 695 tionem
551 646 694 693 futuri
721 645 960 715 pontificis
995 649 1155 694 votum
1188 646 1300 694 dare
1331 646 1547 704 deberet,
1593 661 1702 693 cum
1738 662 1836 694 non
1868 650 1996 696 esset
2022 645 2103 694 illa

334 729 608 777 ceremonia
629 729 686 776 de
710 729 805 776 oris
821 728 1104 792 aperitione,
1128 745 1218 792 que
1241 729 1289 776 in
1309 729 1441 777 novis
1463 729 1782 778 cardinalibus
1804 730 2099 788 observatur,

334 812 381 859 in
397 827 454 860 eo
468 816 763 860 consumata.
777 812 988 860 Tandem
1008 812 1094 859 fuit
1107 828 1195 875 per
1209 815 1413 860 RRmos.
1431 815 1529 860 DD.
1548 812 1813 860 cardinales
1826 812 2104 860 conclusum

333 895 460 958 quod
489 911 600 942 cum
632 911 730 942 non
763 895 823 942 sit
860 895 1043 959 prefato
1084 895 1312 944 cardinali
1350 896 1555 944 Ascanio
1593 912 1646 944 os
1680 896 1913 954 clausum,
1954 893 2106 958 possit

332 978 483 1026 libere
512 977 735 1026 electioni
760 978 994 1027 interesse
1022 982 1070 1027 et
1095 978 1144 1025 in
1171 995 1228 1026 ea
1252 983 1413 1027 votum
1440 980 1573 1039 dare,
1600 984 1647 1028 et
1673 980 1738 1027 ita
1763 979 1908 1026 fuisse
1943 979 2107 1026 obser-

332 1065 490 1109 vatum
518 1065 734 1124 tempore
762 1061 1011 1109 electionis
1038 1061 1116 1109 fel.
1148 1077 1246 1109 rec.
1279 1063 1455 1110 Urbani
1482 1062 1553 1127 Ἡ
1579 1062 1839 1126 apostolica
1871 1061 1984 1110 sede
2019 1075 2110 1124 per

335 1144 514 1192 obitum
547 1147 659 1191 tunc
693 1144 959 1192 Innocentii
992 1146 1055 1194 VI
1093 1148 1288 1192 vacante
1321 1163 1330 1192 :
1367 1161 1460 1208 quo
1490 1150 1705 1210 tempore
1736 1144 1948 1193 interfuit
1978 1145 2104 1193 bone

334 1227 567 1275 memorie
584 1227 872 1291 Androynus
901 1227 958 1274 de
990 1229 1164 1275 Rocca.
1191 1227 1238 1275 Si
1261 1232 1419 1275 autem
1441 1229 1627 1291 prefato
1648 1228 1853 1276 Ascanio
1876 1226 2104 1276 cardinali

333 1325 420 1373 per
439 1309 520 1358 fel.
542 1325 639 1358 rec.
666 1309 848 1357 Sixtum
865 1325 1038 1373 papam
1059 1314 1277 1373 quartum
1299 1326 1352 1358 os
1375 1311 1589 1358 clausum
1612 1310 1794 1370 fuisset,
1820 1314 1868 1357 et
1886 1315 2104 1373 tempore

334 1393 550 1441 clausure
578 1397 832 1456 antequam
859 1392 987 1439 idem
1016 1393 1174 1440 Sixtus
1203 1393 1360 1441 eidem
1390 1409 1442 1441 os
1470 1394 1753 1457 aperuisset,
1789 1393 1891 1456 ipse
1922 1393 2098 1452 Sixtus,

334 1476 461 1523 diem
501 1479 766 1523 extremum
806 1475 1074 1535 clausisset,
1117 1477 1246 1538 quod
1281 1481 1412 1536 tunc,
1454 1481 1652 1540 propter
1690 1476 1786 1523 oris
1824 1474 2101 1539 hujusmodi

333 1559 620 1618 clausuram,
643 1574 741 1606 non
760 1559 995 1622 potuisset
1020 1559 1232 1623 prefatus
1260 1560 1512 1608 cardinalis
1536 1558 1768 1608 Ascanius
1797 1558 1845 1605 in
1867 1557 2103 1606 electione

332 1641 545 1705 predicta
563 1646 723 1689 votum
743 1642 875 1690 dare.

405 1725 618 1782 Qualiter
646 1729 805 1773 autem
835 1725 884 1773 in
914 1726 1327 1774 administratione
1361 1726 1648 1775 cibariorum
1673 1729 1720 1773 et
1745 1729 1885 1788 potus
1907 1724 2098 1772 RRmis.

334 1811 435 1856 DD.
479 1808 794 1856 cardinalibus
841 1812 998 1856 actum
1039 1809 1098 1857 sit
1138 1814 1185 1857 et
1225 1809 1274 1856 in
1321 1809 1427 1857 aliis
1477 1809 1760 1871 quibusdam
1802 1808 1850 1855 in
1889 1807 2100 1856 conclavi

335 1891 613 1950 observatis,
654 1891 861 1939 breviter
895 1891 1257 1955 subjungemus.
1293 1891 1599 1939 Pro'RRmis.
1626 1892 1725 1938 DD.
1763 1890 2098 1950 cardinalibus,

334 1978 590 2037 antequam
629 1975 851 2022 conclave
890 1973 1140 2033 intrarent,
1179 1978 1375 2037 recepta
1415 1973 1607 2021 fuerunt
1647 1975 1695 2020 et
1718 1971 1956 2020 ‘ordinata
1990 1971 2100 2021 loca

334 2057 509 2120 palatio
532 2057 769 2105 conclavis
790 2057 1079 2120 propinqua,
1102 2057 1321 2105 videlicet
1341 2057 1390 2104 in
1411 2073 1449 2103 s.
1467 2051 1740 2113 Catherine,
1762 2054 1811 2101 in
1824 2070 1865 2102 S.
1887 2054 2100 2103 Marcelli

332 2140 535 2205 palatiis,
560 2140 608 2187 in
628 2141 772 2188 domo
792 2140 916 2187 Rmi.
947 2143 1002 2188 D.
1030 2140 1283 2188 cardinalis
1306 2157 1343 2187 s.
1371 2139 1519 2187 Marie
1541 2138 1589 2185 in
1608 2138 1818 2197 Porticu,
1839 2138 1891 2185 in
1908 2153 2100 2186 camera

333 2224 635 2283 thesaurarii,
662 2224 712 2271 in
737 2224 971 2287 aliquibus
996 2224 1198 2273 cameris
1224 2223 1567 2271 canonicorum
1589 2221 1786 2269 basilice
1808 2237 1844 2269 s.
1868 2221 1995 2268 Petri
2011 2232 2099 2284 pro

333 2307 658 2370 decoquendis
689 2306 878 2354 cibariis
906 2322 991 2369 pro
1024 2306 1139 2369 ipsis
1178 2305 1365 2353 RRmis.
1395 2307 1494 2352 DD.
1530 2304 1864 2352 cardinalibus
1900 2306 1953 2350 In
1981 2303 2101 2351 locis

312 2389 608 2453 ‘hujusmodi
639 2392 774 2437 erant
804 2388 1015 2451 magistri
1044 2388 1257 2436 aularum
1292 2392 1339 2435 et
1363 2388 1502 2450 coqui
1528 2387 1741 2450 ipsorum
1765 2385 2096 2444 cardinalium,

334 2472 518 2536 singula
544 2475 868 2537 preparantes.
899 2471 1035 2518 Circa
1060 2475 1219 2518 autem
1245 2471 1390 2518 horas
1417 2470 1601 2533 prandii
1629 2474 1676 2517 et
1702 2484 1823 2517 cene
1848 2468 2102 2517 veniebant

333 2574 392 2606 ex
439 2557 658 2605 domibus
717 2554 1029 2604 cardinalium
1074 2554 1134 2601 ad
1181 2553 1289 2600 loca
1328 2553 1544 2616 predicta
1585 2552 1799 2616 magistri
1843 2553 2097 2600 domorum

333 2640 569 2689 canevarii
609 2655 718 2687 cum
757 2638 872 2686 vinis
905 2643 951 2686 et
988 2637 1131 2700 aliqui
1175 2653 1233 2684 ex
1269 2636 1557 2699 cappellanis
1606 2640 1653 2683 et
1692 2635 1927 2683 scutiferis
1976 2635 2096 2694 aliis,

331 2724 506 2788 palatia
542 2724 756 2786 ipsorum
793 2721 1106 2769 cardinalium
1142 2719 1535 2768 custodientibus.
1586 2721 1714 2767 Hora
1754 2718 1926 2767 deinde
1963 2719 2100 2767 adve-

331 2808 516 2867 niente,
567 2804 936 2870 precedentibus
993 2803 1230 2851 scutiferis
1278 2802 1402 2849 binis
1453 2805 1500 2850 et
1543 2801 1666 2849 binis
1712 2805 1760 2850 et
1807 2801 2097 2866 cappellanis

332 2890 504 2938 eodem
519 2888 686 2937 ordine
705 2886 1031 2950 sequentibus,
1054 2885 1361 2948 parafrenarii
1380 2901 1502 2932 unus
1518 2890 1645 2944 ante,
1669 2885 1790 2933 alter
1806 2889 1952 2943 retro,
1975 2885 2101 2932 inter

333 2989 383 3020 se
405 2988 548 3036 super
568 2971 762 3035 spatulis
783 2986 871 3034 per
890 2967 1110 3017 baculum
1131 2967 1384 3030 portabant
1405 2971 1629 3014 cornutas
1657 2967 1706 3014 in
1729 2967 1900 3029 quibus
1921 2965 2100 3014 cibaria

333 3061 379 3103 et
411 3059 552 3120 potus
582 3070 692 3102 cum
721 3069 843 3118 pane
879 3053 1064 3100 inclusa
1096 3053 1246 3098 erant.
1285 3053 1400 3099 Cum
1434 3055 1595 3098 essent
1638 3050 1687 3096 in
1720 3053 1858 3112 porta
1886 3050 2096 3098 secunde

333 3139 545 3187 custodie
566 3138 744 3202 palatii,
766 3137 973 3185 scutiferi
997 3143 1044 3186 et
1064 3138 1328 3200 cappellani
1350 3153 1459 3184 cum
1480 3137 1709 3199 magistro
1730 3137 1899 3183 domus
1919 3135 2096 3184 ibidem

334 3223 664 3280 remanebant,
703 3223 749 3268 et
783 3219 848 3267 ibi
886 3219 1200 3283 parafrenarii
1247 3234 1357 3266 cum
1402 3222 1603 3266 cornuta
1641 3218 1966 3266 ascendebant
2009 3233 2097 3282 per

336 3304 514 3351 scalam
541 3306 599 3352 ad
629 3305 817 3352 tertiam
850 3319 999 3366 usque
1034 3307 1080 3351 et
1107 3306 1324 3366 quartam
1358 3301 1616 3359 custodias,
1647 3301 1726 3349 ubi
1754 3306 1888 3349 extra
1919 3300 2094 3349 ostium

336 3388 591 3447 conclavis,
631 3393 879 3437 cornutam
909 3387 1178 3435 firmabant.
1223 3388 1431 3433 Cornuta
1467 3384 1743 3447 hujusmodi
1782 3400 1926 3431 unam
1961 3383 2094 3432 clau-
