2262 3958
353 327 400 362 96
958 323 1190 360 JOHANNIS
1218 323 1512 371 BURCHARDI,
1791 329 2009 371 [Septembre
2029 332 2120 375 1484]

350 429 579 473 consueto
625 441 636 472 ε
679 426 898 471 Oremus.
939 423 1064 471 Deus
1099 424 1182 487 qui
1213 424 1371 472 adesse
1401 441 1496 473 non
1534 426 1804 491 dediqnaris
1838 430 2121 496 ubicumque

350 507 510 555 devota
529 514 680 555 mente
696 505 941 564 invocaris,
966 506 1138 565 adesto,
1171 523 1441 571 quesumus,
1466 509 1830 560 invocationibus
1859 515 2048 574 nostris,
2076 523 2122 564 et

351 590 459 637 huic
477 589 660 654 famulo
683 596 759 635 tuo
791 587 1083 647 Innocentio,
1114 578 1251 653 quem
1278 589 1343 637 ad
1358 590 1541 638 culmen
1567 593 1866 655 apostolicum
1878 595 2122 658 judicium

352 688 594 721 commune
615 678 690 718 tue
698 670 844 734 plebis
864 670 1017 733 clepit,
1041 671 1295 719 ubertatem
1320 688 1519 736 superne
1545 674 1870 724 benedictionis
1891 677 2116 743 infunde,

351 763 407 803 ut
421 755 593 802 sentiat
607 770 655 802 se
673 762 751 802 tuo
781 767 974 799 munere
1004 751 1069 799 ad
1088 752 1213 799 bunc
1234 753 1409 816 apicem
1419 755 1688 817 pervenisse
1720 773 1738 803 .·
1760 773 1852 821 per
1881 758 2122 808 Christum

351 838 610 886 Dominum
630 844 858 885 nostrum.
882 835 1157 885 Cardinales
1175 837 1526 900 responderunt
1551 857 1560 885 2
1592 838 1763 888 Amen.
1786 868 1850 876 —
1870 843 1970 905 Ego
1989 840 2120 891 tenui

350 921 525 970 librum
563 921 749 986 prefato
796 918 1024 967 cardinali
1068 918 1332 968 orationem
1375 920 1551 969 dicenti
1591 926 1721 971 stans
1751 923 1811 971 ad
1843 924 1946 987 ejus
1979 923 2121 972 511115-

349 1008 490 1053 tram.

413 1090 561 1137 Lecta
590 1087 806 1137 oratione
838 1086 1054 1151 predicta
1093 1101 1182 1150 per
1212 1086 1282 1135 Ill.
1318 1090 1374 1136 D.
1407 1105 1445 1136 5.
1481 1088 1647 1147 Marci,
1686 1090 1744 1136 D.
1779 1088 2120 1153 Neapolitanus

349 1172 478 1221 venit
498 1172 557 1219 ad
575 1172 755 1230 locum,
779 1171 828 1218 in
849 1186 941 1233 quo
970 1170 1098 1218 stetit
1123 1172 1179 1219 D,
1205 1170 1266 1235 (1)
1299 1187 1337 1219 5.
1367 1171 1536 1231 Marci,
1559 1171 1639 1235 qui
1659 1171 1862 1220 accessit
1881 1172 1941 1220 ad
1958 1172 2120 1221 locum

348 1255 397 1302 in
426 1270 519 1318 quo
548 1258 744 1303 steterat
770 1253 1124 1317 Neapolitanus,
1155 1256 1283 1318 Papa
1303 1258 1350 1302 et
1376 1255 1478 1302 aliis
1507 1255 1744 1315 omnibus,
1768 1258 1819 1303 ut
1837 1254 1968 1319 prius
1989 1259 2120 1304 stan-

346 1337 489 1398 tibus,
515 1337 616 1386 sine
638 1337 792 1385 mitris
818 1336 1121 1384 manentibus
1149 1335 1235 1401 (2);
1262 1340 1309 1385 et
1335 1337 1436 1401 ipse
1463 1337 1818 1400 NeapolitanUS‚
1848 1353 1925 1385 me
1945 1337 2119 1387 librum

341 1421 477 1484 juxta
508 1421 610 1485 ejus
635 1420 874 1468 sinistram
905 1422 1118 1478 tenente,
1149 1418 1366 1467 similiter
1394 1419 1609 1468 absolute
1637 1419 1890 1483 incipienS,
1925 1419 2040 1469 dixit
2068 1421 2118 1469 in

346 1507 459 1551 tono
492 1503 707 1568 predicto
749 1520 759 1551 ε
810 1505 1029 1551 Oremus.
1059 1504 1184 1552 Deus
1210 1503 1292 1567 qui
1319 1503 1575 1566 apostolum
1608 1511 1743 1550 tuum
1773 1503 1968 1552 Petrum
1997 1504 2119 1554 inter

345 1594 514 1634 eeteros
534 1586 812 1650 coapostolos
826 1586 1086 1649 primatum
1108 1594 1259 1633 tenere
1289 1585 1489 1645 voluisti,
1516 1586 1648 1650 eique
1671 1585 1884 1634 universe
1910 1586 2118 1636 christia-

343 1670 503 1718 nitatis
540 1670 706 1718 molem
744 1670 1161 1734 superimposuisti,
1199 1670 1372 1733 respice
1396 1670 1649 1734 propitius,
1684 1685 1955 1734 quesumus,
1990 1670 2116 1720 hunc

342 1753 584 1818 famulum
626 1760 759 1800 tuum
786 1752 1133 1810 Innocentium,
1178 1769 1314 1816 quem
1356 1768 1415 1800 eoe
1445 1753 1613 1800 humili
1643 1752 1860 1800 cathedra
1893 1753 2116 1802 violenter

342 1835 578 1883 sublatum
609 1835 660 1882 in
696 1851 868 1883 novum
905 1834 1118 1897 ejusdem
1163 1835 1473 1898 apostolorum
1506 1835 1733 1899 principis
1771 1835 1923 1883 locum
1967 1836 2114 1884 subli-

342 1917 481 1965 masti
508 1916 566 1982 (3)
594 1924 651 1964 ut
670 1918 794 1965 sicut
804 1916 1098 1982 profectibus
1126 1913 1252 1964 tante
1279 1916 1523 1980 diynitatis
1555 1926 1773 1982 auyetur,
1805 1920 1870 1968 ita
1887 1920 2113 1967 virtutum

340 1999 515 2047 meritis
535 1999 813 2059 cumuletur,
839 2007 1067 2063 quatenus
1087 1999 1297 2047 Ecclesie
1312 2000 1625 2048 universitatis
1650 2017 1767 2049 onus
1789 2010 1831 2050 te
1850 2002 2112 2066 adjuvante

337 2083 482 2145 ferat,
506 2092 553 2130 et
569 2099 596 2129 a
623 2090 664 2130 te
687 2082 769 2146 qui
792 2099 838 2130 es
862 2082 1092 2130 beatitudo
1127 2089 1330 2142 tuorum,
1363 2083 1576 2131 meritam
1604 2084 1746 2133 vicem
1771 2085 1965 2148 recipiat
1989 2102 2007 2132 :
2028 2084 2112 2148 qui

338 2165 451 2212 vivis
483 2172 528 2213 et
557 2181 728 2229 reynas
758 2182 864 2213 cum
887 2165 988 2213 Deo
1001 2173 1141 2229 patre
1161 2165 1210 2212 in
1243 2166 1422 2213 unitate
1441 2166 1648 2230 Spiritus
1676 2167 1829 2216 sancti
1847 2167 2004 2228 Deus„
2021 2183 2109 2232 per

338 2249 510 2309 omnia,
533 2256 615 2297 etc.
637 2251 863 2297 Cantores
885 2249 1236 2313 responderunt
1261 2267 1269 2296 :
1295 2248 1471 2297 Amen.
1901 2308 1903 2311 v

402 2332 616 2391 Interim,
642 2349 754 2380 cum
775 2332 1014 2380 orationes
1028 2334 1242 2396 predicte
1258 2333 1551 2393 dicerentur,
1577 2336 1634 2381 D.
1652 2335 1788 2398 Hugo
1812 2332 2102 2400 Benzius(4),

333 2417 442 2464 loco
469 2415 640 2480 prioris
663 2415 732 2463 sui
755 2415 1174 2476 subdiaconorum,
1204 2416 1362 2479 posuit
1393 2416 1589 2479 pallium
1616 2416 1833 2479 pontifici
1860 2416 2105 2480 imponen-

334 2499 446 2546 dum
465 2515 607 2562 super
627 2499 792 2558 altare,
817 2502 863 2546 et
884 2497 998 2545 illud
1016 2498 1194 2546 ibidem
1215 2498 1389 2562 aptavit
1408 2513 1542 2547 more
1565 2502 1814 2551 consueto-

392 2581 556 2630 Finitis
585 2581 877 2630 orationibus
905 2581 1205 2645 supradictis,
1237 2584 1397 2629 amota
1425 2581 1511 2629 fuit
1538 2582 1678 2630 sedes
1699 2585 1845 2646 Pape,
1868 2582 1919 2630 in
1937 2581 2098 2646 plano,

333 2669 385 2713 ut
399 2681 543 2730 supra
563 2666 740 2713 dictum
762 2668 851 2724 est,
875 2664 1047 2728 posita,
1073 2667 1119 2711 et
1146 2679 1312 2712 omnes
1343 2663 1626 2723 cardinales,
1653 2664 1856 2728 demptis
1878 2663 2101 2712 assisten-

331 2747 473 2807 tibus,
498 2748 557 2795 ad
579 2764 662 2796 sua
680 2748 787 2796 loca
809 2751 917 2795 sunt
938 2746 1132 2795 reversi.
1164 2750 1292 2810 Papa
1318 2761 1428 2794 vero
1457 2762 1567 2794 cum
1598 2746 1789 2806 biretto,
1816 2747 1918 2796 sine
1939 2746 2096 2806 mitra,

332 2830 535 2879 accessit
555 2831 614 2878 ad
635 2830 912 2879 inferiorem
934 2830 1135 2894 gradum
1153 2829 1330 2878 altaris.
1358 2832 1459 2886 Quo
1482 2830 1658 2877 ibidem
1690 2830 1969 2889 constituto,
1994 2831 2095 2877 DD.

331 2913 577 2974 SenensiS,
601 2919 649 2962 et
670 2930 706 2962 S.
735 2913 926 2976 Georgii
955 2912 1168 2961 seniores
1195 2912 1385 2961 diaconi
1413 2913 1678 2980 cardinales
1701 2913 2021 2961 ascenderunt
2039 2911 2099 2959 ad

330 2998 495 3057 altare,
520 3001 568 3046 et
586 2983 780 3062 pallium
806 2997 865 3044 de
894 2997 1040 3044 altare
1064 2995 1123 3061 (5)
1152 2996 1440 3060 recipientes
1467 2996 1582 3043 illud
1603 2995 1830 3045 Senensis
1852 2994 1911 3042 ad
1931 2993 2096 3042 dexte-

329 3097 448 3141 ram,
475 3084 522 3129 et
543 3096 579 3128 s.
605 3079 795 3143 Georgii
817 3079 877 3128 ad
898 3079 1138 3128 sinistram
1150 3082 1277 3142 Pape
1290 3094 1453 3126 eoram
1475 3094 1531 3126 eo
1555 3078 1789 3126 elevatum
1811 3080 2092 3136 tenuerunt;

379 3219 412 3256 1.
441 3215 623 3255 Omission
642 3217 686 3253 de
705 3214 836 3261 Rinal„
856 3227 892 3264 p.
913 3215 971 3253 73.

373 3279 409 3314 2.
436 3278 538 3326 Papa
557 3281 593 3314 et
610 3276 668 3313 alii
687 3288 826 3321 omnes,
848 3279 888 3312 ut
911 3276 1011 3324 prius
1032 3275 1190 3320 stabant,
1213 3273 1290 3311 sine
1308 3273 1449 3311 mithriS
1469 3273 1714 3311 manentibus.
1737 3293 1783 3301 --
1802 3272 1923 3311 Rinal.

376 3337 411 3372 3.
436 3337 693 3373 Sublimamus.
710 3357 756 3363 —-
776 3335 895 3374 Riual.
1120 3349 1122 3351 ·

375 3395 409 3431 4.
437 3395 517 3443 Ugo
537 3396 704 3433 Bencius.
724 3417 771 3424 —
787 3394 906 3432 Rinal.

371 3453 407 3489 5.
436 3454 488 3491 De
508 3455 631 3493 altare.
648 3476 696 3483 —
717 3455 876 3502 Manque
895 3454 988 3491 dans
1007 3453 1127 3490 Rinal.
