2262 3958
313 309 382 345 330
917 306 1149 345 JOHANNIS
1177 307 1471 356 BURCHARDI,
1816 313 1968 355 [κόπων
1987 313 2078 358 1489!

313 409 442 458 diam
464 414 509 458 et
530 410 658 458 illam
670 411 805 474 juxta
826 407 1062 472 capellam
1083 408 1234 456 sancti
1254 410 1461 470 Andree,
1487 415 1534 459 et
1554 413 1764 476 positum
1777 414 1865 462 fuit
1881 415 2015 478 quasi
2030 415 2076 463 in

313 492 472 541 medio
493 492 716 551 ecclesie,
734 491 935 555 pedibus
957 491 1018 539 ad
1036 495 1223 555 portam
1237 492 1403 552 versis,
1423 497 1470 542 et
1486 495 1642 558 capite
1657 497 1716 544 ad
1729 497 1894 557 altare,
1914 504 1963 546 ut
1977 514 2079 547 mo-

315 574 378 622 ris
399 578 487 621 est.
514 575 607 622 Sed
632 574 833 621 clericus
854 574 1050 622 basilice
1071 575 1285 638 predicte
1309 590 1504 624 crucem
1532 582 1727 640 portans
1759 579 1888 627 illam
1927 581 2079 629 tenuit

314 657 374 703 ad
393 660 535 719 caput
552 656 782 717 defuncti,
814 673 955 719 quam
977 657 1038 704 ad
1062 657 1210 720 pedes
1236 661 1400 706 tenere
1430 659 1637 707 debebat
1659 676 1793 708 more
1825 667 2073 711 consuetO.

379 738 573 786 Interim
607 742 822 786 oratores
854 743 902 786 et
933 739 1102 802 prelati
1138 740 1340 803 predicti
1375 741 1604 789 sederunt
1637 741 1686 789 in
1721 742 1885 791 baucis
1918 745 2078 793 altaris

312 823 452 870 beate
482 821 631 870 Marie
659 821 872 885 virginiS,
909 822 1043 870 chori
1079 823 1296 871 videlicet
1335 824 1539 873 ecclesie
1576 825 1810 888 predicte,
1850 830 1898 875 et
1934 827 2081 877 frater

312 904 552 953 Marianus
572 905 630 952 de
651 905 866 953 Viterbio
888 905 1066 953 ordinis
1093 906 1467 969 predicatorum,
1502 912 1633 955 stans
1654 909 1701 955 in
1723 909 1888 957 infimo
1910 910 2076 974 gradu,

312 1003 538 1037 ascensus
557 987 617 1035 ad
631 987 779 1036 altare
800 988 1085 1051 predictum,
1109 1004 1274 1037 versus
1296 989 1355 1037 ad
1376 989 1529 1038 dictos
1548 995 1762 1040 oratores
1781 997 1830 1041 et
1849 993 2076 1057 prelatos,

312 1070 426 1119 fecit
453 1070 706 1120 funebrem
741 1071 1111 1131 orationemsut
1148 1072 1296 1120 moris
1328 1077 1422 1131 est;
1463 1089 1558 1136 qua
1597 1073 1731 1123 finita
1771 1081 2078 1126 recesserunt

311 1169 497 1213 omnes,
529 1159 575 1201 et
609 1153 808 1217 quisque
837 1154 896 1201 ad
923 1169 1058 1201 suam
1088 1154 1437 1203 habitationem
1463 1171 1701 1204 reversus.
1736 1158 1931 1206 Interim
1964 1159 2079 1206 dum

312 1252 470 1285 sermo
492 1236 647 1295 fieret,
677 1236 824 1284 finitis
852 1252 880 1284 a
909 1237 1037 1285 clero
1066 1239 1372 1302 responsorio
1401 1244 1448 1288 et
1481 1240 1792 1300 orationibuS,
1827 1241 2079 1291 defunctus

310 1325 526 1385 portatus
560 1324 632 1368 est
659 1321 720 1368 ad
757 1321 990 1384 capellam
1027 1327 1191 1371 sancte
1228 1322 1375 1370 Marie
1421 1323 1480 1370 de
1517 1323 1767 1380 Febribus‚
1801 1324 1848 1371 in
1885 1340 1995 1387 qua,
2029 1325 2078 1373 in

311 1404 484 1467 angulo
506 1403 567 1452 ad
587 1404 828 1451 sinistram
848 1404 1153 1464 intrantibus,
1189 1405 1401 1468 sepultus
1432 1408 1520 1454 est.
1543 1404 1712 1468 Opinio
1736 1410 1838 1454 erat
1849 1421 2079 1468 quorum-

310 1487 420 1534 dam
455 1490 778 1535 mercatorum
816 1487 1202 1536 Florentinorum
1235 1503 1484 1536 romanam
1525 1489 1707 1536 curiam
1753 1488 2075 1551 sequentium,

310 1570 440 1633 quod
460 1570 602 1618 etiam
635 1575 771 1634 pater
803 1570 1012 1619 defuncti
1046 1570 1188 1618 funus
1214 1571 1454 1619 associare
1483 1571 1690 1619 debebat
1716 1571 1776 1619 ad
1803 1571 2077 1633 ecclesiam,

309 1652 478 1716 pannis
496 1653 698 1701 violatiis
729 1654 944 1702 obscuris
975 1654 1190 1712 vestituS,
1227 1655 1353 1716 quod
1386 1653 1503 1702 mihi
1535 1654 1785 1701 dissonum
1810 1653 2078 1715 videbatur,

309 1751 419 1784 cum
441 1740 568 1785 esset
595 1736 643 1783 in
668 1738 860 1801 publico
889 1737 1072 1795 officio;
1101 1736 1244 1800 idque
1273 1741 1410 1800 pater
1440 1737 1657 1785 similiter
1686 1741 1913 1801 reputans
1934 1753 2080 1802 prop-

309 1823 442 1866 terea
462 1835 560 1866 non
581 1820 851 1867 associavit.

374 1901 513 1949 Feria
537 1902 764 1958 secunda,
798 1918 889 1965 que
922 1903 1007 1950 fuit
1040 1906 1067 1949 2
1101 1903 1203 1951 dies
1239 1903 1485 1963 februarii,
1521 1903 1699 1951 festum
1728 1902 2079 1966 purificationis

309 1984 448 2032 beate
469 1985 616 2033 Marie
634 1985 842 2048 virginis,
866 1985 1044 2049 paratis
1066 2001 1125 2033 ex
1144 2001 1280 2034 more
1297 1986 1346 2032 in
1368 1985 1550 2049 capella
1570 1986 1754 2048 majore
1766 1984 1927 2048 palatii
1941 1999 2081 2048 apos-

309 2066 439 2115 tolici
460 2069 584 2131 apud
605 2084 644 2115 s.
671 2070 865 2116 Petrum
885 2069 1095 2117 candelis
1111 2069 1248 2132 juxta
1268 2069 1441 2116 ostium
1463 2068 1724 2116 mansionis
1752 2067 1969 2127 sacriste,
1988 2069 2076 2128 SS,

310 2156 367 2201 D.
403 2156 570 2200 noster
600 2156 814 2216 paratus,
841 2157 892 2199 ut
922 2151 1070 2199 moris
1098 2155 1185 2212 est,
1208 2152 1334 2199 venit
1361 2153 1419 2199 ad
1442 2151 1618 2199 dictam
1650 2151 1903 2214 capellam,
1935 2165 2079 2199 cruce

310 2238 357 2282 et
398 2235 718 2282 cardinalibus
745 2235 1134 2298 precedentibus,
1174 2238 1220 2283 et
1249 2234 1376 2283 facta
1401 2234 1616 2282 oratione
1644 2234 1692 2281 in
1721 2233 1987 2281 faldistorio
2018 2248 2074 2281 ac

308 2318 626 2366 cardinalibus
656 2319 717 2366 ad
747 2319 1063 2367 reverentiam
1097 2318 1286 2367 solitam
1318 2317 1544 2381 receptis,
1580 2320 1873 2380 acceperunt
1902 2331 2075 2365 omnes

308 2405 605 2466 paramenta,
630 2406 679 2448 ut
696 2401 799 2449 fieri
823 2402 965 2460 solet;
988 2406 1090 2449 tum
1106 2404 1250 2464 Papa,
1270 2401 1488 2463 deposita
1507 2401 1663 2459 mitra,
1690 2400 1863 2448 sedens
1881 2403 2081 2463 propter

309 2484 622 2543 debilitatem,
657 2485 901 2533 benedixit
928 2485 1170 2545 candelas,
1189 2488 1331 2548 prout
1355 2484 1403 2530 in
1430 2483 1689 2541 ordinario,
1718 2482 1922 2546 aspersit
1941 2487 1989 2530 et
2009 2481 2080 2529 in-

310 2567 535 2615 censavit.
554 2569 674 2614 Tum
693 2567 1112 2615 vicecancellarius
1133 2566 1373 2615 distribuit
1394 2569 1521 2629 Pape
1540 2566 1661 2612 duos
1682 2580 1884 2628 magnos
1907 2579 2077 2613 cereos

312 2665 518 2713 quorum
540 2665 690 2697 unum
713 2665 741 2696 a
767 2648 946 2697 dextris
971 2648 1121 2696 tenuit
1143 2647 1424 2695 Franciscus
1454 2647 1569 2694 Cibo
1602 2645 1727 2694 filius
1749 2649 1897 2709 Pape,
1927 2645 2074 2694 alium

311 2732 552 2780 asinistris
574 2731 920 2796 primogenitus
943 2730 1174 2794 Principis
1196 2730 1482 2793 Bissignani.
1507 2729 1688 2777 Deinde
1713 2731 1858 2792 Papa,
1876 2731 2076 2792 accepto

312 2815 546 2879 gremiali,
571 2814 810 2862 distribuit
831 2814 934 2861 aliis
965 2829 1100 2862 more
1129 2818 1380 2861 consueto.
1411 2815 1523 2860 Post
1545 2812 1826 2860 assistentes
1843 2814 1890 2860 et
1905 2825 2074 2861 omnes

310 2899 519 2964 prelatos
534 2902 726 2962 paratos
742 2902 789 2945 et
809 2895 1172 2960 penitentiarios
1189 2898 1236 2943 et
1253 2895 1311 2942 de
1329 2895 1560 2942 Columna
1576 2898 1622 2942 et
1643 2896 1927 2942 Sermoneta
1938 2893 2077 2941 assis-

311 2985 466 3030 tentes
494 2997 549 3029 ac
584 2981 642 3028 de
668 2980 875 3044 Vignola
902 2980 1275 3043 gubernatorem
1306 2978 1445 3026 Urbis
1471 2977 1872 3041 protonotarium,
1902 2975 2075 3040 prefati

312 3068 412 3113 DD.
450 3063 732 3112 Franciscus
764 3063 878 3111 Cibo
910 3066 957 3110 et
989 3061 1337 3126 primogenitus
1370 3065 1660 3123 acceperunt
1689 3076 1798 3108 suas
1829 3058 2071 3117 candelas,

312 3154 414 3195 tum
435 3147 530 3206 alii,
553 3151 602 3194 ut
619 3146 725 3195 fieri
743 3146 880 3194 solet.
904 3145 1084 3193 Deinde
1099 3148 1228 3208 Papa
1241 3143 1650 3201 dixitorationem,
1673 3142 1898 3206 imposuit
1914 3141 2078 3190 incen-

314 3246 419 3277 sum
452 3235 498 3277 et
525 3230 650 3278 facta
677 3233 748 3277 est
777 3229 1022 3293 processio
1050 3245 1137 3293 per
1163 3227 1320 3275 aulam
1352 3241 1593 3288 magnam.
1630 3229 1756 3289 Papa
1781 3224 1985 3288 projecit
2017 3223 2076 3271 ad

310 3312 490 3360 lobiam
508 3313 730 3361 candelas
745 3328 914 3377 parvas
930 3312 1126 3376 populo,
1148 3316 1245 3358 tum
1263 3325 1479 3358 reversus
1496 3313 1568 3356 est
1583 3307 2002 3372 processionaliter
2017 3305 2078 3353 ad

315 3396 548 3457 capellam
565 3396 848 3458 predictam,
881 3396 962 3443 ubi
983 3393 1204 3458 deposuit
1230 3396 1511 3456 paramenta
1539 3396 1585 3440 et
1600 3392 1792 3454 incepta
1818 3394 1889 3438 est
1910 3388 2071 3437 missa.
