2262 3958
373 312 442 353 186
975 307 1207 345 JOHANNIS
1240 305 1534 354 BURCHARDI,
1919 311 2022 354 [Mars
2041 314 2131 358 1486]

372 417 694 468 cardinalibus
716 418 763 463 et
782 413 885 462 aliis
907 426 1041 460 more
1064 414 1319 462 consueto:
1346 413 1393 458 et
1414 410 1674 460 accedente
1698 412 1937 461 cardinale
1959 414 2137 462 Medio-

369 501 555 551 lanensi
576 500 734 564 priore
754 497 1145 562 presbyterorum
1163 494 1493 554 cardinalium,
1510 496 1714 544 accessit
1728 497 1972 546 Johannes
1987 499 2137 550 Maria

347 587 481 632 ‘cum
505 582 766 640 thuribulo,
797 586 844 629 et
875 583 1001 643 Papa
1029 578 1256 643 imposuit
1281 578 1558 636 incensum;
1587 581 1634 626 et
1659 578 1828 628 ivimus
1860 581 1919 629 ad
1942 597 2136 645 parvam

369 666 601 730 capellam
622 665 670 712 in
694 680 787 728 qua
807 663 1009 712 candela
1027 666 1129 711 erat
1150 678 1208 710 ex
1228 678 1350 710 novo
1368 661 1479 724 igne
1501 661 1757 710 benedicto
1778 679 2001 713 accensa.
2023 667 2137 713 Pro-

368 750 697 798 cessionaliter
712 764 801 812 ego
817 747 1029 812 processi
1045 763 1054 807 ;
1071 750 1118 795 et
1134 747 1193 794 ad
1208 745 1450 794 sinistram
1462 761 1619 794 meam
1635 745 1717 794 ivit
1729 746 2002 810 capellanus
2013 748 2136 797 cele-

368 832 548 881 brantis
571 848 681 880 cum
702 831 946 880 thuribulo
969 834 1015 878 et
1029 829 1284 889 navicella3
1308 834 1417 893 post
1430 845 1519 877 nos
1535 829 1856 877 subdiaconus
1871 831 2053 895 capelle
2070 830 2132 896 (1)

368 917 416 964 in
438 917 560 974 alba,
578 916 679 964 sine
701 916 892 980 planeta
913 918 960 963 et
975 914 1077 962 sine
1093 913 1319 962 tunicella
1336 916 1530 977 portans
1553 929 1745 961 crucem
1764 916 1908 978 Pape,
1922 914 1988 962 ita
2007 915 2134 978 quod

367 1001 526 1064 imago
548 999 704 1048 crucis
726 1003 835 1047 ante
851 1014 963 1048 eum
984 1002 1031 1047 et
1050 1000 1295 1046 nonretro
1314 996 1580 1045 videbatur.
1606 997 1787 1045 Deinde
1810 997 2038 1046 diaconus
2059 1014 2136 1047 ca-

366 1083 489 1148 pelle
510 1082 701 1131 indutus
723 1082 990 1141 dalmatica,
1016 1085 1063 1129 et
1082 1084 1191 1145 post
1212 1096 1321 1128 eum
1343 1079 1432 1143 ipsi
1453 1079 1685 1143 capellani
1699 1079 1815 1128 varii
1837 1080 1918 1143 qui
1939 1085 2134 1130 antece-

367 1167 483 1214 dunt
503 1169 695 1230 portant
714 1164 1004 1223 ministeria;
1040 1168 1240 1227 quatuor
1261 1162 1494 1227 capellani
1521 1162 1806 1211 celebrantis
1828 1164 1925 1211 bini
1947 1168 1994 1213 et
2013 1165 2129 1213 bini.

367 1253 419 1298 In
436 1266 579 1314 parva
605 1249 806 1311 capella,
830 1247 1059 1296 diaconus
1081 1247 1264 1311 accepit
1294 1246 1577 1295 arundinem
1604 1262 1713 1295 cum
1741 1247 1890 1295 tribus
1923 1247 2134 1296 candelis

363 1336 580 1398 paratum
601 1336 649 1381 et
670 1347 759 1396 ego
781 1331 1030 1380 candelam
1067 1346 1175 1379 cum
1205 1345 1326 1378 novo
1347 1330 1457 1393 igne
1479 1345 1757 1389 accensam3
1781 1329 2059 1378 intravimus
2087 1334 2136 1379 et

364 1416 651 1481 perfecimus
692 1415 851 1463 omnia
885 1415 1007 1462 sicut
1035 1413 1084 1461 in
1111 1413 1421 1462 ceremoniali
1456 1412 1718 1460 ordinatur.
1753 1413 1869 1461 Cum
1905 1413 2136 1462 diaconus

364 1503 578 1548 cantaret
591 1499 747 1563 prima
766 1514 886 1547 voce
908 1514 917 1546 ε
935 1497 1121 1545 Lumen
1141 1496 1334 1556 Christi,
1355 1499 1483 1559 Papa
1497 1500 1544 1543 et
1559 1495 1811 1544 celebrans
1825 1501 2136 1545 surrexerunt

365 1587 412 1631 et
432 1583 661 1631 diaconus
683 1581 926 1630 benedixit
948 1596 1127 1640 ceram,
1146 1584 1193 1628 et
1213 1580 1306 1628 alia
1327 1579 1487 1628 omnia
1508 1578 1634 1627 facta
1656 1583 1766 1627 sunt
1780 1583 1923 1642 prout
1940 1579 1990 1627 in
2005 1595 2137 1629 cere-

365 1666 579 1714 moniali.
612 1669 840 1715 Cantores
863 1668 1115 1713 cantarunt
1142 1679 1310 1712 omnes
1337 1663 1632 1727 prophetias,
1659 1664 1773 1728 quia
1794 1666 1877 1713 SS.
1907 1667 1963 1713 D.
1989 1667 2046 1714 N.
2069 1664 2136 1713 ita

365 1750 527 1809 voluit,
561 1750 640 1813 qui
673 1749 824 1797 noluit
855 1749 958 1797 illas
991 1764 1078 1812 per
1113 1747 1379 1796 cardinales
1413 1746 1611 1806 cantari,
1658 1750 1797 1811 prout
1827 1746 1983 1794 Sixtus
2018 1746 2134 1794 alias

364 1832 680 1881 ordinaverat.
698 1835 825 1880 Loco
847 1832 1034 1880 decime
1057 1830 1302 1890 orationis,
1324 1833 1432 1893 post
1446 1830 1683 1877 decimam
1705 1829 2027 1893 prophetiam,
2046 1845 2139 1893 per

362 1931 576 1964 errorem
604 1931 784 1974 meum,
811 1915 921 1978 quia
948 1914 1064 1962 verti
1094 1914 1186 1962 duo
1209 1913 1322 1961 folia
1343 1912 1566 1973 missalis,
1599 1912 1853 1960 cardinalis
1878 1912 2136 1961 celebrans

362 1999 566 2048 cantavit
595 1998 900 2047 undecimam
928 1997 1213 2056 orationem,
1247 1997 1332 2045 sed
1361 1991 1552 2056 deinde,
1579 1996 1688 2045 loco
1710 1996 1983 2056 undecime,
2015 1995 2131 2044 dixit

362 2082 618 2131 decimam.
633 2085 738 2130 Duo
754 2085 974 2130 cantores
991 2081 1070 2144 qui
1090 2079 1303 2129 litaniam
1325 2083 1636 2128 cantaverunt
1652 2097 1740 2145 per
1759 2095 1991 2138 errorem,
2005 2082 2137 2128 ante-

359 2182 504 2230 quam
521 2166 826 2230 pervenirent
840 2165 900 2214 ad
916 2182 926 2213 ε
946 2165 1008 2213 Te
1021 2181 1071 2212 ro
1073 2180 1244 2228 qamus
1260 2163 1373 2211 audi
1389 2180 1489 2222 nos,
1508 2166 1751 2212 verterunt
1766 2163 1859 2211 duo
1881 2162 1995 2211 folia
2011 2162 2138 2211 inter

360 2265 454 2313 que
472 2249 633 2298 omnia
652 2249 831 2297 ibidem
844 2248 1020 2312 scripta
1040 2247 1355 2307 obmiserunt,
1373 2250 1621 2296 cantantes
1644 2265 1652 2295 :
1677 2246 1878 2306 Christe,
1897 2246 2011 2294 audi
2029 2261 2130 2305 noa,

357 2341 466 2391 etc„
491 2337 634 2395 prout
651 2333 699 2380 in
730 2333 824 2380 fine
845 2331 1028 2391 litanie,
1054 2347 1111 2379 ex
1133 2347 1227 2394 quo
1259 2331 1535 2378 scandalum
1563 2330 1736 2380 evenit.
1761 2329 1978 2393 Oportuit
2006 2328 2134 2378 enim

359 2415 519 2463 omnia
536 2431 620 2462 suo
640 2415 748 2463 loco
770 2415 947 2474 facere,
979 2430 1070 2477 que
1096 2414 1223 2461 inter
1248 2428 1438 2461 versum
1464 2429 1474 2461 ε
1497 2414 1774 2461 Peccatores
1796 2416 1841 2461 et
1863 2413 2012 2460 finem
2032 2411 2136 2459 lita-

356 2499 434 2548 nie
452 2515 561 2548 cum
581 2498 748 2546 ordine
769 2498 955 2565 agenda
977 2500 1129 2545 erant.
1153 2499 1273 2544 Item
1288 2500 1508 2544 cantores
1528 2500 1575 2545 et
1595 2496 1741 2544 alium
1763 2510 1980 2544 errorem
1999 2510 2134 2544 com-

355 2582 605 2640 miserunt,
631 2584 882 2629 cessarunt
912 2579 1040 2629 enim
1079 2596 1106 2628 a
1139 2584 1283 2628 cantu
1314 2579 1469 2642 Kyrie
1498 2579 1686 2639 eleison,
1710 2582 1968 2642 antequam
2003 2581 2135 2642 Papa

355 2665 689 2712 incensaretur
721 2667 768 2713 et
801 2663 1002 2712 sirculus
1029 2678 1117 2728 per
1137 2662 1403 2711 cardinales
1431 2662 1569 2710 fieret
1590 2677 1751 2710 coram
1774 2664 1919 2725 Papa,
1950 2675 2008 2709 ex
2037 2675 2133 2724 quo

356 2747 485 2797 aliud
518 2747 798 2796 scandalum
838 2746 1015 2805 evenit;
1057 2761 1168 2794 nam
1208 2744 1461 2793 cardinalis
1490 2745 1740 2793 celebrans
1771 2760 1881 2793 cum
1908 2747 2132 2792 cantores

354 2847 383 2880 a
414 2834 555 2879 cantu
591 2834 859 2888 cessarunt,
911 2844 1009 2877 non
1046 2833 1295 2894 expectato
1338 2844 1365 2876 a
1403 2844 1481 2877 me
1515 2828 1828 2888 avisamento,
1871 2830 2130 2890 antequam

352 2914 533 2962 diceret
566 2913 721 2976 Kyrie
750 2913 937 2971 eleison,
963 2911 1166 2960 cantavit
1195 2910 1355 2959 Gloria
1375 2912 1424 2959 in
1447 2912 1651 2960 excelsi&
1674 2915 1805 2975 Papa
1828 2910 1983 2958 noluit
2011 2925 2126 2957 can-

352 3002 452 3046 tare
470 2997 680 3061 primum
700 2996 927 3055 Alleluia,
952 2998 1092 3060 prout
1117 2995 1273 3044 Sixtus
1296 2995 1480 3043 solebat
1506 2996 1684 3053 facere,
1710 2994 1795 3042 sed
1813 2992 1962 3040 voluit
1998 2992 2132 3056 quod

354 3082 602 3129 celebrans
622 3096 790 3129 omnes
808 3084 905 3128 tres
928 3083 1160 3138 cantaret,
1182 3082 1322 3142 prout
1336 3078 1465 3126 fecit.
1486 3078 1679 3125 Intravit
1695 3081 1854 3125 tamen
1878 3075 2127 3124 sacristam

349 3165 484 3227 juxta
519 3165 666 3213 altare
694 3164 848 3227 majus
877 3166 933 3210 D.
957 3163 1276 3227 Hieronymus
1314 3161 1601 3224 Calagranus
1636 3160 1976 3218 subdiaconUS‚
2017 3174 2127 3207 cum

403 3310 436 3346 1.
516 3326 535 3344 «
549 3314 584 3347 et
597 3310 689 3347 male
707 3309 876 3358 quoniam
896 3308 934 3344 in
953 3308 1101 3357 planeta
1116 3318 1197 3344 esse
1213 3307 1351 3344 debuit.
1372 3322 1391 3340 »
1406 3308 1507 3345 Cette
1521 3318 1722 3355 remarque,
1746 3306 2124 3344 vraisemblablement

354 3367 398 3403 de
418 3367 462 3405 P.
485 3368 529 3403 de
555 3369 712 3415 Grassis‚
736 3370 799 3417 qui
819 3379 976 3416 mauque
1000 3369 1091 3405 dans
1112 3366 1142 3404 le
1167 3377 1257 3403 mss.
1280 3366 1385 3415 Chigi
1406 3371 1440 3404 et
1459 3367 1491 3403 le
1506 3378 1596 3404 mss,
1618 3368 1725 3413 5521,
1752 3371 1809 3404 est
1829 3367 1970 3403 donnee
1989 3376 2055 3414 par
2074 3365 2125 3401 les

353 3430 474 3462 autres
505 3438 597 3463 mss.
