2262 3958
346 303 416 338 424
950 298 969 335 J
974 299 1038 336 OH
1041 299 1184 336 ANNIS
1218 298 1512 345 BURCHARDI,
1831 301 1996 344 [Octobre
2019 301 2109 345 149¹]

347 404 489 463 tibus,
531 403 695 467 viginti
726 402 934 465 quinque
954 401 1265 449 familiaribus
1286 401 1459 448 stabuli
1486 400 1727 450 intorticia
1753 418 1959 451 accensa
1996 417 2111 466 por-

345 485 552 533 tantibus
583 500 735 547 usque
760 484 820 531 ad
846 484 1102 531 ecclesiam
1130 500 1168 531 5.
1200 483 1444 542 Praxedis,
1469 483 1517 530 in
1544 499 1639 546 qua
1674 485 1886 547 positum
1920 485 2026 544 fuit,
2058 489 2112 533 ut

349 568 522 616 deinde
552 569 601 616 in
631 567 801 615 eadem
828 566 877 613 in
909 565 1093 630 capella
1133 567 1222 614 sibi
1261 565 1585 614 construenda
1605 566 1878 628 sepeliatur.
1918 568 2113 633 Absque

348 654 477 700 clero
494 651 547 698 -id
566 650 763 709 factum,
786 654 1094 714 preterquam
1117 667 1144 698 a
1173 654 1337 698 monte
1359 666 1397 697 5.
1422 649 1570 697 Marie
1601 648 1822 712 majoris3
1847 664 1942 712 quo
1964 649 2108 698 cada-

347 749 458 781 vere
480 732 790 790 ascendente,
813 736 1046 779 venerunt
1068 733 1111 780 ei
1134 732 1322 780 obviam
1351 731 1625 779 beneficiati
1665 730 1789 778 dicte
1824 731 2028 780 ecclesie
2068 737 2118 781 et

347 834 458 866 eum
476 832 625 880 usque
656 816 716 863 ad
737 816 992 863 ecclesiam
1014 832 1052 862 5.
1077 817 1303 864 Praxedis
1326 815 1640 863 associarunt.
1666 813 1838 860 Omnia
1868 812 1961 861 hec
1989 814 2116 863 facta

348 906 457 948 sunt
477 903 639 964 preter
661 899 1012 947 ordinationem
1034 901 1264 956 nostram,
1286 898 1346 945 ad
1365 898 1659 946 voluntatem
1669 897 1910 945 ‚duntaxat
1923 897 2123 961 presby-

347 984 437 1030 teri
463 982 693 1030 Johannis
722 982 779 1028 de
805 981 1009 1028 Castello
1040 981 1240 1028 rectoris
1277 980 1590 1044 parrochialis
1621 982 1825 1030 ecclesie
1855 981 1997 1047 (inter
2022 981 2115 1029 mi·-

350 1066 607 1113 nistrantes
634 1065 806 1112 domus
842 1063 1101 1111 residentie
1144 1067 1199 1111 D.
1232 1063 1484 1111 cardinalis
1521 1065 1779 1112 constituta
1817 1063 1904 1129 est>
1944 1064 2024 1128 qui
2057 1062 2119 1112 ad

347 1148 671 1212 provisionem
703 1162 813 1193 cere
836 1147 1052 1207 exequiis
1073 1146 1392 1208 dispensande
1419 1147 1674 1210 deputatus
1714 1151 1831 1207 erat,
1873 1147 1986 1210 quia
2011 1162 2117 1195 me-

348 1232 497 1278 dietas
517 1246 627 1278 cere
649 1228 926 1292 hujusmodi
942 1229 990 1274 in
1006 1228 1252 1291 sepultura
1266 1231 1322 1276 D.
1342 1228 1595 1275 cardinalis
1612 1229 1934 1292 dispensande
1952 1244 2120 1293 prove-

349 1313 536 1370 niebat3
561 1327 648 1375 pro
672 1327 757 1358 sua
788 1310 982 1373 propria
1002 1310 1344 1359 commoditate
1365 1310 1458 1358 hec
1482 1312 1548 1358 ita
1568 1312 1801 1360 ordinavit
1821 1328 1918 1361 non
1945 1313 2117 1374 solum,

351 1395 435 1443 sed
475 1411 570 1442 una
617 1410 727 1442 cum
771 1410 838 1441 x11
887 1393 1138 1442 intorticiis
1174 1393 1354 1441 habere
1394 1393 1519 1442 dicte
1574 1395 1778 1442 ecclesie
1819 1411 1857 1444 5.
1894 1395 2122 1445 Praxedis

350 1479 546 1526 dimisse
567 1482 620 1525 ut
653 1478 845 1540 quidam
875 1494 933 1525 ex
964 1477 1032 1525 eis
1060 1480 1229 1541 postea
1255 1477 1374 1523 mihi
1401 1478 1589 1535 retulit;
1624 1478 1787 1525 omnia
1823 1478 1916 1527 alia
1942 1479 2117 1543 rapuit.

350 1561 630 1609 Ordinatum
653 1565 811 1607 autem
833 1560 919 1608 fuit
948 1560 1077 1623 quod
1103 1561 1307 1609 cadaver
1332 1562 1380 1609 in
1401 1562 1607 1610 ecclesia
1628 1579 1665 1610 s.
1686 1562 1834 1610 Marie
1857 1562 1915 1610 de
1938 1561 2118 1626 Populo

348 1660 435 1707 per
473 1648 622 1691 totam
654 1642 782 1690 diem
814 1642 1152 1702 dimitteretur,
1188 1648 1251 1702 et,
1296 1644 1581 1707 quibusdam
1612 1660 1670 1692 ex
1700 1645 1770 1692 eis
1800 1643 1974 1692 deinde
2010 1648 2120 1708 post

349 1727 554 1790 primam
597 1726 766 1773 horam
805 1726 960 1773 noctis
1005 1726 1378 1788 precedentibus
1409 1732 1455 1775 et
1486 1727 1655 1776 decem
1691 1727 1962 1786 intorticiis,
1997 1726 2117 1775 afa-

352 1808 484 1855 milia
515 1823 600 1855 sua
640 1807 885 1855 dumtaxat
922 1808 1229 1869 associatum,
1254 1824 1340 1871 per
1367 1808 1601 1868 fachinos,
1635 1809 1726 1856 nisi
1753 1809 2013 1857 familiares
2043 1808 2116 1856 sui

351 1891 507 1954 ipsum
548 1895 739 1954 portare
775 1891 968 1949 vellent,
1005 1890 1065 1938 ad
1099 1891 1353 1939 ecclesiam
1375 1891 1589 1955 predicte
1623 1908 1661 1939 5.
1697 1890 1923 1939 Praxedis
1951 1890 2121 1954 depor-

349 1978 545 2022 taretur.
572 1973 833 2036 Defunctus
857 1978 929 2020 est
949 1973 1028 2020 hic
1050 1973 1303 2020 cardinalis
1330 1974 1510 2036 absque
1533 1989 1590 2022 eo
1618 1973 1746 2036 quod
1772 1977 2116 2022 testamentum

350 2056 642 2115 condiderit3
666 2060 924 2118 propterea
944 2056 1105 2103 omnia
1134 2056 1261 2104 bona
1282 2072 1382 2114 sua,
1408 2056 1773 2119 qualiacumque
1795 2056 2005 2115 fuerunt,
2029 2057 2113 2104 SS.

350 2143 406 2187 D.
433 2142 487 2187 N.
512 2143 790 2202 presentata
810 2143 919 2186 sunt
946 2138 1257 2187 ascendentia
1277 2139 1337 2186 ad
1356 2139 1587 2198 valorem,
1611 2143 1663 2187 ut
1683 2139 1824 2202 vulgo
1847 2139 2113 2198 dicebatur,

350 2226 543 2270 centum
565 2222 766 2268 millium
789 2221 1089 2280 ducatorum,
1115 2238 1318 2284 quorum
1338 2238 1476 2270 xxxw
1497 2222 1571 2270 vel
1593 2222 1784 2270 circiter
1804 2221 2119 2285 quadraginta

349 2305 496 2352 millia
515 2305 707 2352 fuerunt
731 2305 777 2351 in
801 2304 1021 2367 pecunia,
1048 2302 1295 2352 residuum
1326 2305 1374 2351 in
1401 2308 1619 2367 argento,
1646 2304 1780 2352 libris
1802 2308 1851 2353 et
1880 2304 2118 2368 lapidibus

348 2387 598 2450 preciosis,
623 2387 793 2450 pannis
825 2387 882 2434 de
906 2387 1058 2434 rascia
1085 2391 1132 2435 et
1154 2387 1276 2434 aliis.
1303 2387 1523 2450 Deputati
1546 2387 1739 2434 fuerunt
1759 2402 1847 2449 per
1867 2388 1949 2434 SS.
1975 2390 2032 2434 D.
2056 2389 2114 2435 N.

351 2469 603 2516 reverendi
627 2473 682 2516 D.
700 2469 924 2516 Nicolaus
947 2469 1340 2532 archiepiscopus
1361 2469 1672 2526 Arelatensis,
1686 2468 1928 2515 Johannes
1949 2470 2117 2516 Petrus

350 2551 603 2614 episcopus
626 2551 974 2610 Urbinatensis,
991 2551 1136 2598 Falco
1161 2551 1221 2598 de
1245 2550 1500 2598 Sinibaldis
1524 2550 1650 2597 sedis
1671 2550 1932 2613 apostolice
1957 2554 2118 2614 proto-

349 2634 581 2691 notarius,
607 2633 880 2681 Sanctitatis
894 2649 977 2680 sue
1000 2633 1325 2681 thesaurarius
1348 2632 1605 2696 generalis,
1621 2637 1668 2680 et
1686 2636 1742 2680 D.
1759 2631 2118 2682 JacobusVoIa—

350 2720 569 2763 terranus
600 2716 873 2763 Sanctitatis
906 2731 989 2763 sue
1013 2716 1317 2785 secretarius,
1340 2715 1511 2778 quibus
1541 2715 1852 2778 exequiarum
1873 2714 1988 2765 dicti
2008 2731 2114 2764 car-

350 2798 519 2846 dinalis
533 2799 743 2846 defuncti
766 2814 880 2846 cura
901 2799 1160 2845 commissa
1183 2803 1271 2846 est.
1526 2855 1528 2857 ¹

410 2882 550 2928 Feria
570 2881 797 2940 secunda,
831 2881 999 2929 ultima
1029 2882 1208 2928 mensis
1231 2880 1459 2940 octobris,
1484 2880 1645 2943 vigilia
1665 2881 1889 2929 Omnium
1911 2882 2113 2947 Sancto-

348 2980 471 3022 rum,
497 2965 696 3012 mutatio
710 2980 984 3028 capparum,
1009 2965 1201 3013 fuerunt
1220 2981 1418 3028 vespere
1440 2965 1633 3027 papales
1654 2965 1704 3012 in
1724 2964 1907 3028 capella
1926 2964 2109 3028 maj0re

347 3047 508 3110 palatii
549 3047 797 3110 apostolici
829 3047 954 3111 apud
982 3064 1019 3095 s.
1058 3051 1270 3107 Petrum,
1305 3047 1475 3111 quihus
1506 3048 1588 3094 SS.
1629 3050 1686 3094 D.
1721 3049 1777 3095 N.
1820 3046 2034 3095 interfuit
2061 3045 2111 3093 in

347 3130 639 3191 paramentis
660 3130 779 3177 albis
802 3134 849 3178 et
869 3131 984 3179 fecit
1005 3130 1234 3178 officium.

415 3212 501 3260 Die
533 3214 770 3276 sequenti,
812 3214 934 3261 festo
975 3214 1190 3261 omnium
1227 3214 1464 3261 dictorum
1504 3217 1797 3271 sanctorum,
1836 3213 1924 3261 fuit
1966 3212 2115 3259 missa

351 3294 578 3343 solemnis
599 3296 647 3342 in
665 3296 862 3344 basilica
883 3313 920 3343 s.
946 3297 1074 3344 Petri
1097 3311 1239 3359 quam
1261 3299 1424 3343 RmuS.
1450 3296 1506 3341 D.
1531 3295 1786 3342 cardinalis
1808 3312 1846 3343 5.
1861 3293 2110 3343 Anastasie

350 3376 621 3442 celebravit,
663 3383 791 3443 Papa
819 3384 1061 3444 presente.
1095 3381 1379 3428 Sermonem
1410 3377 1524 3426 fecit
1554 3382 1613 3427 D.
1656 3378 2021 3427 Bartholomeus
2047 3375 2107 3423 de
