2262 3958
343 306 413 341 350
945 300 1177 337 ιΙΟΗΑΝΝΙΞ
1210 300 1504 345 BURCHARDI,
1890 302 1997 346 [Avril
2018 303 2108 345 1489}

350 403 513 451 rubeis
536 403 594 450 ad
616 403 809 449 modum
832 402 1015 450 abbatis
1051 403 1247 451 sacriste
1278 403 1428 451 nostri
1449 403 1530 466 qui
1551 419 1662 452 suas
1682 404 1992 453 bestialitates
2014 421 2113 454 non

353 486 561 534 dimittit.
589 488 871 533 Sermonem
892 486 1004 534 fecit
1025 489 1081 534 D.
1107 487 1348 534 Mattheus
1367 486 1553 535 Canalis
1577 488 1893 536 Ferrariensis
1916 488 2114 537 servitor

351 572 398 616 et
430 572 685 631 preceptor
720 571 775 615 D.
819 567 1019 615 Matthei
1051 567 1166 615 Cibo
1200 568 1480 617 subdiaconi
1519 569 1766 632 apostolici
1799 570 1900 618 sine
1938 585 2115 633 magna

344 651 508 698 laude.
536 651 792 698 Celebrans
815 667 910 698 non
937 651 1066 699 venit
1087 667 1195 699 cum
1222 652 1451 715 pontifice
1475 653 1534 699 ad
1559 668 1754 716 parvam
1772 653 2004 716 capellam
2024 668 2112 717 pro

351 736 670 791 sacramento,
692 733 777 780 sed
794 731 910 780 mihi
935 733 1065 781 dedit
1092 733 1274 782 clavem
1304 750 1446 798 capse
1476 735 1525 782 in
1553 751 1644 798 qua
1674 735 1794 784 calix
1821 751 1931 784 cum
1953 751 2112 785 sacra-

347 819 511 863 mento
551 815 765 863 inclusus
795 821 898 863 erat
928 819 975 863 et
1001 816 1103 879 ipse
1137 816 1184 863 in
1214 832 1389 880 magna
1418 817 1601 880 capella
1632 817 1760 881 apud
1794 816 2111 866 faldistorium

348 899 631 962 expectavit,
669 903 715 946 et
748 899 975 962 pontifice
1008 904 1360 948 sacramentum
1379 903 1685 963 apportante,
1723 900 1824 964 ipse
1861 899 2111 949 celebrans

350 986 702 1032 sacramentum
725 983 783 1031 de
798 983 1018 1031 manibus
1044 986 1171 1047 Pape
1191 987 1301 1031 ante
1323 984 1469 1031 altare
1490 984 1645 1047 majus
1668 983 1906 1047 genuflexi
1927 982 2113 1047 accepit

349 1070 397 1114 et
415 1082 561 1129 super
578 1066 725 1115 altare
745 1067 931 1130 posuit;
954 1070 1000 1114 et
1021 1066 1112 1114 alia
1128 1066 1289 1115 omnia
1302 1082 1436 1115 more
1458 1071 1690 1114 consueto
1713 1070 1821 1114 sunt
1842 1066 2107 1114 observata.

415 1149 593 1197 Eadem
615 1149 708 1207 die,
733 1154 841 1212 post
870 1149 1039 1197 horam
1063 1165 1142 1208 xx,
1173 1149 1366 1198 fuerunt
1392 1149 1516 1197 dicte
1540 1149 1770 1197 matutine
1786 1149 2108 1206 tenebrarum,

346 1233 475 1294 Papa
494 1235 738 1295 presente,
765 1232 1010 1279 consuetis
1031 1232 1336 1280 ceremoniis.
1363 1235 1492 1296 Papa
1511 1232 1724 1280 interfuit
1743 1231 1792 1280 in
1813 1247 1964 1295 cappa
1984 1246 2112 1280 rosa·

346 1330 432 1362 cea
453 1318 594 1377 prout
614 1314 663 1360 in
685 1318 849 1377 quarta
870 1314 990 1363 feria
1010 1319 1057 1363 et
1077 1315 1239 1363 nonin
1260 1319 1438 1363 manto.

411 1397 591 1445 Eadem
615 1397 709 1457 die,
730 1402 836 1461 post
858 1398 1128 1462 prandium,
1146 1399 1274 1446 venit
1303 1399 1363 1446 ad
1395 1398 1572 1447 Urbem
1606 1400 1661 1445 R.
1698 1396 1746 1444 in
1768 1396 1956 1445 Christo
1978 1399 2029 1445 P.
2052 1398 2108 1445 D.

343 1481 547 1528 Mathias
574 1481 826 1544 episcopus
850 1481 1150 1529 Secoviensis
1173 1481 1232 1547 (1)
1254 1481 1546 1530 serenissimi
1566 1484 1622 1528 D.
1641 1480 1792 1528 nostri
1814 1479 2113 1544 imperatoris

345 1569 504 1612 orator
540 1582 567 1612 a
603 1564 700 1612 suis
738 1569 922 1613 tantum
962 1564 1225 1613 associatus
1271 1583 1279 1612 :
1322 1564 1489 1612 habuit
1525 1563 1779 1611 servitores
1817 1562 2108 1626 quindecim,

346 1652 594 1710 equestres
616 1653 751 1699 erant
774 1664 958 1697 omnes.
2097 1659 2103 1662 ’

414 1730 639 1790 Sabbato,
686 1735 740 1779 18
777 1732 956 1795 aprilis,
988 1732 1147 1796 vigilia
1183 1732 1384 1792 Pasche,
1425 1735 1590 1780 Rmus.
1623 1735 1680 1780 D.
1720 1729 1973 1780 cardinalis
1996 1732 2112 1779 Par-

346 1813 525 1862 mensis
549 1814 661 1862 fecit
691 1814 906 1862 officium
932 1815 980 1861 in
1015 1815 1198 1877 capella
1229 1816 1411 1878 majore
1446 1815 1678 1878 predicta,
1710 1817 1837 1877 Papa
1867 1816 2108 1876 presente,

347 1896 445 1958 qui,
471 1896 592 1943 facta
616 1896 828 1944 oratione
850 1896 899 1943 in
919 1896 1182 1959 faldistorio
1209 1897 1395 1960 accepit
1427 1896 1693 1945 cardinales
1716 1895 1776 1943 ad
1796 1895 2112 1943 reverentiam

345 1994 480 2027 more
504 1978 661 2027 solito.
691 1979 922 2027 Dicebant
950 1980 1078 2027 enim
1108 1979 1273 2027 RRmi.
1307 1982 1405 2027 DD.
1430 1978 1864 2036 vicecancellariuS‚
1887 1976 2114 2040 Neapoli-

345 2066 503 2121 tanus,
530 2078 568 2109 s,
590 2061 716 2110 Petri
735 2063 793 2110 ad
814 2062 1018 2111 Vincula
1038 2063 1164 2125 quod
1186 2063 1449 2111 reverentia
1468 2079 1563 2110 non
1586 2062 1792 2111 debebat
1807 2061 1885 2109 hic
1906 2060 2010 2109 fieri
2031 2059 2117 2109 sed

344 2149 452 2208 post
473 2144 612 2209 Kyrie
633 2145 801 2192 eleison
824 2150 1032 2193 orantes.
1059 2146 1154 2194 Sed
1174 2162 1284 2194 cum
1307 2162 1397 2210 ego
1422 2146 1632 2195 dicerem
1655 2145 1734 2193 hic
1762 2145 1866 2194 fieri
1893 2145 2115 2194 debuisse

345 2231 391 2275 et
439 2228 486 2275 in
523 2244 632 2276 meo
666 2228 912 2292 proposito
942 2244 1317 2291 perseverarem,
1352 2229 1469 2277 dixit
1514 2232 1678 2276 Rmus.
1717 2232 1773 2277 D.
1818 2245 1857 2276 s.
1895 2227 2020 2276 Petri
2055 2227 2117 2275 ad

346 2309 552 2359 Vincula
580 2311 708 2371 quod
737 2313 862 2358 stare
890 2310 1078 2357 volebat
1109 2310 1343 2358 sententie
1372 2310 1495 2358 Rmi.
1527 2313 1584 2357 D.
1619 2310 1872 2358 cardinalis
1904 2326 1943 2358 s.
1967 2309 2115 2358 Marci

348 2391 426 2453 qui
448 2394 563 2438 tunc
581 2391 754 2440 absens
777 2408 802 2440 a
825 2392 1006 2455 capella
1022 2397 1140 2440 erat.
1165 2396 1282 2441 Cum
1297 2393 1539 2441 diceretur
1554 2409 1641 2457 per
1660 2394 1914 2442 diaconum
1932 2391 2112 2456 capelle

346 2466 550 2521 Eoez'cltet
558 2474 668 2536 jam
688 2475 939 2537 Anyelica,
974 2483 1075 2534 ete„
1111 2476 1239 2525 venit
1266 2479 1431 2523 Rmus.
1467 2478 1525 2522 D.
1556 2476 1809 2523 cardinalis
1831 2492 1870 2523 s.
1894 2475 2042 2523 Marie
2063 2474 2113 2522 in

348 2556 538 2604 Porticu
568 2560 763 2620 propter
791 2557 929 2620 cujus
957 2557 1248 2606 debilitatem
1277 2562 1324 2605 et
1359 2557 1685 2606 infirmitatem
1718 2560 1848 2620 Papa
1880 2556 2001 2605 sedit
2031 2572 2111 2605 ac—

347 2644 486 2702 cepta
509 2639 668 2698 mitra,
694 2643 741 2687 et
763 2640 945 2704 recepit
972 2640 1196 2687 eumdem
1226 2623 1518 2688 cardinalem
1548 2640 1607 2687 ad
1633 2639 1964 2699 reverentiam,
1988 2643 2109 2698 tum,

347 2722 565 2786 deposita
582 2722 738 2781 mitra,
775 2723 1032 2771 resurrexit
1065 2727 1214 2782 stans,
1247 2726 1297 2770 ut
1322 2723 1469 2786 prius,
1504 2723 1706 2770 diacono
1728 2722 1917 2771 interim
1937 2722 2111 2771 nihilo-

346 2805 501 2852 minus
522 2810 715 2853 cantum
741 2821 877 2853 suum
898 2806 1225 2855 continuante.
1263 2805 1419 2853 Finita
1451 2805 1668 2869 epistola,
1703 2808 1760 2853 D.
1793 2805 2111 2870 Hieronymus

347 2888 636 2952 Calagranus
673 2889 994 2937 subdiaconus
1025 2889 1315 2953 apostolicus
1348 2893 1541 2953 paratus
1575 2904 1710 2937 more
1747 2888 1887 2936 solito
1908 2888 2112 2953 predixit

349 2973 474 3034 Pape
494 2970 722 3031 Alleluia,
748 2973 1002 3031 annuncio,
1027 2980 1133 3031 etc„
1165 2973 1248 3020 sed
1271 2975 1398 3035 Papa
1419 2971 1571 3019 noluit
1597 2972 1756 3020 dicere
1777 2971 2003 3030 Alleluia,
2029 2971 2112 3020 sed

347 3054 585 3102 commisit
607 3054 870 3103 celebranti
893 3055 971 3118 qui
989 3055 1104 3102 illud
1120 3055 1251 3115 dixit,
1271 3059 1318 3103 et
1337 3054 1398 3102 ad
1415 3054 1705 3117 Maynificat
1721 3054 1848 3102 idem
1864 3054 2111 3102 celebrans

349 3137 496 3185 altare
514 3136 778 3186 incensavit
799 3143 846 3187 et
865 3138 956 3186 alia
977 3154 1110 3187 more
1134 3139 1272 3186 solito
1295 3140 1403 3186 sunt
1424 3138 1698 3185 observata.
1729 3140 1958 3186 Cantores
1979 3137 2112 3185 dixe-

350 3224 461 3268 runt
482 3236 653 3269 omnes
676 3221 928 3270 duodecim
950 3222 1243 3286 prophetias.

422 3307 670 3356 Dominica
691 3307 875 3356 Pasche
894 3305 1272 3363 resurlectionis‚
1299 3306 1357 3351 19
1376 3302 1553 3367 apriliS,
1580 3304 1665 3351 Ss.
1690 3304 1746 3351 D.
1772 3280 1826 3351 N.
1850 3301 2074 3366 paratus
2063 3317 2108 3348 in

398 3406 430 3441 1.
460 3405 625 3451 Secoaw,
648 3418 693 3443 en
713 3407 847 3454 Styrie.
