2262 3958
153 288 381 334 [Aout1484]
604 286 774 324 RERUM
807 285 1112 323 URBANARUM
1146 285 1497 324 COMMENTARII.
1899 291 1946 326 67

149 397 198 442 et
219 390 522 454 singulorum
546 389 946 439 conclavistarum
969 389 1299 453 predictorum
1321 389 1546 438 instantie
1568 389 1838 438 habeantur
1858 407 1945 454 pro

150 475 471 544 expressiset
505 491 615 523 cum
649 473 952 523 absolutione
982 489 1009 521 a
1047 474 1267 522 censuris
1301 475 1361 523 ad
1393 473 1618 523 effectum
1648 474 1947 539 presentium

148 576 237 626 pro
268 559 516 618 omnibus,
550 563 598 607 et
627 558 686 606 de
716 557 873 607 causis
905 557 1317 618 extraordinariis,
1343 563 1390 607 et
1416 558 1586 618 literis,
1612 557 1943 607 instrumentis

147 660 205 694 ac
244 643 557 710 processibus
587 659 675 708 per
706 641 919 690 notarios
958 641 1121 705 palatii
1156 646 1203 690 et
1243 659 1441 692 romane
1476 643 1608 692 curie
1646 642 1749 692 sine
1783 643 1942 708 aliqua

149 729 391 779 solutione
417 727 606 786 dandis,
631 731 682 776 ut
702 726 967 791 prefertur;
994 730 1040 774 et
1061 726 1190 789 quod
1210 726 1347 776 litere
1371 744 1514 793 super
1535 726 1941 777 reservationibus

147 811 483 872 donationum,
511 810 676 876 gratiis
699 814 746 858 et
773 809 1157 873 quibuscumque
1186 810 1581 875 dispositionibus
1610 828 1666 860 ac
1693 811 1939 876 quibusvis

149 895 255 945 aliis
287 895 476 961 gratiis,
519 893 937 958 impetrationibus
978 898 1025 941 et
1058 894 1412 958 provisionibus
1459 895 1630 959 gratis,
1680 896 1855 960 ubique
1892 896 1939 944 in

148 979 372 1029 omnibus
395 977 568 1027 officiis
597 977 742 1026 etiam
760 977 1148 1026 abbreviatorum
1171 979 1505 1043 expediantur,
1531 984 1582 1027 ut
1602 979 1846 1044 prefertur
1864 997 1873 1040 3
1894 987 1941 1029 et

146 1063 276 1128 quod
295 1061 596 1126 singulorum
624 1061 991 1127 cognominum,
1019 1062 1305 1123 diecesium‚
1330 1063 1614 1127 qualitatum
1636 1068 1684 1113 et
1705 1064 1939 1128 graduum

151 1146 402 1213 expressio
424 1146 529 1196 fieri
547 1147 719 1212 possit,
745 1153 791 1196 et
812 1148 871 1196 de
895 1147 1120 1196 omnibus
1140 1147 1282 1196 simul
1301 1164 1389 1213 pro
1416 1148 1657 1208 omnibuS,
1684 1153 1736 1197 ut
1753 1149 1941 1213 prefer-

145 1235 248 1293 tur3
280 1234 328 1281 et
353 1231 484 1296 quod
503 1231 642 1280 litere
668 1247 814 1297 super
845 1232 1045 1297 singulis
1078 1232 1153 1282 vel
1181 1233 1406 1282 omnibus
1435 1233 1575 1282 simul
1596 1250 1683 1299 pro
1715 1234 1939 1283 omnibus

140 1312 216 1365 vel
231 1314 452 1380 quolibet
468 1331 556 1382 pro
572 1333 641 1376 se,
658 1316 707 1364 in
728 1316 903 1380 quibus
924 1317 1147 1366 omnibus
1166 1318 1324 1382 major
1337 1323 1385 1367 et
1402 1318 1609 1383 amplior
1623 1317 1873 1384 expressio
1893 1323 1941 1368 et

142 1398 285 1464 plene
308 1404 508 1450 extensa
527 1400 578 1449 in
599 1401 821 1467 ampliori
844 1406 891 1450 et
919 1402 1060 1451 dictis
1092 1402 1399 1451 conclavistis
1428 1402 1607 1458 utiliori
1635 1404 1807 1462 forma,
1832 1402 1934 1461 fiat,

142 1484 363 1549 expediri
392 1484 606 1550 pessint3
641 1490 689 1535 et
722 1486 851 1550 quod
885 1486 1084 1551 singulis
1118 1487 1523 1536 reservationibus
1557 1492 1604 1536 et
1637 1486 1743 1536 aliis
1771 1487 1936 1552 gratiis

141 1569 432 1635 supradictis
454 1570 503 1619 in
525 1570 728 1636 gratiam
749 1569 978 1630 filiorum,
1003 1574 1236 1635 nepotum
1259 1575 1306 1620 et
1332 1571 1536 1619 aliorum
1557 1588 1645 1636 per
1672 1588 1756 1620 eos
1783 1570 1938 1621 nomi-

140 1653 414 1705 nandorum
447 1672 569 1720 quos
603 1672 775 1706 eorum
807 1656 917 1705 loco
952 1655 1272 1720 subrogamus
1305 1656 1479 1704 cedere
1506 1655 1711 1720 possint.
1744 1659 1799 1705 Et
1827 1672 1937 1705 cum

137 1737 410 1789 cassatione
469 1754 884 1804 quarumcumque
937 1738 1314 1802 obligationum,
1370 1755 1457 1803 pro
1510 1739 1700 1788 annatis
1743 1754 1937 1789 camere

141 1820 382 1872 solvendis
399 1839 488 1888 per
507 1839 592 1873 eos
613 1823 852 1872 factarum
874 1827 922 1872 et
944 1822 1230 1871 remissione
1259 1826 1544 1870 annatarum
1574 1839 1661 1888 pro
1686 1823 1937 1873 beneficiis

137 1921 266 1957 nunc
293 1907 573 1958 vacantibus
601 1912 650 1956 et
679 1922 770 1972 que
798 1923 970 1956 vacare
990 1909 1272 1972 sperantur,
1303 1906 1362 1954 de
1393 1906 1565 1970 quibus
1594 1906 1664 1956 eis
1696 1908 1935 1972 provideri

135 1990 416 2059 contigerit,
450 1997 502 2042 ut
528 1993 788 2058 prefertur,
827 1991 1123 2056 adquorum
1165 1989 1458 2039 solutionem
1494 1990 1598 2040 aliis
1632 1996 1931 2042 tenerentur⁴

200 2076 410 2126 Nomina
431 2077 837 2128 conclavistarum
860 2081 971 2126 sunt
987 2077 1079 2126 hec
1106 2094 1115 2125 ε
1760 2075 1764 2080 ’

194 2159 443 2210 Johannes
466 2162 640 2210 Paulus
663 2163 721 2211 de
744 2161 927 2221 Bossis,
953 2161 1172 2220 sacrista,

202 2244 450 2294 Johannes
474 2246 800 2305 BurcharduS,
825 2244 1199 2310 argentinensis,

201 2325 448 2378 Johannes
469 2330 620 2378 Maria
642 2329 700 2378 de
724 2328 894 2388 Podio,

199 2412 408 2462 «lacobus
430 2415 691 2475 Casanova,

203 2494 449 2546 Johannes
471 2501 646 2564 Lopez,

203 2578 588 2632 Colathomasius
611 2579 924 2642 Ronchellus,

202 2667 444 2716 Mattheus
462 2668 686 2728 Mannus,

203 2749 448 2800 Johannes
471 2750 775 2810 LaurentiuS,

201 2834 442 2884 Mattheus
460 2837 519 2884 de
541 2834 832 2900 Aliprandis,

200 2919 486 2968 Franciscus
508 2920 566 2967 de
593 2919 830 2978 Viterhio,

203 3003 577 3052 Bartholomeus
599 3003 658 3050 de
681 3006 858 3060 Ruere,

209 3087 461 3137 Balthazar
479 3088 539 3136 de
562 3084 870 3150 Cantagallis,

209 3169 589 3236 Christophorus
608 3169 667 3218 de
692 3170 862 3227 Puteo,

208 3254 398 3302 Cechus
420 3255 480 3303 de
503 3253 826 3313 Palumbaria,

211 3337 507 3387 Justinianus
527 3338 806 3396 Amerinus,

211 3422 462 3472 Liberatus
483 3422 543 3471 de
565 3415 806 3481 BartelliS,
