2262 3958
120 305 225 349 [Aont
245 299 348 348 14841'
560 303 729 341 RERUM
763 302 1068 340 URBANARUM
1100 302 1451 340 COMMENTARII.
1856 305 1902 338 77

187 409 368 475 Viginti
403 412 611 472 quatuor
647 407 817 456 lancee
848 407 997 456 rubee
1030 423 1118 472 pro
1157 407 1304 456 tribus
1325 405 1640 455 baldachinis.
1679 406 1905 471 Quinque

122 493 292 544 lancee
311 509 398 559 pro
419 493 631 558 quinque
655 492 835 542 vexillis
866 491 1072 556 magnis,

189 577 371 643 Viginti
391 577 605 642 quinque
626 577 838 625 minores
857 576 1027 624 lancee
1053 589 1140 639 pro
1163 574 1420 623 duodecim
1448 574 1628 624 vexillis
1656 591 1911 625 cursorum

126 667 175 713 ct
190 663 426 713 tredecim
446 663 659 728 capitum
680 661 933 726 regionum
959 659 1066 708 albe
1082 659 1191 708 date
1205 663 1317 707 sunt
1334 663 1522 708 tantum
1543 660 1802 710 duodecim
1823 678 1910 727 pro

125 762 380 796 cursorum
396 746 594 808 vexilliS,
617 746 730 810 quia
755 743 1047 809 capuciones
1085 743 1173 792 sibi
1197 743 1313 808 ipsis
1344 759 1455 792 suas
1478 744 1779 806 ordinarunt,
1804 747 1918 810 quia

125 831 194 880 sic
215 830 319 881 fieri
337 834 624 880 consuetum
643 844 749 878 esse
771 828 1043 877 dicebatur.

193 917 298 966 Due
313 916 484 965 lancee
505 915 612 963 albe
633 928 720 978 pro
749 912 939 962 duobus
961 912 1259 961 cherubinis,

187 1000 408 1064 Quinque
428 998 585 1048 baculi
617 997 753 1047 rubei
780 1013 868 1062 pro
890 997 1178 1046 ducentibus
1206 992 1342 1061 eq1¹1is
1365 997 1546 1046 scalam
1565 1001 1694 1064 Pape
1713 1004 1912 1064 portan-

120 1083 262 1143 tibus,
286 1083 543 1134 duodecim
565 1098 717 1147 equos
738 1097 850 1131 cum
875 1082 1076 1131 muletta
1106 1098 1200 1146 que
1232 1087 1397 1131 tamen
1425 1083 1805 1134 extraordinaria
1823 1101 1912 1150 pro

118 1171 291 1217 ornatu
314 1167 670 1233 processionis·

185 1253 293 1302 Duo
323 1252 481 1302 baculi
505 1251 711 1302 inaurati
738 1267 826 1317 pro
862 1251 1077 1301 lanteriis
1111 1266 1205 1316 que
1233 1255 1344 1301 ante
1378 1268 1555 1317 corpus
1590 1253 1765 1303 Christi
1799 1269 1913 1318 por-

123 1339 303 1385 tantur.

192 1423 373 1471 Decem
393 1421 550 1472 baculi
574 1437 662 1487 pro
683 1420 1043 1488 parafrenariiS,
1067 1421 1140 1470 vel
1157 1420 1336 1485 plureS,
1359 1421 1397 1470 si
1419 1422 1735 1486 parafrenarii
1753 1425 1916 1488 plures

127 1506 240 1568 sint,
262 1522 374 1556 cum
395 1507 540 1556 armis
567 1507 627 1556 de
647 1523 765 1556 auro
788 1508 905 1556 fino.

191 1594 384 1643 Lancea
410 1607 498 1657 pro
528 1593 764 1643 umbrella
783 1608 878 1656 que
899 1606 1100 1656 pomum
1121 1607 1324 1641 aureum
1346 1592 1419 1640 vel
1441 1592 1716 1642 inauratum
1740 1595 1788 1642 in
1809 1596 1914 1660 ejus

125 1677 402 1726 summitate
420 1677 616 1739 haheat,
642 1677 839 1742 triginta
858 1676 931 1725 vel
946 1676 1267 1741 quadraginta
1287 1677 1501 1738 scabelli,
1524 1683 1606 1726 aut
1625 1678 1788 1743 plures
1807 1695 1918 1727 cum

124 1761 272 1810 armis
289 1761 506 1811 Ecclesie
527 1767 574 1812 et
596 1765 723 1827 Pape
745 1778 833 1827 pro
855 1762 1191 1827 capellaLPape
1208 1765 1255 1811 et
1276 1762 1591 1811 consistoriis.

189 1847 352 1910 Equus
373 1845 510 1895 albus
526 1861 613 1910 pro
635 1845 865 1910 pontifice
885 1846 966 1910 qui
988 1862 1016 1894 a
1038 1849 1167 1894 retro
1190 1844 1347 1894 veluto
1364 1846 1636 1895 cremesino
1656 1852 1916 1911 coopertus

129 1929 188 1978 sit
208 1946 320 1980 cum
340 1930 478 1980 freno
500 1930 559 1980 de
582 1930 759 1980 eodem
786 1929 944 1979 veluto
974 1944 1092 1979 auro
1119 1933 1308 1978 ornato,

194 2017 359 2080 Equus
381 2014 548 2064 similis
572 2030 660 2081 pro
688 2029 894 2080 corpore
923 2014 1114 2075 Christi,
1144 2014 1303 2063 veluto
1334 2015 1607 2064 cremosino
1639 2020 1916 2082 coopertUS,

132 2102 183 2147 ut
202 2099 354 2165 prius,
380 2115 493 2149 cum
509 2101 651 2150 simili
671 2101 829 2150 freno,

197 2183 464 2234 Duodecim
486 2186 596 2251 equi
619 2187 800 2237 similes
818 2203 931 2236 cum
953 2184 1162 2250 copertis
1185 2189 1233 2233 et
1257 2185 1422 2244 freniS,
1443 2191 1495 2234 ut
1514 2186 1720 2250 predixi.

195 2265 322 2315 Mula
346 2269 475 2333 Pape
494 2285 606 2318 cum
624 2273 855 2334 cooperta
875 2274 923 2318 et
943 2268 1081 2317 freno
1104 2266 1357 2328 similibuS,
1373 2283 1468 2332 que
1491 2284 1550 2318 ex
1570 2286 1693 2319 nova
1712 2287 1922 2322 consue-

137 2350 303 2400 tudine
331 2351 539 2404 ducitur.
571 2383 574 2386 <

196 2437 360 2500 Equus
386 2436 554 2487 similis
579 2454 667 2504 pro
697 2454 903 2506 corpore
934 2441 1128 2503 Christi,
1161 2440 1320 2490 veluto
1351 2442 1626 2492 cremesino
1656 2447 1915 2509 coopertus

139 2525 190 2569 ut
211 2521 362 2586 priuS.

200 2607 362 2671 Equus
382 2606 550 2657 similis
564 2608 646 2674 qui
662 2609 843 2659 scalam
861 2613 988 2676 Pape
1002 2611 1208 2660 scarlato
1227 2614 1487 2675 coopertus
1500 2625 1613 2661 cum
1627 2613 1766 2662 freno
1784 2614 1930 2663 etiam

135 2691 444 2744 condecenti.

200 2776 382 2842 Viginti
399 2785 608 2843 quatuor
624 2784 853 2845 cooperte
878 2796 938 2830 ex
955 2781 1162 2831 scarlato
1184 2798 1294 2832 cum
1316 2781 1463 2830 frenis
1477 2786 1525 2831 et
1539 2781 1827 2834 frontalibus
1842 2799 1929 2850 pro

140 2863 341 2913 totidem
374 2866 516 2917 mulis
557 2869 733 2918 salmas
785 2868 1078 2919 cibariorum
1115 2869 1450 2920 deferentibus
1480 2871 1541 2920 ad
1580 2889 1620 2921 s.
1662 2872 1937 2920 Johannem

65 3016 67 3019 Α
139 2949 537 3002 Lateranensem.

202 3035 353 3084 Panni
376 3036 546 3088 virides
566 3055 655 3105 pro
683 3040 832 3090 choro
854 3041 1050 3092 basilice
1072 3059 1111 3091 s.
1144 3043 1296 3103 Petri;
1322 3059 1497 3093 canne.
1517 3079 1547 3093 ..

205 3119 424 3184 Quinque
445 3139 601 3174 caune
622 3125 767 3189 panni
787 3127 959 3176 rosacii
980 3142 1068 3192 pro
1090 3127 1211 3177 solio
1247 3129 1374 3192 Pape
1400 3128 1598 3177 ibidem.

204 3203 355 3252 Panni
374 3205 548 3257 virides
567 3224 655 3273 pro
671 3210 858 3275 capella
877 3229 916 3260 S.
942 3211 1137 3276 Georgii
1158 3211 1206 3259 in
1227 3211 1427 3260 basilica
1446 3211 1663 3276 predicta
1680 3223 1690 3268 3
1713 3224 1886 3258 caune.
1899 3248 1930 3257 ..

207 3286 357 3334 Panni
378 3288 548 3339 virides
568 3307 656 3356 pro
679 3300 909 3359 suggesto
930 3296 979 3344 in
1009 3296 1152 3361 plano
1178 3311 1325 3359 supra
1351 3295 1528 3359 gradus
1561 3299 1644 3343 aut
1676 3293 1928 3343 basilicam

143 3365 410 3430 predictam
427 3373 746 3437 preparando.

212 3451 364 3501 Panni
380 3453 552 3504 virides
566 3472 655 3522 pro
670 3459 821 3510 choro
838 3460 1033 3512 basilice
1047 3479 1082 3513 s,
1097 3467 1119 3512 J
1126 3463 1332 3513 ohannis
1344 3463 1700 3525 Lateranensis;
1716 3480 1931 3515 caune...
