2262 3958
143 312 299 359 [Janvier
315 314 406 356 1488]
580 312 750 350 RERUM
784 311 1089 350 URBANARUM
1122 311 1473 349 COMMENTARII.
1858 310 1929 347 283

207 416 348 466 Feria
392 415 620 475 secunda,
666 418 719 463 31
764 414 1055 476 decembris,
1107 416 1303 464 fuerunt
1353 432 1554 480 vespere
1598 416 1844 465 solemnes
1881 417 1929 464 in

142 499 327 564 capella
352 500 538 563 maJ'ore
570 499 752 563 palatii,
777 499 949 563 quibus
978 501 1062 548 SS.
1090 502 1144 547 D.
1166 502 1222 548 N.
1252 501 1550 548 ornamentis
1581 500 1701 548 albis
1733 504 1930 565 paratus

141 598 253 632 cum
288 582 614 632 cardinalibus
644 582 863 631 interfuit
895 586 942 631 et
966 581 1147 645 incepit
1180 598 1423 646 vesperzm,
1459 599 1515 632 ac
1552 584 1644 632 alia
1676 584 1932 632 observata

140 670 253 716 sunt
274 682 411 716 more
439 671 691 716 consueto,
731 667 910 724 Quibus
942 665 1108 728 finitis,
1141 666 1373 715 officiales
1400 667 1508 714 novi
1538 667 1678 716 Urbis
1700 667 1928 732 publicati

143 754 255 800 sunt
275 751 356 815 qui
376 751 690 815 prestiterunt
709 751 986 814 juramenta
1015 750 1257 798 fidelitatis
1286 765 1422 798 more
1446 751 1606 799 solito.
1633 751 1816 800 Deinde
1841 753 1926 800 SS.
1979 782 1983 784 —

143 835 201 883 D.
226 835 283 883 N.
307 833 526 883 rediitad
548 847 811 899 cameram.

788 1012 1284 1062 MCCCCLXXXVllI.

205 1164 344 1214 Feria
361 1164 520 1224 tertia,
547 1169 566 1212 1
593 1165 776 1213 mensis
795 1165 1025 1230 januarii,
1045 1168 1212 1214 Rmus.
1236 1169 1294 1214 D.
1316 1166 1573 1215 cardinalis
1590 1167 1929 1217 Ulixbonensis

138 1247 234 1297 sive
261 1248 622 1312 Portugalensis
650 1249 909 1298 celebravit
936 1250 1135 1298 missam
1158 1251 1429 1299 solemnem
1455 1251 1505 1298 in
1533 1251 1718 1315 capella
1745 1252 1928 1315 majore

137 1333 301 1398 palatii
333 1333 383 1382 in
418 1334 716 1398 paramentis
751 1333 894 1394 albis,
933 1334 1010 1381 cui
1041 1333 1254 1382 interfuit
1283 1336 1368 1382 SS.
1403 1337 1460 1383 D.
1493 1337 1552 1384 N.
1585 1338 1633 1383 et
1660 1335 1928 1383 cardinales

141 1433 278 1467 more
305 1418 467 1467 solito.
499 1420 787 1468 Sermonem
813 1417 929 1466 fecit
953 1420 1009 1466 R.
1045 1420 1097 1465 P.
1124 1420 1180 1466 D.
1213 1418 1342 1466 Titus
1372 1419 1630 1484 episcopus
1659 1419 1927 1468 Castrensis

136 1501 194 1549 in‘
205 1501 516 1567 patrimonio.

202 1584 432 1646 sabbam,
463 1590 491 1635 5
515 1586 744 1651 januarii,
772 1586 966 1635 fuerunt
998 1602 1198 1651 vespere
1226 1587 1424 1652 papales
1454 1588 1503 1636 in
1528 1587 1714 1653 capella
1740 1588 1926 1653 majore

135 1667 318 1732 palatii,
356 1671 485 1734 Papa
513 1670 633 1718 albis
666 1675 835 1735 parato
862 1675 1088 1736 presente
1123 1675 1169 1720 et
1206 1671 1548 1720 cardinalibus.
1582 1675 1712 1736 Papa
1747 1671 1927 1736 incepit

134 1769 361 1819 vesperas
383 1757 432 1803 et
451 1754 546 1803 alia
571 1770 708 1803 more
738 1755 879 1804 solito
908 1759 1017 1803 sunt
1041 1755 1309 1804 observata.
1335 1756 1616 1804 Intimatum
1648 1755 1737 1804 fuit
1768 1756 1927 1804 cardi-

137 1837 329 1887 nalibus
344 1838 474 1902 quod
495 1840 552 1888 D.
580 1838 778 1887 Carolus
805 1839 865 1887 de
894 1841 1080 1888 Cesena
1109 1855 1215 1888 cras
1250 1843 1379 1888 esset
1404 1840 1617 1888 facturus
1646 1854 1926 1888 sermonem

132 1920 263 1970 inter
284 1921 542 1971 missarum
571 1919 835 1983 ‘solemnia;
866 1936 962 1986 quo
983 1937 1082 1970 non
1111 1921 1350 1981 obstante,
1383 1924 1552 1970 RmuS.
1584 1923 1641 1968 D.
1670 1921 1926 1969 cardinalis

136 2019 176 2052 S.
199 2004 374 2069 Angeli
394 2010 644 2070 protector
664 2006 846 2055 ordinis
874 2021 1123 2056 servorum
1145 2006 1286 2054 beate
1304 2005 1471 2065 Marie‚
1497 2020 1722 2053 asserens
1743 2020 1927 2053 sermo-

134 2103 251 2136 nem
271 2087 366 2137 diei
388 2088 599 2138 crastine
621 2089 682 2137 ad
707 2089 987 2154 religiosum
1014 2090 1196 2138 ordinis
1220 2089 1425 2153 predicti
1450 2094 1691 2154 spectare,
1722 2089 1925 2137 obtinuit

132 2185 162 2219 a
179 2172 265 2220 SS.
291 2173 350 2220 D.
375 2173 432 2221 N.
451 2171 582 2235 quod
600 2172 736 2220 illum
757 2173 952 2237 quidam
973 2173 1123 2222 frater
1144 2190 1169 2222 e
1170 2174 1366 2238 jusdem
1387 2173 1569 2222 ordinis
1591 2173 1792 2221 faceret.

197 2240 467 2314 Dominica‚
509 2257 538 2301 6
579 2255 807 2319 januarii,
848 2255 1023 2304 festum
1069 2255 1355 2320 Epiphanie‚
1391 2260 1447 2306 R.
1491 2261 1544 2306 P.
1582 2260 1640 2306 D.
1674 2258 1923 2308 lohannes

131 2336 388 2402 episcopus
400 2337 689 2387 Albanensis
709 2339 964 2388 cardinalis
981 2339 1340 2404 Andegavensis
1363 2341 1623 2391 celebravit
1642 2342 1925 2392 solemniter

129 2417 179 2466 in
199 2417 399 2468 basilica
409 2419 638 2485 principis
659 2423 1010 2486 apostolorum,
1031 2426 1160 2488 Papa
1181 2429 1229 2472 et
1250 2424 1576 2474 cardinalibus
1594 2425 1919 2491 presentibus.

129 2502 417 2552 Sermonem
437 2503 552 2553 fecit
571 2505 701 2554 idem
733 2507 884 2555 frater
909 2507 1091 2556 ordinis
1127 2524 1373 2556 servorum
1405 2510 1545 2559 beate
1573 2510 1723 2559 Marie
1754 2515 1924 2559 contra

127 2585 480 2637 ordinationem
497 2590 717 2654 magistri
738 2592 902 2656 palatii
919 2593 999 2656 qui
1016 2609 1293 2642 sermonem
1312 2594 1592 2658 hujusmodi
1616 2595 1922 2660 disposuerat

127 2670 186 2716 D.
210 2671 380 2722 Carolo
401 2672 460 2721 de
481 2676 666 2724 Cesena
683 2675 935 2725 literarum
966 2677 1343 2742 apostolicarum
1374 2678 1694 2728 abbreviatori
1723 2685 1771 2728 et
1789 2679 1921 2728 solli-

127 2752 336 2803 citatori.
354 2756 460 2805 Alia
481 2758 645 2807 omnia
667 2760 917 2808 observata
935 2765 1044 2809 sunt
1067 2777 1205 2811 more
1227 2761 1387 2810 solit0.

195 2839 316 2886 Cum
334 2837 385 2886 in
406 2840 693 2890 consistorio
715 2848 905 2892 secreto
923 2843 1017 2892 diei
1040 2847 1100 2894 23
1122 2846 1304 2895 mensis
1320 2847 1546 2910 januarii,
1561 2864 1651 2912 per
1671 2850 1756 2897 SS.
1780 2851 1835 2896 D.
1859 2851 1915 2897 N.

53 2973 57 2978 ,
126 2935 303 2986 papam
335 2922 482 2972 verba
506 2924 802 2974 haberentur
820 2927 880 2975 de
902 2927 1110 2976 adventu
1131 2934 1180 2977 et
1200 2931 1477 2995 receptione
1509 2931 1634 2980 Rmi.
1670 2934 1727 2980 D.
1765 2931 1920 2980 cardi-

126 3005 250 3054 nalis
271 3005 331 3054 de
358 2999 510 3068 Fuxo.
528 2997 609 3072 qui
630 3025 659 3057 a
678 3009 830 3059 felicis
852 3011 1202 3060 recordationis
1224 3013 1356 3062 Sixto
1387 3017 1491 3073 1111,
1519 3031 1616 3063 una
1642 3031 1752 3063 cum
1776 3018 1913 3063 Rmo.

128 3091 185 3138 D.
201 3089 444 3140 cardinale
467 3092 797 3155 Ulixbonensi‚
823 3095 1160 3160 Tyrasonensi‚
1181 3096 1487 3147 Urbinatensi
1522 3103 1571 3148 et
1592 3099 1686 3147 alio
1707 3099 1917 3162 quodam

126 3179 315 3224 creatus
360 3179 435 3224 est
481 3177 736 3226 cardinalis
776 3182 823 3228 et
861 3183 971 3243 post
1009 3195 1147 3228 suam
1186 3181 1483 3231 creationem
1534 3183 1815 3247 hujusmodi
1855 3184 1916 3232 ad

128 3259 308 3308 Urbem
330 3275 576 3323 nunquam
597 3261 861 3324 advenerit,
886 3263 1013 3312 dicta
1031 3269 1142 3312 sunt
1159 3264 1368 3328 quedam
1389 3265 1440 3313 in
1470 3281 1632 3326 mane,
1658 3268 1917 3331 presertim

127 3343 258 3406 quod
285 3343 362 3392 die
392 3344 665 3393 consistorii
698 3347 879 3410 publici
919 3347 1211 3412 receptionis
1250 3364 1333 3398 sue
1368 3349 1522 3397 iturus
1552 3354 1700 3410 esset,
1738 3357 1786 3400 et
1819 3367 1917 3401 non

131 3430 291 3488 antea,
314 3443 343 3476 a
364 3428 556 3477 RRmis.
582 3429 805 3479 omnibus
822 3433 923 3480 DD.
943 3431 1284 3493 cardinalibus,
1308 3432 1357 3480 in
1379 3433 1591 3482 claustro
1608 3434 1748 3483 beate
1766 3435 1916 3483 Marie
