2262 3958
323 331 393 368 204
930 329 1162 366 JOHANNIS
1194 327 1488 375 BURCHARm,
1879 328 1975 371 [Juin
1995 330 2088 373 1486]

323 436 496 484 deinde
525 434 728 484 accessit
755 431 932 480 familia
961 431 1164 480 oratoris
1197 431 1258 479 ad
1291 431 1606 480 osculandum
1634 435 1782 497 pedes
1809 437 1954 498 Papa.
1987 436 2088 490 Quo

324 518 468 577 facto,
513 522 641 581 Papa
678 515 816 564 rediit·
854 516 915 563 ad
951 531 1194 564 cameram
1232 531 1386 574 suam,
1427 515 1519 562 alio
1553 521 1742 564 oratore
1780 517 1929 566 milita
1967 517 2090 566 laico

322 601 490 665 prefati
515 604 570 649 D.
594 599 734 648 alecti
754 599 884 647 socio
906 600 1105 648 caudam
1126 598 1340 662 pluvialis
1365 601 1491 662 Papa
1514 598 1780 648 deferente.
2126 584 2131 588 s

389 684 567 731 Eadem
589 683 664 731 die
686 683 896 747 prefatus
924 686 980 731 D.
1011 683 1257 730 Johannes
1282 682 1464 730 electus
1496 682 1846 731 Premisliansis
1867 683 1981 732 fecit
1997 683 2087 732 sibi

325 766 427 814 fieri
451 781 680 815 coronam
703 771 748 815 et
770 766 954 831 accepit
973 766 1189 814 habitum
1211 766 1396 830 prelati.

390 850 526 899 Faria
547 854 730 913 quarta,
754 850 919 898 ultima
940 850 1119 899 mensis
1140 850 1268 910 maii,
1295 849 1590 898 intraverunt
1610 853 1707 898 tres
1729 853 1943 897 oratores
1964 849 2089 912 ragis
2136 863 2148 874 ’

324 933 522 983 Francia
544 937 591 980 at
612 933 744 981 ducis
764 933 1069 996 Lotharingia
1091 949 1178 997 pro
1199 934 1343 980 rebus
1363 932 1729 996 particularibus
1754 932 1815 980 ad
1836 933 1920 980 SS.
1945 934 2002 980 D.
2027 934 2083 981 N.

323 1034 496 1082 papam
546 1017 697 1078 missi,
747 1018 824 1081 qui
864 1034 891 1066 a
927 1017 1210 1080 quibusdam
1255 1016 1446 1065 familiis
1490 1021 1734 1064 certorum
1776 1014 2088 1064 cardinalium

323 1100 588 1150 amicorum
605 1116 802 1148 suorum
823 1099 1006 1164 recepti
1032 1100 1219 1147 fuerunt
1239 1103 1286 1147 et
1306 1099 1366 1147 ad
1387 1099 1556 1146 domos
1574 1098 1816 1146 associati.

389 1185 490 1230 Hoc
512 1197 679 1230 mensa
710 1182 840 1241 maii,
871 1186 1011 1245 prout
1042 1187 1212 1246 postea
1246 1183 1305 1230 ad
1335 1183 1513 1231 Urbem
1546 1197 1605 1230 ex
1634 1181 1848 1245 partibus
1879 1180 2087 1228 delatum

322 1265 425 1325 fuit,
451 1268 614 1313 Rmus.
640 1265 687 1312 in
704 1265 890 1313 Christo
906 1268 959 1312 P.
979 1270 1025 1314 et
1040 1268 1097 1313 D.
1120 1267 1176 1312 D.
1196 1265 1402 1313 Thomas
1419 1266 1540 1314 tituli
1563 1282 1601 1313 S.
1622 1265 1789 1313 Ciriaci
1803 1265 1852 1312 in
1866 1263 2086 1312 Thermis

323 1348 574 1412 presbyter
595 1347 848 1395 cardinalis
870 1348 1225 1398 Cantuariansis
1245 1349 1503 1412 vulgariter
1521 1352 1841 1411 nuncupatus,
1866 1347 1915 1394 in
1937 1361 2086 1410 ragno

322 1430 492 1493 Anglia
512 1430 606 1478 vita
625 1430 816 1478 functus
835 1434 925 1490 ast,
951 1432 1088 1495 cujus
1110 1432 1270 1480 anima
1287 1431 1557 1494 requiescat
1586 1431 1633 1478 in
1653 1446 1771 1494 paca
1794 1430 1876 1493 (1).

388 1513 524 1562 Faria
546 1514 773 1572 secunda,
800 1518 826 1562 5
849 1514 1028 1562 mensis
1044 1514 1185 1578 junii,
1214 1517 1268 1561 R.
1293 1513 1342 1560 in
1364 1513 1552 1562 Christo
1575 1516 1626 1561 P.
1653 1516 1700 1561 et
1721 1515 1822 1561 DD.
1843 1512 2086 1560 Iohannes

322 1595 442 1644 tituli
483 1612 522 1643 s.
565 1596 777 1644 Marcelli
810 1598 1064 1662 presbyter
1101 1596 1354 1645 cardinalis
1404 1599 1619 1646 Venetus
1662 1594 1917 1659 vulgariter
1961 1611 2086 1644 nun-

321 1683 540 1742 cupatus,
574 1679 689 1727 alias
723 1696 761 1727 s.
803 1680 991 1743 Angeli,
1018 1680 1067 1727 in
1098 1684 1285 1729 secreto
1309 1679 1612 1736 consistorio,
1634 1679 1822 1742 lagatus
1847 1679 1906 1726 da
1935 1679 2084 1728 latera

321 1761 407 1810 fuit
426 1762 695 1825 publicatus
717 1779 862 1826 super
882 1767 1049 1826 gentes
1071 1779 1313 1811 armorum
1341 1779 1377 1811 s.
1404 1778 1601 1810 romane
1624 1761 1853 1821 Ecclesia,
1884 1765 1930 1809 et
1950 1761 2086 1810 finito

321 1844 607 1893 consistorio
635 1845 694 1893 ab
719 1846 941 1893 omnibus
966 1846 1156 1894 RRmis.
1191 1848 1290 1894 DD.
1322 1845 1642 1893 cardinalibus
1669 1845 1728 1892 ad
1754 1844 1980 1907 palatium
2002 1860 2084 1893 sua

323 1926 459 1976 solite
481 1926 788 1976 habitationis
809 1929 999 1992 publice
1021 1929 1286 1977 associatus
1308 1944 1443 1976 more
1463 1929 1618 1976 solito.

388 2010 616 2070 Sabbata,
651 2014 710 2059 24
741 2012 882 2076 junii,
917 2012 1093 2061 festum
1134 2029 1172 2060 s.
1210 2011 1442 2060 Johannis
1471 2012 1702 2075 Baptista,
1737 2013 1821 2060 SS.
1857 2013 1914 2059 D.
1951 2013 2007 2059 N.
2038 2010 2086 2058 in

321 2100 485 2146 manto
507 2100 554 2143 et
581 2093 812 2158 capucino
845 2093 1061 2154 rosaciis,
1095 2094 1386 2157 precedente
1417 2108 1579 2152 cruce,
1610 2092 1738 2139 venit
1770 2092 1830 2140 ad.
1856 2091 2086 2155 capellam

366 2218 398 2254 ¹.
429 2214 587 2250 Thomas
616 2212 827 2254 Rom-chier,
851 2210 1001 2259 Anglais
1025 2211 1069 2247 de
1091 2211 1228 2256 nation,
1250 2210 1337 2247 etait
1363 2210 1395 2246 16
1415 2210 1506 2246 frere
1528 2208 1703 2257 d'Henry,
1726 2212 1840 2245 comte
1858 2208 2023 2255 (1Ἐ55611,
2038 2221 2088 2246 un

317 2275 381 2311 des
401 2273 533 2310 favoris
553 2264 760 2309 d’Edouard
773 2271 834 2317 IV,
851 2271 904 2307 roi
923 2271 1186 2318 d‘Angleterre.
1210 2270 1237 2306 Il
1257 2270 1299 2307 fit
1315 2281 1374 2306 565
1395 2269 1522 2306 etudes
1542 2271 1563 2305 a
1582 2267 1804 2305 l’universite
1818 2268 1991 2306 d'Oxford
1999 2269 2090 2306 dont

317 2333 340 2369 il
360 2333 414 2370 fut
434 2333 465 2369 16
485 2332 688 2369 chancelier
702 2331 835 2367 durant
847 2329 934 2366 trois
956 2333 1104 2367 annaes.
1122 2331 1236 2378 Apras
1255 2329 1353 2366 avoir
1374 2331 1431 2365 616
1451 2327 1606 2376 quelque
1626 2332 1743 2376 temps
1764 2327 1883 2376 doyen
1902 2328 1946 2365 de
1966 2327 2087 2365 Saint-

317 2391 450 2429 Martin
472 2392 516 2428 (16
535 2391 712 2434 Londres,
734 2389 758 2425 il
779 2389 833 2426 fut
852 2400 979 2437 promu
1006 2392 1027 2426 a
1060 2389 1217 2426 l'avacha
1238 2389 1281 2424 de
1303 2388 1526 2433 Worcester,
1548 2385 1688 2423 ensuite
1718 2389 1739 2423 a
1756 2386 1845 2423 celui
1867 2386 1982 2434 d'Ely,
2004 2386 2086 2436 puis

317 2462 362 2487 en
384 2450 487 2493 1454,
510 2453 531 2486 a
548 2449 793 2485 l'archeveche
813 2448 857 2484 (16
877 2447 1115 2496 Cantorbary.

362 2509 415 2546 En
432 2509 533 2554 1464,
553 2509 644 2545 Paul
660 2509 691 2543 II
711 2508 743 2544 le
763 2518 907 2544 nomina
926 2507 1099 2543 cardinal.

362 2569 416 2605 En
438 2580 478 2605 sa
501 2567 634 2610 qualite
652 2567 696 2603 (16
717 2567 848 2616 primat
867 2566 1129 2613 d'AngIeterre,
1151 2566 1175 2602 il
1195 2577 1380 2602 couronna
1403 2565 1455 2601 les
1475 2564 1547 2601 rois
1566 2556 1736 2600 Edouard
1755 2563 1816 2608 IV,
1838 2562 1999 2600 Richard
2018 2563 2082 2608 III,

314 2633 349 2665 et
370 2628 491 2676 Henry
510 2627 590 2672 VII,
613 2631 647 2663 et
667 2626 806 2662 celebra
832 2625 865 2661 16
885 2625 1045 2673 mariage
1065 2617 1271 2661 d'Edouard
1293 2625 1342 2662 IV
1371 2635 1458 2661 avec
1483 2617 1668 2660 Elisabeth
1697 2621 1917 2667 Woodville,
1938 2626 1974 2659 et
1993 2621 2085 2658 celui

314 2687 474 2735 d’Henry
494 2687 558 2724 Vll
578 2697 669 2722 avec
693 2686 728 2722 la
753 2684 823 2721 fille
844 2676 1047 2721 d‘Edouard
1068 2684 1130 2730 lv,
1151 2676 1351 2727 Elisabeth,
1373 2683 1481 2731 qu'on
1503 2682 1598 2719 avait
1618 2682 1787 2730 promise,
1816 2682 1909 2718 dans
1929 2692 1996 2719 son
2017 2693 2082 2719 en-

314 2747 430 2792 sance,
452 2758 497 2783 au
517 2744 677 2793 dauphin
698 2744 742 2780 de
760 2745 911 2789 France,
932 2744 965 2780 16
984 2743 1083 2780 futur
1110 2743 1257 2780 Charles
1280 2743 1377 2781 V111.
1401 2742 1550 2780 Calabro
1567 2753 1633 2790 par
1658 2753 1699 2778 sa
1717 2741 1858 2778 56161166
1878 2744 1914 2778 et
1932 2752 1997 2790 par
2022 2752 2083 2779 sas

314 2810 451 2851 vertus,
474 2805 631 2842 Thomas
659 2803 857 2840 Bourchier
884 2802 980 2840 avait
1009 2805 1195 2850 convoqua
1225 2802 1405 2850 plusieurs
1437 2801 1592 2839 conciles
1612 2800 1848 2849 provinciaux
1866 2803 1887 2837 a
1906 2799 2080 2845 Londres,

314 2866 489 2902 touchant
509 2864 543 2900 la
561 2863 710 2900 reforma
728 2863 794 2899 des
814 2874 948 2899 moeurs
963 2862 1012 2898 du
1032 2862 1151 2909 clerga
1166 2866 1201 2898 et
1215 2862 1245 2898 le
1267 2861 1464 2909 reglement
1483 2861 1528 2897 de
1550 2861 1584 2897 la
1602 2859 1716 2908 police
1736 2859 2027 2907 ecclesiastique.

362 2925 389 2961 Il
410 2928 556 2961 mourut
574 2923 606 2960 le
619 2924 666 2961 30
690 2934 786 2959 mars
807 2925 828 2958 a
848 2921 1085 2970 Cantorbary,
1105 2925 1140 2958 et
1163 2921 1218 2958 fut
1236 2923 1375 2958 enterra
1394 2921 1486 2957 dans
1506 2919 1645 2968 l'eglise
1665 2917 1883 2960 cathedrale,
1901 2920 1946 2955 οὐ
1967 2929 2014 2954 on
2029 2917 2080 2954 lui

315 2985 415 3022 eleva
433 2996 478 3021 au
499 2986 578 3021 6016
598 2982 855 3032 septentrional
876 2981 926 3018 du
957 2981 1075 3029 grand
1103 2981 1198 3018 autel
1217 2992 1279 3017 .un
1304 2980 1471 3019 tombeau
1493 2979 1536 3016 de
1561 2978 1701 3016 marbre
1717 2981 1865 3027 portant
1883 2981 1974 3015 cette
2002 2975 2079 3025 epi-

313 3045 437 3092 taphe.
1755 3070 1760 3075 .

535 3108 626 3146 HIC.
655 3107 806 3144 IACET.
835 3105 1300 3143 REVERENDISSIMVS.
1329 3104 1501 3141 PATER.
1528 3103 1601 3140 ET.
1629 3101 1857 3139 DOMINVS.

538 3176 581 3211 D.
610 3173 820 3211 THOMAS.
847 3171 1138 3209 BOVRCHIER.
1166 3170 1412 3215 QVONDAM.
1441 3168 1610 3207 SAGRO.
1640 3167 1851 3205 SANCTAE.

613 3239 843 3277 ROMANAE.
872 3237 1126 3275 ECCLESIAE.
1155 3236 1194 3273 S.
1224 3234 1431 3272 CYRIACI.
1458 3234 1520 3270 IN.
1549 3233 1776 3271 THERMIS.

527 3304 828 3342 CARDINALIS.
856 3304 927 3340 ET.
956 3298 1381 3339 ARCHIEPISCOPVS.
1410 3297 1569 3334 HVIVS.
1597 3296 1854 3333 ECCLESIAE.

633 3370 726 3415 QVI.
755 3369 897 3405 OBIIT.
924 3368 1040 3404 XXX.
1069 3366 1160 3403 DIE.
1187 3364 1372 3402 MARTII.
1399 3361 1756 3400 MCCCCLXXXVI.

746 3434 900 3472 CVIVS.
930 3433 1110 3470 ANIMAE.
1137 3428 1475 3468 PROPITIETVR.
1503 3427 1638 3465 DEVS.
