2262 3958
344 313 411 347 14ss
948 306 1179 342 JOHANNIS
1213 305 1507 352 BURCHARDI,
1908 309 1994 349 [Mai
2017 311 2108 350 1485]

338 415 470 462 nales
491 414 539 461 in
561 413 721 476 cappis
750 412 846 458 suis
872 411 1193 458 ascenderunt
1221 410 1281 457 ad
1315 412 1398 458 SS.
1427 413 1480 457 D.
1509 415 1729 458 nostrum
1752 412 1799 459 in
1820 411 1948 475 logia
1969 428 2110 475 supra

336 502 523 561 portam
552 496 711 559 palatii
743 495 1046 553 existentem,
1078 494 1157 556 qui
1193 498 1385 557 paratus
1417 509 1551 541 more
1585 494 1742 555 solito,
1778 511 1865 558 per
1891 495 2106 543 ultimam

336 581 597 628 fenestram
632 594 796 626 versus
829 577 988 625 locum
1022 577 1213 641 publice
1245 576 1593 625 benedictionis
1623 577 1797 641 populo
1825 578 2104 627 solemniter

337 663 605 711 benedixit.

402 747 609 793 Sabbato
645 748 699 792 21
740 745 918 793 mensis
946 745 1057 793 maii
1082 745 1131 792 in
1164 759 1305 792 mane
1336 744 1463 791 circa
1497 743 1668 790 horam
1695 757 1763 789 ΧΗ
1799 757 1885 806 per
1914 745 2102 806 portam

333 829 557 880 Viridarii
584 829 874 877 intraverunt
909 828 1086 875 Urbem
1121 830 1177 874 R.
1215 830 1265 874 P.
1300 829 1356 874 D.
1389 829 1461 873 Jo.
1495 825 1747 888 episcopus
1778 823 2108 873 Wormacien-

337 912 399 960 sis
437 917 484 960 et
520 911 804 975 magnificus
844 914 901 958 D.
945 911 1215 958 Bernardus
1256 924 1419 957 comes
1459 909 1516 957 de
1554 907 1803 956 Erbestein
1844 907 2102 967 PalatinuS,

335 995 457 1043 sacri
480 994 667 1042 romani
701 993 886 1057 imperii
919 992 1141 1041 electoris
1163 995 1396 1050 oratores,
1421 991 1501 1054 qui
1522 1007 1548 1038 a
1568 990 1759 1038 familiis
1783 991 1866 1038 SS.
1893 992 1950 1037 D.
1975 991 2032 1038 N.
2057 994 2106 1038 et

333 1078 643 1125 cardinalium
685 1078 863 1142 recepti
893 1082 1001 1125 sunt
1021 1060 1075 1125 vet
1096 1093 1245 1140 usque
1277 1076 1337 1124 ad
1358 1076 1554 1124 domum
1575 1075 1952 1123 Alemannorum
1973 1075 2102 1121 retro

331 1177 555 1225 campum
578 1162 715 1210 Flore
740 1161 788 1209 in
811 1177 903 1224 quo
924 1160 1155 1225 hospitari
1174 1160 1442 1219 voluerunt,
1468 1175 1601 1208 more
1623 1159 1761 1207 solito
1790 1157 2034 1206 associati.

397 1246 576 1293 Eadem
600 1246 694 1305 die,
710 1246 868 1309 vigilia
880 1249 1210 1303 pentecostes,
1231 1245 1422 1292 fuerunt
1435 1259 1632 1307 vespere
1647 1243 1842 1307 papales
1854 1242 1901 1290 in
1917 1242 2102 1306 capella

330 1328 491 1392 palatii
528 1329 804 1392 supradicti,
839 1332 965 1391 Papa
991 1329 1207 1386 absente,
1233 1327 1551 1375 cardinalibus
1581 1325 1902 1390 presentibus.
1931 1328 2098 1373 Rmus.

331 1413 386 1458 D.
413 1412 667 1460 cardinalis
690 1429 727 1459 s.
757 1412 923 1470 Marci,
957 1412 1210 1475 episcopus
1243 1410 1555 1458 Penestrinus
1582 1409 1697 1458 fecit
1724 1408 1934 1456 officium
1956 1407 2035 1471 qui
2057 1411 2104 1456 et

333 1494 408 1542 die
428 1495 661 1557 sequenti,
687 1496 808 1543 festo
826 1495 1043 1542 videlicet
1069 1497 1396 1552 Pentecostes,
1422 1493 1470 1540 in
1491 1492 1688 1540 basilica
1713 1491 1939 1556 principis
1960 1506 2104 1555 apos-

333 1577 541 1625 tolorum
578 1578 832 1626 celebravit
854 1578 1048 1625 missam
1071 1577 1354 1634 solemnem,
1387 1578 1513 1638 Papa
1543 1575 1687 1623 etiam
1715 1574 1934 1634 absente,
1957 1574 2105 1623 cardi·
2139 1591 2141 1593 ’

335 1661 522 1708 nalibus
562 1661 878 1724 presentibus.
924 1662 1206 1708 Sermonem
1246 1659 1359 1707 fecit
1399 1660 1454 1706 D.
1498 1659 1779 1707 Franciscus
1823 1658 1884 1707 de
1922 1659 2098 1721 Burgo,

341 1744 616 1806 capellanus
641 1744 747 1791 Rmi
775 1747 830 1791 D.
862 1743 1116 1791 cardinalis
1141 1743 1198 1790 de
1231 1741 1447 1790 Sabellis.
1485 1741 1638 1789 Finita
1663 1742 1827 1800 missa,
1852 1741 2102 1789 celebrans

335 1827 593 1889 publicavit
618 1827 936 1890 indulgentias
964 1825 1201 1890 plenarias
1227 1841 1313 1888 per
1342 1826 1424 1872 SS.
1448 1827 1504 1871 D.
1539 1828 1758 1872 nostrum
1776 1823 1955 1888 populo
1985 1837 2101 1871 con-

336 1926 512 1958 cessas.
974 1954 980 1958 ,
2104 1903 2107 1905 “

400 1994 512 2042 Heri
532 2009 638 2042 sero
657 1992 704 2041 in
716 1993 927 2058 vesperis
940 1993 998 2041 ad
1016 1992 1223 2056 primum
1237 2007 1425 2040 versum
1446 1990 1631 2055 hymni,
1650 1995 1697 2039 et
1711 1989 1856 2039 hodie
1868 1989 1917 2038 in
1931 1989 2095 2050 missa,

331 2091 418 2140 per
446 2082 598 2125 totum
630 2093 817 2125 versum
843 2077 1044 2124 Alleluia
1072 2092 1192 2140 quos
1223 2079 1443 2124 cantores
1473 2075 1754 2138 inceperunt
1781 2078 1829 2122 et
1853 2073 2097 2138 prosecuti

257 2180 265 2190 ·
333 2164 456 2220 sunt,
488 2160 735 2209 celebrans
762 2161 809 2207 in
838 2160 1119 2219 faldistorio,
1151 2159 1306 2223 eapite
1328 2159 1618 2222 discoperto,
1650 2157 1916 2206 cardinales
1943 2161 1991 2205 et
2019 2155 2099 2204 alii

331 2243 380 2290 in
401 2243 520 2291 locis
544 2244 641 2291 suis
663 2244 1045 2307 genuflecterunt
1067 2259 1201 2292 more
1225 2243 1382 2291 solito.

398 2326 536 2374 Feria
557 2331 707 2385 sexta,
734 2329 790 2373 27
809 2326 921 2374 dicti
942 2326 1120 2375 mensis
1138 2326 1250 2373 maii
1269 2330 1378 2390 post
1398 2324 1652 2389 prandium
1670 2326 1729 2373 ab
1751 2328 1884 2372 extra
1899 2325 2096 2387 pontem

332 2409 542 2457 Milvium
559 2425 647 2472 per
666 2414 804 2471 prata
825 2413 872 2457 et
890 2414 1078 2472 portam
1102 2409 1325 2458 Viridarii
1350 2409 1644 2456 intraverunt
1668 2424 1734 2455 ΧΠ
1755 2407 1864 2455 novi
1882 2410 2098 2455 oratores

330 2493 643 2551 Venetorum,
691 2492 1119 2540 Mediolanensium
1175 2496 1220 2539 et
1272 2490 1651 2539 Ferrariensium
1679 2491 1870 2548 ducum,
1895 2492 2100 2551 quatuor

332 2575 587 2639 cujuslibet
623 2575 755 2622 ducis
796 2575 1095 2634 eorumdem,
1137 2578 1183 2622 et
1222 2589 1332 2621 cum
1371 2573 1486 2637 ipsis
1522 2589 1643 2622 unus
1680 2573 1902 2636 antiquus
1941 2576 2102 2620 orator

331 2658 466 2706 ducis
488 2658 743 2706 Mediolani
769 2662 817 2706 et
839 2658 956 2706 alius
975 2659 1197 2720 antiquus
1225 2658 1357 2706 ducis
1383 2657 1719 2716 Ferrariensis,
1743 2656 1823 2720 qui
1844 2655 1986 2703 ambo
2014 2669 2100 2703 suo

331 2741 498 2789 ordine
531 2757 641 2789 cum
665 2740 797 2788 novis
825 2740 1096 2802 equitarunt
1128 2741 1298 2804 quibus
1326 2741 1512 2788 obviam
1539 2744 1775 2812 *generunt
1806 2738 1982 2788 familie
2011 2739 2095 2786 SS.
2145 2761 2148 2764 ⁴

332 2826 389 2871 D.
423 2824 574 2872 nostri
608 2828 654 2872 et
684 2823 996 2871 cardinalium
1029 2823 1228 2882 familie;
1257 2828 1304 2872 et
1332 2823 1585 2872 cardinalis
1621 2841 1659 2871 s.
1694 2823 1842 2876 Marci
1875 2821 2100 2886 equitavit

331 2922 418 2971 per
453 2906 636 2954 miliare
671 2922 818 2953 unum
855 2906 929 2953 vel
963 2906 1093 2954 circa
1125 2906 1248 2953 ultra
1282 2909 1478 2970 pontem
1514 2907 1800 2969 predictum,
1838 2910 1886 2953 et
1921 2903 2101 2952 familia

334 2990 586 3038 cardinalis
609 2989 880 3037 Parmensis
902 3005 1050 3051 usque
1074 2989 1131 3036 ad
1153 2990 1377 3037 eumdem
1397 2993 1595 3053 pontem
1620 3008 1628 3037 :
1652 2990 1740 3037 alie
1762 2987 1939 3036 familie
1961 3002 2101 3050 expe-

336 3077 523 3121 ctarunt
566 3073 616 3120 in
658 3073 822 3136 pratis.
880 3073 1094 3120 Primum
1136 3073 1296 3120 locum
1345 3073 1614 3120 habuerunt
1646 3077 1860 3119 oratores
1903 3069 2095 3128 Veneti,

332 3157 543 3204 medium
564 3156 782 3204 videlicet
809 3172 836 3203 a
862 3156 1038 3203 dextris
1071 3155 1305 3204 habentes
1334 3159 1575 3203 oratorem
1599 3152 1970 3202 Mediolanensis
1991 3155 2040 3200 et
2072 3167 2100 3199 a

334 3240 533 3287 sinistris
564 3239 881 3288 Ferrariensis
915 3240 1106 3287 ducum.
1151 3241 1269 3287 Cum
1312 3238 1641 3303 reciperentur
1680 3254 1707 3285 a
1742 3236 1922 3285 familia
1958 3231 2099 3298 primi
2140 3256 2141 3259 ¹

330 3323 583 3370 cardinalis
625 3322 693 3370 eis
731 3322 916 3370 obviam
955 3323 1191 3381 veniente,
1244 3321 1489 3385 respondit
1524 3337 1610 3384 pro
1660 3301 1889 3367 omnibus
1918 3315 2098 3380 primus

329 3409 488 3451 orator
508 3408 828 3465 Venetorum3
854 3421 963 3453 cum
986 3422 1014 3454 a
1034 3405 1213 3453 familia
1235 3404 1432 3452 secundi
1448 3401 1718 3463 cardinalis,
1736 3402 1918 3466 primus
1939 3401 2100 3446 orator
