2262 3958
138 287 293 332 [FevrIor
314 286 404 330 1485]
580 283 750 322 RERUM
783 283 1087 324 URBANARUM
1118 282 1472 322 COMMENTARII.
1855 285 1921 322 137

133 391 330 442 Joannis
360 391 806 456 Hierosolymitani,
828 406 1035 456 quorum
1055 391 1238 455 primus
1260 391 1362 437 erat
1384 386 1771 451 turcopellerius,
1798 387 1919 436 alter

132 476 448 526 cancellarius
476 476 644 540 prefati
666 476 914 540 magistri3
948 475 1118 539 quibus
1146 473 1334 523 obviam
1355 475 1589 521 venerunt
1613 470 1792 520 familie
1828 474 1912 521 SS.

131 563 190 610 D.
214 563 272 610 N.
297 563 345 609 et
367 563 656 609 RRmorum.
682 559 996 609 cardinalium
1017 557 1393 622 quamplurium,
1424 572 1521 606 non
1544 560 1704 605 tamen
1727 556 1766 604 si
1788 559 1917 605 recte

130 644 331 695 memini
348 644 584 703 omnium,
623 648 672 693 et
691 659 774 692 eos
796 657 930 691 more
954 640 1094 689 solito
1116 656 1271 704 usque
1293 640 1353 688 ad
1374 639 1574 688 domum
1602 655 1771 689 eorum
1785 639 1920 688 habi-

55 759 62 765 «
133 727 326 779 tationis
343 727 671 787 associarunt3
696 725 826 791 quod
847 728 1008 773 tamen
1028 728 1193 788 preter
1212 723 1429 772 debitum
1451 728 1498 772 et
1519 724 1697 772 bonam
1718 740 1921 773 consue-

133 812 350 862 tudinem
366 812 543 862 factum
566 815 655 870 est,
681 814 727 859 et
748 824 827 858 me
848 808 1017 857 inscio,
1039 809 1159 856 Nam
1193 809 1279 856 SS.
1305 810 1360 856 D.
1384 809 1437 855 N.
1465 812 1512 856 et
1534 808 1801 857 cardinales
1822 824 1919 858 non

132 897 484 946 consueverunt
514 892 808 958 generaliter
832 891 1026 956 prelatis
1067 890 1411 940 ecclesiasticis
1448 896 1496 940 et
1528 891 1830 955 regularibus
1859 892 1918 939 ad

132 993 383 1029 romanam
413 975 597 1028 curiam
631 973 932 1023 venientibus
962 973 1168 1022 familias
1200 989 1311 1022 suas
1345 972 1533 1022 obviam
1568 972 1776 1032 mittere,
1806 988 1918 1021 cum

130 1063 224 1112 sint
242 1060 364 1112 meri
386 1074 586 1109 romane
615 1058 830 1108 Ecclesia
871 1056 1047 1106 subditi
1089 1061 1136 1106 et
1164 1057 1388 1122 subjecti,
1426 1057 1639 1121 exceptis
1670 1056 1918 1105 dumtaxat

127 1137 431 1211 MoguntinO,
476 1143 769 1205 Coloniensi,
809 1141 1079 1194 Trevirensi
1119 1141 1517 1208 archiepiscopiS,
1564 1141 1688 1191 sacri
1728 1140 1913 1190 romani

125 1229 316 1296 imperii
335 1228 645 1279 electoribus,

185 1313 326 1364 Feria
344 1317 530 1379 quarta,
556 1315 616 1362 26
644 1312 757 1363 dicti
786 1312 968 1363 mensis
998 1311 1225 1377 januarii,
1258 1310 1431 1376 prefati
1461 1311 1555 1359 duo
1590 1316 1807 1360 oratores
1831 1310 1917 1373 adf-

127 1399 263 1449 missi
280 1398 478 1449 fuerunt
492 1398 554 1448 ad
574 1401 816 1448 secretum
837 1395 1180 1446 consistorium
1201 1394 1251 1443 in
1272 1411 1385 1459 quc,
1410 1393 1699 1444 cancellario
1723 1398 1911 1454 orante,

126 1483 441 1549 prestiterunt
461 1480 787 1532 obedientiam
810 1483 894 1530 SS.
922 1483 978 1529 D.
1004 1482 1061 1529 N.
1086 1483 1137 1529 ut
1157 1483 1328 1544 postea
1356 1479 1588 1539 intellexi,
1623 1479 1734 1543 quia
1754 1478 1913 1535 nullus

126 1556 403 1617 nostrorum
429 1567 504 1616 vel
527 1566 668 1626 aliuS‚
697 1568 859 1630 preter
892 1563 1160 1612 cardinales
1182 1567 1229 1612 et
1250 1567 1469 1611 oratores
1501 1563 1624 1611 duos
1648 1563 1912 1627 predictos,

125 1655 177 1700 ut
190 1650 373 1700 dictum
393 1650 498 1710 fuit,
523 1649 756 1699 interfuit.
783 1651 914 1707 Quos
936 1647 1132 1712 quidem
1154 1652 1371 1696 oratores
1393 1647 1452 1696 ad
1471 1647 1703 1712 palatium
1722 1647 1916 1706 venien-

127 1739 199 1785 tes
229 1737 278 1784 et
297 1734 409 1783 inde
438 1735 500 1783 ad
529 1735 729 1782 domum
763 1749 901 1782 suam
938 1732 1196 1781 redeuntes
1227 1731 1526 1780 associarunt
1547 1735 1595 1780 et
1616 1731 1915 1781 honorarunt

125 1822 342 1868 oratores
361 1818 490 1883 regis
510 1817 814 1883 Neapolitani
832 1821 879 1866 et
899 1817 1035 1866 ducis
1058 1816 1294 1876 Ferraria,
1319 1832 1376 1864 ac
1397 1816 1709 1881 quamplures
1731 1815 1913 1867 ordinis

122 1904 296 1972 prefati
317 1904 496 1954 milites
518 1903 600 1970 (1).

189 1990 278 2040 Die
311 1988 573 2050 dominica,
599 1990 662 2038 30
683 1987 797 2037 dicti
824 1987 1006 2036 mensis
1030 1987 1238 2052 januarii
1270 1991 1506 2036 venerunt
1536 1987 1597 2036 ad
1618 1987 1799 2036 Urbem
1826 2002 1914 2052 per

59 2077 63 2082 “
122 2080 312 2140 portam
331 2073 544 2123 viridarii
567 2077 753 2138 septem
775 2076 991 2121 oratores
1015 2071 1084 2120 lll.
1107 2071 1244 2120 ducis
1267 2071 1506 2120 Sabaudie
1527 2088 1614 2136 pro
1637 2071 1913 2121 obedientia

123 2159 209 2207 SS.
241 2159 299 2206 D.
335 2159 390 2206 N.
427 2156 705 2222 prestanda.
738 2158 922 2204 Horum
943 2156 1128 2220 primus
1150 2159 1253 2204 erat
1274 2158 1330 2204 R.
1357 2155 1406 2203 in
1436 2155 1625 2204 Christo
1657 2156 1914 2221 presbyter

123 2243 182 2293 D.
205 2240 461 2306 episcopus
495 2240 795 2301 Bellicensis,
829 2239 1070 2289 secundus
1104 2240 1242 2288 miles
1280 2238 1462 2288 ordinis
1497 2239 1651 2288 sancti
1677 2239 1910 2289 Johannis

81 2323 83 2325 ’
122 2324 548 2391 Hierosolymitani
586 2343 595 2373 ε
627 2324 707 2373 alii
745 2324 940 2384 horum,
985 2324 1182 2388 quidam
1231 2327 1491 2389 preceptor
1535 2323 1718 2372 ordinis
1760 2324 1911 2373 sancti

119 2408 334 2469 Antonii,
362 2409 457 2458 duo
486 2407 806 2474 protonotarii
843 2407 946 2456 sine
983 2408 1153 2457 habitu
1184 2411 1366 2468 tamen,
1391 2408 1470 2457 alii
1492 2408 1737 2473 simplices
1760 2408 1913 2458 eccle·

121 2493 325 2554 siastici;
351 2496 398 2542 et
418 2492 608 2558 pridem
641 2492 833 2542 intravit
860 2496 1054 2542 octavus
1088 2492 1310 2558 privatim
1347 2493 1450 2542 sine
1483 2508 1662 2558 pompa
1683 2493 1906 2542 solemni.

64 2612 72 2619 -
120 2577 177 2628 Hi
201 2580 388 2642 septem
408 2576 593 2642 recepti
613 2576 808 2626 fuerunt
833 2593 862 2626 a
881 2577 1075 2626 familiis
1097 2578 1182 2627 SS.
1210 2580 1265 2626 D.
1288 2579 1344 2626 N.
1370 2581 1418 2627 ct
1437 2577 1755 2626 cardinalium
1777 2582 1912 2627 extra

118 2665 309 2726 portam
323 2665 372 2711 et
387 2677 537 2726 usque
561 2661 621 2710 ad
635 2661 836 2711 domum
850 2661 1163 2711 habitationis
1181 2661 1354 2727 prefati
1371 2661 1586 2727 episcopi
1607 2662 1907 2721 Bellicensis,

118 2745 263 2811 primi
289 2745 416 2795 inter
444 2761 547 2805 eOS,
583 2746 855 2796 honorifice
897 2746 1038 2796 solito
1074 2762 1209 2796 more
1245 2762 1416 2796 omnes
1449 2745 1691 2796 associati.
1731 2749 1784 2795 In
1817 2761 1911 2811 qua

167 2895 202 2932 1.
232 2909 251 2929 «
273 2893 352 2932 Hic.
381 2893 427 2931 D.
448 2894 635 2931 Johannes
661 2893 818 2942 scriptor
848 2905 923 2931 non
948 2893 1042 2931 bene
1068 2894 1246 2932 intellexit
1273 2894 1427 2943 qualiter
1453 2893 1519 2931 fuit
1546 2893 1692 2932 factum.
1717 2893 1808 2930 Nam
1839 2904 1910 2941 ego

117 2955 222 2992 Paris
242 2958 331 2992 tunc
352 2953 498 2991 interfui
520 2959 556 2991 et
578 2953 650 2990 vidi
679 2964 751 2990 non
778 2953 893 2989 fulsse
914 2952 1047 2990 factum
1068 2954 1104 2990 in
1125 2953 1246 3003 aliquo
1265 2954 1496 2996 consistorio,
1519 2954 1584 2991 sed
1604 2955 1693 2990 hora
1713 2965 1776 2999 xx,
1799 2953 1902 3001 Papa

117 3014 153 3051 in
184 3014 271 3052 sede
304 3024 372 3051 sua.
394 3012 635 3051 consistoriali
662 3025 744 3050 cum
774 3013 868 3050 stola
896 3017 1030 3058 stante,
1058 3014 1290 3061 presentibus
1315 3013 1562 3051 cardinalibus
1593 3014 1630 3050 in
1662 3013 1842 3050 mantellis
1869 3016 1905 3050 et

119 3073 199 3111 aliis
220 3073 370 3122 prelatis
394 3078 431 3112 et
456 3073 591 3111 familia
611 3074 733 3123 Pape;
756 3073 836 3122 ipsa
852 3073 1058 3111 obedientia
1077 3074 1228 3122 prestita
1245 3074 1312 3112 fuit
1335 3086 1399 3124 per
1418 3078 1598 3112 oratorem
1617 3073 1678 3122 qui
1700 3072 1900 3122 elegantis-

119 3132 209 3170 sime
229 3133 346 3171 oravit
364 3138 472 3182 prout
491 3134 565 3171 vidi
586 3139 622 3171 et
648 3133 784 3180 audivi,
807 3133 893 3181 quia
913 3145 1064 3182 presens
1085 3133 1149 3170 fui.
1175 3149 1194 3167 »

166 3192 270 3230 Cette
296 3205 483 3242 remarque
504 3206 544 3231 se
573 3199 701 3232 trouve
726 3194 819 3231 dans
842 3192 874 3230 le
894 3198 992 3232 texte
1019 3195 1068 3231 du
1095 3206 1184 3231 mSS.
1207 3195 1301 3231 5158
1322 3195 1431 3243 (Bibl.
1454 3197 1548 3242 nat.)
1570 3206 1656 3232 avec
1676 3199 1772 3232 cette
1795 3207 1900 3232 man-

117 3252 239 3290 che-tte
264 3263 274 3289 ι
295 3267 313 3286 «
334 3252 531 3291 Adnotatio
547 3253 591 3292 D.
611 3253 754 3291 Paridis
774 3254 938 3304 magistri
959 3253 1191 3303 postmodum
1212 3254 1497 3291 ceremoniarum
1519 3269 1552 3299 »‚
1569 3254 1661 3290 dans
1677 3254 1708 3290 le
1724 3265 1814 3291 mss.
1834 3254 1903 3290 147

117 3311 220 3360 (bibl.
242 3312 288 3357 de
318 3311 505 3360 Florence)
526 3324 613 3350 avec
639 3313 672 3350 le
697 3325 781 3351 nom
802 3315 846 3351 de
872 3314 1026 3351 l'auteur
1052 3313 1144 3350 dans
1166 3313 1198 3350 le
1227 3318 1326 3350 texte
1353 3317 1482 3358 meme,
1510 3314 1602 3350 dans
1631 3313 1663 3350 le
1692 3325 1782 3351 mss.
1805 3314 1898 3351 5159

118 3371 229 3426 (Bibl.
251 3373 344 3419 nat.)
363 3383 450 3408 sans
470 3371 665 3410 indication
679 3373 858 3412 d’auteur.
875 3375 949 3411 Elle
966 3386 1010 3411 ne
1031 3386 1070 3411 se
1087 3378 1211 3411 trouve
1232 3373 1268 3410 ni
1289 3374 1382 3411 dans
1403 3374 1434 3410 le
1456 3386 1544 3411 mss.
1557 3375 1648 3411 5521
1666 3374 1784 3423 queje
1801 3374 1879 3412 suis
1896 3398 1905 3416 ,

119 3431 159 3468 ni
176 3431 271 3469 dans
291 3431 324 3469 le
345 3443 434 3469 mss.
458 3431 504 3469 de
522 3431 557 3469 la
572 3431 662 3470 bibl.
683 3432 790 3482 Chigi
812 3435 983 3483 (4.1.1o).
