<?xml version="1.0" encoding="UTF-8"?>
<!DOCTYPE html PUBLIC "-//W3C//DTD XHTML 1.0 Transitional//EN"
    "http://www.w3.org/TR/xhtml1/DTD/xhtml1-transitional.dtd">
<html xmlns="http://www.w3.org/1999/xhtml" xml:lang="en" lang="en">
 <head>
  <title>
</title>
<meta http-equiv="Content-Type" content="text/html;charset=utf-8" />
  <meta name='ocr-system' content='tesseract 3.04.00' />
  <meta name='ocr-capabilities' content='ocr_page ocr_carea ocr_par ocr_line ocrx_word'/>
</head>
<body>
  <div class='ocr_page' id='page_1' title='image "./diariumsivererum01burcuoft_0134.png"; bbox 0 0 2262 3958; ppageno 0'>
   <div class='ocr_carea' id='block_1_1' title="bbox 343 321 2102 368">
    <p class='ocr_par' dir='ltr' id='par_1_1' title="bbox 343 321 2102 368">
     <span class='ocr_line' id='line_1_1' title="bbox 343 321 2102 368; baseline -0.001 -8"><span class='ocrx_word' id='word_1_1' title='bbox 343 323 411 360; x_wconf 75' lang='lat'>124</span> <span class='ocrx_word' id='word_1_2' title='bbox 942 321 1174 358; x_wconf 88' lang='lat' dir='ltr'><strong>JOHANNIS</strong></span> <span class='ocrx_word' id='word_1_3' title='bbox 1206 322 1500 368; x_wconf 83' lang='lat' dir='ltr'>BURCHARDI,</span> <span class='ocrx_word' id='word_1_4' title='bbox 1785 325 1990 367; x_wconf 70' lang='lat' dir='ltr'>[Decembre</span> <span class='ocrx_word' id='word_1_5' title='bbox 2010 327 2102 368; x_wconf 70' lang='lat'><strong>1484]</strong></span> 
     </span>
    </p>
   </div>
   <div class='ocr_carea' id='block_1_2' title="bbox 330 423 2109 3468">
    <p class='ocr_par' dir='ltr' id='par_1_2' title="bbox 335 423 2107 1316">
     <span class='ocr_line' id='line_1_2' title="bbox 345 423 2102 488; baseline 0.002 -16"><span class='ocrx_word' id='word_1_6' title='bbox 345 427 536 488; x_wconf 88' lang='lat' dir='ltr'>paratus</span> <span class='ocrx_word' id='word_1_7' title='bbox 562 438 698 472; x_wconf 87' lang='lat' dir='ltr'>more</span> <span class='ocrx_word' id='word_1_8' title='bbox 729 423 886 480; x_wconf 88' lang='lat' dir='ltr'>solito,</span> <span class='ocrx_word' id='word_1_9' title='bbox 922 423 1343 486; x_wconf 89' lang='lat' dir='ltr'>processionaliter</span> <span class='ocrx_word' id='word_1_10' title='bbox 1372 424 1500 472; x_wconf 87' lang='lat' dir='ltr'>venit</span> <span class='ocrx_word' id='word_1_11' title='bbox 1531 424 1592 472; x_wconf 92' lang='lat' dir='ltr'>ad</span> <span class='ocrx_word' id='word_1_12' title='bbox 1612 424 1864 486; x_wconf 47' lang='lat' dir='ltr'>,basilicam</span> <span class='ocrx_word' id='word_1_13' title='bbox 1886 443 1925 475; x_wconf 91' lang='lat' dir='ltr'>s.</span> <span class='ocrx_word' id='word_1_14' title='bbox 1956 426 2102 486; x_wconf 87' lang='lat' dir='ltr'>Petri,</span> 
     </span>
     <span class='ocr_line' id='line_1_3' title="bbox 342 504 2106 566; baseline 0.003 -14"><span class='ocrx_word' id='word_1_15' title='bbox 342 505 421 552; x_wconf 93' lang='lat' dir='ltr'>ubi</span> <span class='ocrx_word' id='word_1_16' title='bbox 466 505 679 552; x_wconf 84' lang='lat' dir='ltr'>officium</span> <span class='ocrx_word' id='word_1_17' title='bbox 727 504 1004 552; x_wconf 90' lang='lat' dir='ltr'>solemniter</span> <span class='ocrx_word' id='word_1_18' title='bbox 1051 505 1322 565; x_wconf 89' lang='lat' dir='ltr'>celebravit,</span> <span class='ocrx_word' id='word_1_19' title='bbox 1376 507 1661 555; x_wconf 79' lang='lat' dir='ltr'>ceremoniis</span> <span class='ocrx_word' id='word_1_20' title='bbox 1703 509 1963 558; x_wconf 90' lang='lat' dir='ltr'>consuetis.</span> <span class='ocrx_word' id='word_1_21' title='bbox 2005 511 2106 566; x_wconf 86' lang='lat' dir='ltr'>Quo</span> 
     </span>
     <span class='ocr_line' id='line_1_4' title="bbox 343 586 2105 654; baseline 0.003 -20"><span class='ocrx_word' id='word_1_22' title='bbox 343 586 495 644; x_wconf 88' lang='lat' dir='ltr'>finito,</span> <span class='ocrx_word' id='word_1_23' title='bbox 520 587 658 634; x_wconf 91' lang='lat' dir='ltr'>rediit</span> <span class='ocrx_word' id='word_1_24' title='bbox 682 586 742 634; x_wconf 90' lang='lat' dir='ltr'>ad</span> <span class='ocrx_word' id='word_1_25' title='bbox 761 586 989 650; x_wconf 91' lang='lat' dir='ltr'>palatium</span> <span class='ocrx_word' id='word_1_26' title='bbox 1014 588 1275 637; x_wconf 77' lang='lat' dir='ltr'>sanctitatis</span> <span class='ocrx_word' id='word_1_27' title='bbox 1303 605 1404 648; x_wconf 90' lang='lat' dir='ltr'>sue,</span> <span class='ocrx_word' id='word_1_28' title='bbox 1436 589 1544 638; x_wconf 89' lang='lat' dir='ltr'>data</span> <span class='ocrx_word' id='word_1_29' title='bbox 1578 590 1666 639; x_wconf 93' lang='lat' dir='ltr'>sub</span> <span class='ocrx_word' id='word_1_30' title='bbox 1691 591 1876 654; x_wconf 88' lang='lat' dir='ltr'>porticu</span> <span class='ocrx_word' id='word_1_31' title='bbox 1909 591 2105 640; x_wconf 80' lang='lat' dir='ltr'>basilice</span> 
     </span>
     <span class='ocr_line' id='line_1_5' title="bbox 344 669 2104 735; baseline 0.003 -18"><span class='ocrx_word' id='word_1_32' title='bbox 344 669 554 733; x_wconf 78' lang='lat' dir='ltr'>predicte</span> <span class='ocrx_word' id='word_1_33' title='bbox 577 669 896 717; x_wconf 80' lang='lat' dir='ltr'>cardinalibus</span> <span class='ocrx_word' id='word_1_34' title='bbox 915 669 1123 718; x_wconf 91' lang='lat' dir='ltr'>licentia.</span> <span class='ocrx_word' id='word_1_35' title='bbox 1150 673 1405 735; x_wconf 88' lang='lat' dir='ltr'>Postquam</span> <span class='ocrx_word' id='word_1_36' title='bbox 1428 672 1654 721; x_wconf 83' lang='lat' dir='ltr'>sanctitas</span> <span class='ocrx_word' id='word_1_37' title='bbox 1677 689 1763 721; x_wconf 89' lang='lat' dir='ltr'>sua</span> <span class='ocrx_word' id='word_1_38' title='bbox 1782 674 1844 722; x_wconf 92' lang='lat' dir='ltr'>ad</span> <span class='ocrx_word' id='word_1_39' title='bbox 1862 689 2104 723; x_wconf 89' lang='lat' dir='ltr'>cameram</span> 
     </span>
     <span class='ocr_line' id='line_1_6' title="bbox 339 754 2104 819; baseline 0.001 -16"><span class='ocrx_word' id='word_1_40' title='bbox 339 755 495 815; x_wconf 91' lang='lat' dir='ltr'>rediit,</span> <span class='ocrx_word' id='word_1_41' title='bbox 523 755 786 805; x_wconf 86' lang='lat' dir='ltr'>associatus</span> <span class='ocrx_word' id='word_1_42' title='bbox 807 754 893 817; x_wconf 25' lang='lat' dir='ltr'>suit·</span> <span class='ocrx_word' id='word_1_43' title='bbox 911 754 1148 819; x_wconf 91' lang='lat' dir='ltr'>aprelatis</span> <span class='ocrx_word' id='word_1_44' title='bbox 1171 754 1469 803; x_wconf 82' lang='lat' dir='ltr'>cubiculariis</span> <span class='ocrx_word' id='word_1_45' title='bbox 1498 760 1544 804; x_wconf 91' lang='lat' dir='ltr'>et</span> <span class='ocrx_word' id='word_1_46' title='bbox 1573 756 1810 805; x_wconf 84' lang='lat' dir='ltr'>scutiferis</span> <span class='ocrx_word' id='word_1_47' title='bbox 1842 757 2104 807; x_wconf 85' lang='lat' dir='ltr'>sanctitatis</span> 
     </span>
     <span class='ocr_line' id='line_1_7' title="bbox 340 838 2106 904; baseline 0.002 -18"><span class='ocrx_word' id='word_1_48' title='bbox 340 854 423 887; x_wconf 90' lang='lat' dir='ltr'>sue</span> <span class='ocrx_word' id='word_1_49' title='bbox 445 854 472 887; x_wconf 93' lang='lat' dir='ltr'>a</span> <span class='ocrx_word' id='word_1_50' title='bbox 492 838 667 903; x_wconf 90' lang='lat' dir='ltr'>palatio</span> <span class='ocrx_word' id='word_1_51' title='bbox 695 855 780 887; x_wconf 93' lang='lat' dir='ltr'>suo</span> <span class='ocrx_word' id='word_1_52' title='bbox 812 838 1025 903; x_wconf 89' lang='lat' dir='ltr'>predicto</span> <span class='ocrx_word' id='word_1_53' title='bbox 1055 856 1201 903; x_wconf 91' lang='lat' dir='ltr'>usque</span> <span class='ocrx_word' id='word_1_54' title='bbox 1230 839 1290 888; x_wconf 89' lang='lat' dir='ltr'>ad</span> <span class='ocrx_word' id='word_1_55' title='bbox 1316 839 1510 887; x_wconf 89' lang='lat' dir='ltr'>domum</span> <span class='ocrx_word' id='word_1_56' title='bbox 1537 840 1820 888; x_wconf 90' lang='lat' dir='ltr'>Ursinorum</span> <span class='ocrx_word' id='word_1_57' title='bbox 1853 840 1901 887; x_wconf 91' lang='lat' dir='ltr'>in</span> <span class='ocrx_word' id='word_1_58' title='bbox 1935 855 2106 904; x_wconf 91' lang='lat' dir='ltr'>campo</span> 
     </span>
     <span class='ocr_line' id='line_1_8' title="bbox 339 922 2107 987; baseline 0.002 -19"><span class='ocrx_word' id='word_1_59' title='bbox 339 922 493 980; x_wconf 90' lang='lat' dir='ltr'>Flore,</span> <span class='ocrx_word' id='word_1_60' title='bbox 518 938 663 985; x_wconf 89' lang='lat' dir='ltr'>quam</span> <span class='ocrx_word' id='word_1_61' title='bbox 686 922 830 971; x_wconf 92' lang='lat' dir='ltr'>modo</span> <span class='ocrx_word' id='word_1_62' title='bbox 846 922 1196 971; x_wconf 90' lang='lat' dir='ltr'>Illustrissimus</span> <span class='ocrx_word' id='word_1_63' title='bbox 1213 926 1268 972; x_wconf 93' lang='lat' dir='ltr'>D.</span> <span class='ocrx_word' id='word_1_64' title='bbox 1289 924 1568 972; x_wconf 85' lang='lat' dir='ltr'>Franciscus</span> <span class='ocrx_word' id='word_1_65' title='bbox 1588 923 1647 972; x_wconf 92' lang='lat' dir='ltr'>de</span> <span class='ocrx_word' id='word_1_66' title='bbox 1662 923 1903 987; x_wconf 89' lang='lat' dir='ltr'>Aragonia</span> <span class='ocrx_word' id='word_1_67' title='bbox 1921 923 2107 972; x_wconf 88' lang='lat' dir='ltr'>inhabi-</span> 
     </span>
     <span class='ocr_line' id='line_1_9' title="bbox 335 1003 2103 1067; baseline 0.002 -16"><span class='ocrx_word' id='word_1_68' title='bbox 335 1008 419 1062; x_wconf 87' lang='lat' dir='ltr'>tat,</span> <span class='ocrx_word' id='word_1_69' title='bbox 440 1003 566 1051; x_wconf 91' lang='lat' dir='ltr'>idem</span> <span class='ocrx_word' id='word_1_70' title='bbox 588 1004 868 1052; x_wconf 90' lang='lat' dir='ltr'>Franciscus</span> <span class='ocrx_word' id='word_1_71' title='bbox 897 1005 976 1067; x_wconf 90' lang='lat' dir='ltr'>qui</span> <span class='ocrx_word' id='word_1_72' title='bbox 1007 1004 1230 1067; x_wconf 90' lang='lat' dir='ltr'>equitavit</span> <span class='ocrx_word' id='word_1_73' title='bbox 1254 1021 1282 1053; x_wconf 91' lang='lat' dir='ltr'>a</span> <span class='ocrx_word' id='word_1_74' title='bbox 1303 1006 1506 1054; x_wconf 86' lang='lat' dir='ltr'>sinistris</span> <span class='ocrx_word' id='word_1_75' title='bbox 1532 1006 1652 1054; x_wconf 89' lang='lat' dir='ltr'>Rmi.</span> <span class='ocrx_word' id='word_1_76' title='bbox 1677 1009 1734 1054; x_wconf 92' lang='lat' dir='ltr'>D.</span> <span class='ocrx_word' id='word_1_77' title='bbox 1767 1006 2023 1055; x_wconf 88' lang='lat' dir='ltr'>cardinalis</span> <span class='ocrx_word' id='word_1_78' title='bbox 2044 1006 2103 1054; x_wconf 90' lang='lat' dir='ltr'>de</span> 
     </span>
     <span class='ocr_line' id='line_1_10' title="bbox 336 1086 2105 1157; baseline 0.002 -23"><span class='ocrx_word' id='word_1_79' title='bbox 336 1086 592 1150; x_wconf 89' lang='lat' dir='ltr'>Aragonia,</span> <span class='ocrx_word' id='word_1_80' title='bbox 614 1087 769 1135; x_wconf 87' lang='lat' dir='ltr'>fratris</span> <span class='ocrx_word' id='word_1_81' title='bbox 788 1087 876 1147; x_wconf 91' lang='lat' dir='ltr'>sui,</span> <span class='ocrx_word' id='word_1_82' title='bbox 899 1092 946 1135; x_wconf 92' lang='lat' dir='ltr'>et</span> <span class='ocrx_word' id='word_1_83' title='bbox 966 1092 1072 1151; x_wconf 90' lang='lat' dir='ltr'>post</span> <span class='ocrx_word' id='word_1_84' title='bbox 1090 1103 1190 1147; x_wconf 65' lang='grc' dir='ltr'>θος,</span> <span class='ocrx_word' id='word_1_85' title='bbox 1214 1089 1380 1152; x_wconf 86' lang='lat' dir='ltr'>prelati</span> <span class='ocrx_word' id='word_1_86' title='bbox 1400 1090 1563 1152; x_wconf 87' lang='lat' dir='ltr'>palatii</span> <span class='ocrx_word' id='word_1_87' title='bbox 1587 1093 1633 1137; x_wconf 91' lang='lat' dir='ltr'>et</span> <span class='ocrx_word' id='word_1_88' title='bbox 1655 1089 1752 1146; x_wconf 91' lang='lat' dir='ltr'>alii,</span> <span class='ocrx_word' id='word_1_89' title='bbox 1769 1104 1824 1137; x_wconf 92' lang='lat' dir='ltr'>ac</span> <span class='ocrx_word' id='word_1_90' title='bbox 1844 1089 2105 1157; x_wconf 82' lang='lat' dir='ltr'>comitante</span> 
     </span>
     <span class='ocr_line' id='line_1_11' title="bbox 339 1169 2107 1234; baseline 0.002 -17"><span class='ocrx_word' id='word_1_91' title='bbox 339 1173 447 1217; x_wconf 86' lang='lat' dir='ltr'>ante</span> <span class='ocrx_word' id='word_1_92' title='bbox 470 1185 581 1217; x_wconf 92' lang='lat' dir='ltr'>eum</span> <span class='ocrx_word' id='word_1_93' title='bbox 603 1169 682 1217; x_wconf 91' lang='lat' dir='ltr'>illo</span> <span class='ocrx_word' id='word_1_94' title='bbox 701 1170 778 1232; x_wconf 94' lang='lat' dir='ltr'>qui</span> <span class='ocrx_word' id='word_1_95' title='bbox 801 1185 967 1218; x_wconf 88' lang='lat' dir='ltr'>ensem</span> <span class='ocrx_word' id='word_1_96' title='bbox 989 1185 1097 1218; x_wconf 92' lang='lat' dir='ltr'>cum</span> <span class='ocrx_word' id='word_1_97' title='bbox 1118 1170 1244 1233; x_wconf 92' lang='lat' dir='ltr'>pileo</span> <span class='ocrx_word' id='word_1_98' title='bbox 1265 1172 1500 1234; x_wconf 85' lang='lat' dir='ltr'>portabat,</span> <span class='ocrx_word' id='word_1_99' title='bbox 1527 1177 1572 1219; x_wconf 90' lang='lat' dir='ltr'>et</span> <span class='ocrx_word' id='word_1_100' title='bbox 1594 1171 1672 1219; x_wconf 89' lang='lat' dir='ltr'>alii</span> <span class='ocrx_word' id='word_1_101' title='bbox 1689 1171 1854 1220; x_wconf 81' lang='lat' dir='ltr'>ordine</span> <span class='ocrx_word' id='word_1_102' title='bbox 1873 1176 2107 1221; x_wconf 89' lang='lat' dir='ltr'>consueto</span> 
     </span>
     <span class='ocr_line' id='line_1_12' title="bbox 338 1251 1910 1316; baseline 0.002 -16"><span class='ocrx_word' id='word_1_103' title='bbox 338 1251 632 1300; x_wconf 87' lang='lat' dir='ltr'>honorantes</span> <span class='ocrx_word' id='word_1_104' title='bbox 654 1251 809 1315; x_wconf 91' lang='lat' dir='ltr'>ipsum</span> <span class='ocrx_word' id='word_1_105' title='bbox 827 1256 1023 1316; x_wconf 92' lang='lat' dir='ltr'>propter</span> <span class='ocrx_word' id='word_1_106' title='bbox 1043 1269 1208 1302; x_wconf 85' lang='lat' dir='ltr'>ensem</span> <span class='ocrx_word' id='word_1_107' title='bbox 1230 1270 1258 1302; x_wconf 90' lang='lat' dir='ltr'>a</span> <span class='ocrx_word' id='word_1_108' title='bbox 1278 1256 1361 1302; x_wconf 90' lang='lat' dir='ltr'><strong>SS.</strong></span> <span class='ocrx_word' id='word_1_109' title='bbox 1387 1258 1444 1303; x_wconf 89' lang='lat' dir='ltr'>D.</span> <span class='ocrx_word' id='word_1_110' title='bbox 1471 1258 1526 1303; x_wconf 91' lang='lat' dir='ltr'>N.</span> <span class='ocrx_word' id='word_1_111' title='bbox 1555 1254 1640 1302; x_wconf 90' lang='lat' dir='ltr'>sibi</span> <span class='ocrx_word' id='word_1_112' title='bbox 1663 1255 1910 1303; x_wconf 90' lang='lat' dir='ltr'>donatum.</span> 
     </span>
    </p>

    <p class='ocr_par' dir='ltr' id='par_1_3' title="bbox 336 1335 2106 1633">
     <span class='ocr_line' id='line_1_13' title="bbox 401 1335 2098 1396; baseline 0.001 -12"><span class='ocrx_word' id='word_1_113' title='bbox 401 1335 668 1395; x_wconf 80' lang='lat' dir='ltr'>Domin‘ica,</span> <span class='ocrx_word' id='word_1_114' title='bbox 706 1339 765 1384; x_wconf 78' lang='lat'>26</span> <span class='ocrx_word' id='word_1_115' title='bbox 811 1335 925 1383; x_wconf 89' lang='lat' dir='ltr'>dicti</span> <span class='ocrx_word' id='word_1_116' title='bbox 956 1337 1150 1385; x_wconf 66' lang='lat' dir='ltr'>‘mensis</span> <span class='ocrx_word' id='word_1_117' title='bbox 1195 1337 1482 1396; x_wconf 89' lang='lat' dir='ltr'>decembris,</span> <span class='ocrx_word' id='word_1_118' title='bbox 1533 1341 1697 1386; x_wconf 88' lang='lat' dir='ltr'>Rmus.</span> <span class='ocrx_word' id='word_1_119' title='bbox 1744 1339 1800 1384; x_wconf 92' lang='lat' dir='ltr'>D.</span> <span class='ocrx_word' id='word_1_120' title='bbox 1845 1337 2098 1386; x_wconf 88' lang='lat' dir='ltr'>cardinalis</span> 
     </span>
     <span class='ocr_line' id='line_1_14' title="bbox 336 1417 2104 1478; baseline 0 -11"><span class='ocrx_word' id='word_1_121' title='bbox 336 1417 669 1477; x_wconf 87' lang='lat' dir='ltr'>Novariensis,</span> <span class='ocrx_word' id='word_1_122' title='bbox 707 1418 744 1466; x_wconf 92' lang='lat' dir='ltr'>si</span> <span class='ocrx_word' id='word_1_123' title='bbox 782 1424 912 1467; x_wconf 92' lang='lat' dir='ltr'>recte</span> <span class='ocrx_word' id='word_1_124' title='bbox 949 1418 1174 1478; x_wconf 90' lang='lat' dir='ltr'>memini,</span> <span class='ocrx_word' id='word_1_125' title='bbox 1217 1419 1474 1467; x_wconf 91' lang='lat' dir='ltr'>celebravit</span> <span class='ocrx_word' id='word_1_126' title='bbox 1512 1419 1709 1467; x_wconf 89' lang='lat' dir='ltr'>missam</span> <span class='ocrx_word' id='word_1_127' title='bbox 1748 1418 2016 1468; x_wconf 88' lang='lat' dir='ltr'>solemnem</span> <span class='ocrx_word' id='word_1_128' title='bbox 2055 1418 2104 1467; x_wconf 91' lang='lat' dir='ltr'>in</span> 
     </span>
     <span class='ocr_line' id='line_1_15' title="bbox 336 1501 2106 1565; baseline 0.002 -16"><span class='ocrx_word' id='word_1_129' title='bbox 336 1501 531 1549; x_wconf 87' lang='lat' dir='ltr'>basilica</span> <span class='ocrx_word' id='word_1_130' title='bbox 557 1501 788 1565; x_wconf 90' lang='lat' dir='ltr'>predicta,</span> <span class='ocrx_word' id='word_1_131' title='bbox 826 1504 955 1565; x_wconf 92' lang='lat' dir='ltr'>Papa</span> <span class='ocrx_word' id='word_1_132' title='bbox 983 1506 1207 1564; x_wconf 86' lang='lat' dir='ltr'>presente</span> <span class='ocrx_word' id='word_1_133' title='bbox 1239 1506 1287 1549; x_wconf 90' lang='lat' dir='ltr'>et</span> <span class='ocrx_word' id='word_1_134' title='bbox 1319 1502 1510 1550; x_wconf 87' lang='lat' dir='ltr'>habitus</span> <span class='ocrx_word' id='word_1_135' title='bbox 1548 1506 1620 1551; x_wconf 89' lang='lat' dir='ltr'>est</span> <span class='ocrx_word' id='word_1_136' title='bbox 1654 1517 1812 1550; x_wconf 90' lang='lat' dir='ltr'>sermo</span> <span class='ocrx_word' id='word_1_137' title='bbox 1851 1518 1907 1551; x_wconf 90' lang='lat' dir='ltr'>ac</span> <span class='ocrx_word' id='word_1_138' title='bbox 1944 1503 2106 1552; x_wconf 87' lang='lat' dir='ltr'>omnia</span> 
     </span>
     <span class='ocr_line' id='line_1_16' title="bbox 338 1584 1053 1633; baseline -0.001 0"><span class='ocrx_word' id='word_1_139' title='bbox 338 1600 472 1633; x_wconf 91' lang='lat' dir='ltr'>more</span> <span class='ocrx_word' id='word_1_140' title='bbox 495 1584 633 1632; x_wconf 89' lang='lat' dir='ltr'>solito</span> <span class='ocrx_word' id='word_1_141' title='bbox 657 1589 765 1632; x_wconf 89' lang='lat' dir='ltr'>sunt</span> <span class='ocrx_word' id='word_1_142' title='bbox 786 1584 1053 1632; x_wconf 89' lang='lat' dir='ltr'>observata.</span> 
     </span>
    </p>

    <p class='ocr_par' dir='ltr' id='par_1_4' title="bbox 339 1667 2109 1975">
     <span class='ocr_line' id='line_1_17' title="bbox 405 1667 2104 1731; baseline 0.001 -16"><span class='ocrx_word' id='word_1_143' title='bbox 405 1667 542 1715; x_wconf 88' lang='lat' dir='ltr'>Feria</span> <span class='ocrx_word' id='word_1_144' title='bbox 564 1667 787 1716; x_wconf 59' lang='lat' dir='ltr'>‘secunda</span> <span class='ocrx_word' id='word_1_145' title='bbox 814 1667 1031 1731; x_wconf 89' lang='lat' dir='ltr'>ejusdem</span> <span class='ocrx_word' id='word_1_146' title='bbox 1068 1668 1249 1716; x_wconf 87' lang='lat' dir='ltr'>mensis</span> <span class='ocrx_word' id='word_1_147' title='bbox 1286 1667 1559 1716; x_wconf 87' lang='lat' dir='ltr'>decembris</span> <span class='ocrx_word' id='word_1_148' title='bbox 1593 1667 1769 1716; x_wconf 87' lang='lat' dir='ltr'>festum</span> <span class='ocrx_word' id='word_1_149' title='bbox 1802 1683 1839 1715; x_wconf 89' lang='lat' dir='ltr'>s.</span> <span class='ocrx_word' id='word_1_150' title='bbox 1872 1667 2104 1716; x_wconf 66' lang='lat' dir='ltr'>‚Iohannis</span> 
     </span>
     <span class='ocr_line' id='line_1_18' title="bbox 341 1749 2109 1814; baseline -0.001 -15"><span class='ocrx_word' id='word_1_151' title='bbox 341 1751 648 1814; x_wconf 84' lang='lat' dir='ltr'>evangeliste,</span> <span class='ocrx_word' id='word_1_152' title='bbox 683 1754 847 1799; x_wconf 90' lang='lat' dir='ltr'>Rmus.</span> <span class='ocrx_word' id='word_1_153' title='bbox 889 1754 946 1799; x_wconf 90' lang='lat' dir='ltr'>D.</span> <span class='ocrx_word' id='word_1_154' title='bbox 981 1751 1232 1799; x_wconf 88' lang='lat' dir='ltr'>cardinalis</span> <span class='ocrx_word' id='word_1_155' title='bbox 1275 1750 1546 1814; x_wconf 84' lang='lat' dir='ltr'>Agriensis,</span> <span class='ocrx_word' id='word_1_156' title='bbox 1593 1750 1641 1797; x_wconf 92' lang='lat' dir='ltr'>in</span> <span class='ocrx_word' id='word_1_157' title='bbox 1683 1749 1879 1798; x_wconf 87' lang='lat' dir='ltr'>basilica</span> <span class='ocrx_word' id='word_1_158' title='bbox 1924 1750 2109 1813; x_wconf 87' lang='lat' dir='ltr'>prefata</span> 
     </span>
     <span class='ocr_line' id='line_1_19' title="bbox 339 1832 2103 1896; baseline -0.001 -15"><span class='ocrx_word' id='word_1_159' title='bbox 339 1833 594 1882; x_wconf 88' lang='lat' dir='ltr'>celebravit</span> <span class='ocrx_word' id='word_1_160' title='bbox 614 1833 810 1882; x_wconf 88' lang='lat' dir='ltr'>missam</span> <span class='ocrx_word' id='word_1_161' title='bbox 833 1834 1115 1894; x_wconf 89' lang='lat' dir='ltr'>solemnem,</span> <span class='ocrx_word' id='word_1_162' title='bbox 1142 1835 1269 1896; x_wconf 90' lang='lat' dir='ltr'>Papa</span> <span class='ocrx_word' id='word_1_163' title='bbox 1288 1836 1532 1895; x_wconf 87' lang='lat' dir='ltr'>presente,</span> <span class='ocrx_word' id='word_1_164' title='bbox 1555 1837 1602 1881; x_wconf 93' lang='lat' dir='ltr'>et</span> <span class='ocrx_word' id='word_1_165' title='bbox 1621 1832 1812 1880; x_wconf 90' lang='lat' dir='ltr'>habitus</span> <span class='ocrx_word' id='word_1_166' title='bbox 1831 1835 1903 1881; x_wconf 89' lang='lat' dir='ltr'>est</span> <span class='ocrx_word' id='word_1_167' title='bbox 1924 1846 2103 1891; x_wconf 89' lang='lat' dir='ltr'>sermo,</span> 
     </span>
     <span class='ocr_line' id='line_1_20' title="bbox 340 1911 1361 1975; baseline 0.001 -11"><span class='ocrx_word' id='word_1_168' title='bbox 340 1921 391 1964; x_wconf 92' lang='lat' dir='ltr'>ut</span> <span class='ocrx_word' id='word_1_169' title='bbox 412 1916 529 1963; x_wconf 91' lang='lat' dir='ltr'>mihi</span> <span class='ocrx_word' id='word_1_170' title='bbox 550 1911 753 1975; x_wconf 88' lang='lat' dir='ltr'>videtur,</span> <span class='ocrx_word' id='word_1_171' title='bbox 777 1920 823 1964; x_wconf 89' lang='lat' dir='ltr'>et</span> <span class='ocrx_word' id='word_1_172' title='bbox 844 1917 934 1965; x_wconf 91' lang='lat' dir='ltr'>alia</span> <span class='ocrx_word' id='word_1_173' title='bbox 958 1932 1092 1964; x_wconf 88' lang='lat' dir='ltr'>more</span> <span class='ocrx_word' id='word_1_174' title='bbox 1114 1920 1361 1965; x_wconf 89' lang='lat' dir='ltr'>consueto.</span> 
     </span>
    </p>

    <p class='ocr_par' dir='ltr' id='par_1_5' title="bbox 330 1998 2107 3468">
     <span class='ocr_line' id='line_1_21' title="bbox 401 1998 2104 2062; baseline -0.001 -16"><span class='ocrx_word' id='word_1_175' title='bbox 401 1999 552 2047; x_wconf 88' lang='lat' dir='ltr'>Finita</span> <span class='ocrx_word' id='word_1_176' title='bbox 574 1998 721 2046; x_wconf 89' lang='lat' dir='ltr'>missa</span> <span class='ocrx_word' id='word_1_177' title='bbox 742 2000 825 2047; x_wconf 88' lang='lat' dir='ltr'><strong>SS.</strong></span> <span class='ocrx_word' id='word_1_178' title='bbox 853 2002 908 2047; x_wconf 92' lang='lat' dir='ltr'>D.</span> <span class='ocrx_word' id='word_1_179' title='bbox 924 2002 981 2048; x_wconf 94' lang='lat' dir='ltr'>N.</span> <span class='ocrx_word' id='word_1_180' title='bbox 1002 1999 1051 2047; x_wconf 92' lang='lat' dir='ltr'>in</span> <span class='ocrx_word' id='word_1_181' title='bbox 1064 1998 1182 2047; x_wconf 90' lang='lat' dir='ltr'>solio</span> <span class='ocrx_word' id='word_1_182' title='bbox 1203 2003 1335 2048; x_wconf 87' lang='lat' dir='ltr'>stans</span> <span class='ocrx_word' id='word_1_183' title='bbox 1358 1999 1600 2048; x_wconf 89' lang='lat' dir='ltr'>benedixit</span> <span class='ocrx_word' id='word_1_184' title='bbox 1618 1998 1712 2047; x_wconf 92' lang='lat' dir='ltr'>duo</span> <span class='ocrx_word' id='word_1_185' title='bbox 1727 1998 1895 2047; x_wconf 88' lang='lat' dir='ltr'>vexilla</span> <span class='ocrx_word' id='word_1_186' title='bbox 1910 2013 2104 2062; x_wconf 87' lang='lat' dir='ltr'>magna,</span> 
     </span>
     <span class='ocr_line' id='line_1_22' title="bbox 337 2080 2103 2142; baseline -0.002 -11"><span class='ocrx_word' id='word_1_187' title='bbox 337 2099 484 2131; x_wconf 91' lang='lat' dir='ltr'>unum</span> <span class='ocrx_word' id='word_1_188' title='bbox 508 2097 752 2131; x_wconf 90' lang='lat' dir='ltr'>armorum</span> <span class='ocrx_word' id='word_1_189' title='bbox 780 2082 1013 2142; x_wconf 89' lang='lat' dir='ltr'>Ecclesie,</span> <span class='ocrx_word' id='word_1_190' title='bbox 1049 2087 1096 2130; x_wconf 89' lang='lat' dir='ltr'>et</span> <span class='ocrx_word' id='word_1_191' title='bbox 1125 2081 1254 2130; x_wconf 89' lang='lat' dir='ltr'>aliud</span> <span class='ocrx_word' id='word_1_192' title='bbox 1278 2097 1474 2129; x_wconf 91' lang='lat' dir='ltr'>suorum</span> <span class='ocrx_word' id='word_1_193' title='bbox 1502 2097 1764 2129; x_wconf 88' lang='lat' dir='ltr'>armorum.</span> <span class='ocrx_word' id='word_1_194' title='bbox 1797 2083 1899 2138; x_wconf 86' lang='lat' dir='ltr'>Que</span> <span class='ocrx_word' id='word_1_195' title='bbox 1931 2080 2103 2129; x_wconf 87' lang='lat' dir='ltr'>deinde</span> 
     </span>
     <span class='ocr_line' id='line_1_23' title="bbox 333 2162 2104 2228; baseline -0.002 -15"><span class='ocrx_word' id='word_1_196' title='bbox 333 2165 406 2213; x_wconf 89' lang='lat' dir='ltr'>lll.</span> <span class='ocrx_word' id='word_1_197' title='bbox 431 2164 717 2213; x_wconf 71' lang='lat' dir='ltr'>D.&#39;J0hanni</span> <span class='ocrx_word' id='word_1_198' title='bbox 740 2166 799 2214; x_wconf 91' lang='lat' dir='ltr'>de</span> <span class='ocrx_word' id='word_1_199' title='bbox 822 2169 996 2225; x_wconf 89' lang='lat' dir='ltr'>Ruere,</span> <span class='ocrx_word' id='word_1_200' title='bbox 1019 2165 1143 2213; x_wconf 88' lang='lat' dir='ltr'>alme</span> <span class='ocrx_word' id='word_1_201' title='bbox 1163 2165 1300 2213; x_wconf 90' lang='lat' dir='ltr'>Urbis</span> <span class='ocrx_word' id='word_1_202' title='bbox 1320 2165 1537 2228; x_wconf 87' lang='lat' dir='ltr'>prefecto</span> <span class='ocrx_word' id='word_1_203' title='bbox 1559 2168 1606 2213; x_wconf 92' lang='lat' dir='ltr'>et</span> <span class='ocrx_word' id='word_1_204' title='bbox 1627 2165 1751 2212; x_wconf 86' lang='lat' dir='ltr'>Rmi.</span> <span class='ocrx_word' id='word_1_205' title='bbox 1773 2166 1830 2211; x_wconf 91' lang='lat' dir='ltr'>D.</span> <span class='ocrx_word' id='word_1_206' title='bbox 1852 2162 2104 2212; x_wconf 85' lang='lat' dir='ltr'>cardinalis</span> 
     </span>
     <span class='ocr_line' id='line_1_24' title="bbox 335 2244 2102 2312; baseline -0.001 -17"><span class='ocrx_word' id='word_1_207' title='bbox 335 2265 373 2295; x_wconf 87' lang='lat' dir='ltr'>s.</span> <span class='ocrx_word' id='word_1_208' title='bbox 409 2249 534 2296; x_wconf 86' lang='lat' dir='ltr'>Petri</span> <span class='ocrx_word' id='word_1_209' title='bbox 556 2244 620 2297; x_wconf 35' lang='lat' dir='ltr'>ad*</span> <span class='ocrx_word' id='word_1_210' title='bbox 634 2249 838 2299; x_wconf 89' lang='lat' dir='ltr'>Vincula</span> <span class='ocrx_word' id='word_1_211' title='bbox 864 2248 994 2296; x_wconf 87' lang='lat' dir='ltr'>fratri</span> <span class='ocrx_word' id='word_1_212' title='bbox 1020 2263 1270 2311; x_wconf 88' lang='lat' dir='ltr'>germano,</span> <span class='ocrx_word' id='word_1_213' title='bbox 1296 2263 1457 2296; x_wconf 90' lang='lat' dir='ltr'>coram</span> <span class='ocrx_word' id='word_1_214' title='bbox 1485 2263 1535 2296; x_wconf 91' lang='lat' dir='ltr'>se</span> <span class='ocrx_word' id='word_1_215' title='bbox 1569 2247 1840 2312; x_wconf 82' lang='lat' dir='ltr'>genuflexo,</span> <span class='ocrx_word' id='word_1_216' title='bbox 1870 2262 1967 2294; x_wconf 90' lang='lat' dir='ltr'>una</span> <span class='ocrx_word' id='word_1_217' title='bbox 1992 2246 2102 2294; x_wconf 86' lang='lat' dir='ltr'>cum</span> 
     </span>
     <span class='ocr_line' id='line_1_25' title="bbox 334 2327 2105 2394; baseline -0.003 -15"><span class='ocrx_word' id='word_1_218' title='bbox 334 2331 505 2379; x_wconf 89' lang='lat' dir='ltr'>baculo</span> <span class='ocrx_word' id='word_1_219' title='bbox 528 2331 635 2379; x_wconf 90' lang='lat' dir='ltr'>albo</span> <span class='ocrx_word' id='word_1_220' title='bbox 665 2335 897 2380; x_wconf 90' lang='lat' dir='ltr'>consueto</span> <span class='ocrx_word' id='word_1_221' title='bbox 927 2330 1199 2394; x_wconf 87' lang='lat' dir='ltr'>assignavit,</span> <span class='ocrx_word' id='word_1_222' title='bbox 1232 2344 1287 2377; x_wconf 89' lang='lat' dir='ltr'>ac</span> <span class='ocrx_word' id='word_1_223' title='bbox 1316 2329 1473 2393; x_wconf 90' lang='lat' dir='ltr'>ipsum</span> <span class='ocrx_word' id='word_1_224' title='bbox 1498 2329 1801 2392; x_wconf 77' lang='lat' dir='ltr'>capitaneum</span> <span class='ocrx_word' id='word_1_225' title='bbox 1831 2327 2105 2391; x_wconf 84' lang='lat' dir='ltr'>generalem</span> 
     </span>
     <span class='ocr_line' id='line_1_26' title="bbox 333 2409 2106 2474; baseline -0.003 -12"><span class='ocrx_word' id='word_1_226' title='bbox 333 2432 371 2463; x_wconf 92' lang='lat' dir='ltr'>s.</span> <span class='ocrx_word' id='word_1_227' title='bbox 406 2431 443 2463; x_wconf 91' lang='lat' dir='ltr'>r.</span> <span class='ocrx_word' id='word_1_228' title='bbox 471 2417 524 2462; x_wconf 91' lang='lat' dir='ltr'><strong>E.</strong></span> <span class='ocrx_word' id='word_1_229' title='bbox 556 2414 803 2462; x_wconf 90' lang='lat' dir='ltr'>constituit</span> <span class='ocrx_word' id='word_1_230' title='bbox 840 2419 887 2462; x_wconf 91' lang='lat' dir='ltr'>et</span> <span class='ocrx_word' id='word_1_231' title='bbox 914 2412 1162 2472; x_wconf 90' lang='lat' dir='ltr'>ordinavit,</span> <span class='ocrx_word' id='word_1_232' title='bbox 1192 2416 1388 2474; x_wconf 90' lang='lat' dir='ltr'>recepto</span> <span class='ocrx_word' id='word_1_233' title='bbox 1418 2411 1549 2474; x_wconf 89' lang='lat' dir='ltr'>prius</span> <span class='ocrx_word' id='word_1_234' title='bbox 1585 2412 1644 2459; x_wconf 88' lang='lat' dir='ltr'>ab</span> <span class='ocrx_word' id='word_1_235' title='bbox 1666 2426 1742 2471; x_wconf 92' lang='lat' dir='ltr'>eo,</span> <span class='ocrx_word' id='word_1_236' title='bbox 1765 2426 1819 2458; x_wconf 91' lang='lat' dir='ltr'>ac</span> <span class='ocrx_word' id='word_1_237' title='bbox 1839 2426 1926 2473; x_wconf 91' lang='lat' dir='ltr'>per</span> <span class='ocrx_word' id='word_1_238' title='bbox 1949 2409 2106 2474; x_wconf 86' lang='lat' dir='ltr'>ipsum</span> 
     </span>
     <span class='ocr_line' id='line_1_27' title="bbox 340 2491 2107 2561; baseline -0.005 -14"><span class='ocrx_word' id='word_1_239' title='bbox 340 2498 609 2547; x_wconf 89' lang='lat' dir='ltr'>Johannem</span> <span class='ocrx_word' id='word_1_240' title='bbox 642 2497 910 2561; x_wconf 88' lang='lat' dir='ltr'>predictum</span> <span class='ocrx_word' id='word_1_241' title='bbox 942 2496 1083 2545; x_wconf 90' lang='lat' dir='ltr'>tactis</span> <span class='ocrx_word' id='word_1_242' title='bbox 1112 2495 1357 2559; x_wconf 89' lang='lat' dir='ltr'>scripturis</span> <span class='ocrx_word' id='word_1_243' title='bbox 1391 2493 1728 2553; x_wconf 79' lang='lat' dir='ltr'>sacrosanctiS,</span> <span class='ocrx_word' id='word_1_244' title='bbox 1755 2493 1813 2541; x_wconf 90' lang='lat' dir='ltr'>ad</span> <span class='ocrx_word' id='word_1_245' title='bbox 1836 2496 2001 2540; x_wconf 87' lang='lat' dir='ltr'>sancta</span> <span class='ocrx_word' id='word_1_246' title='bbox 2020 2491 2107 2540; x_wconf 91' lang='lat' dir='ltr'>Dei</span> 
     </span>
     <span class='ocr_line' id='line_1_28' title="bbox 341 2576 2095 2645; baseline -0.004 -14"><span class='ocrx_word' id='word_1_247' title='bbox 341 2581 585 2645; x_wconf 87' lang='lat' dir='ltr'>evangelia</span> <span class='ocrx_word' id='word_1_248' title='bbox 605 2580 840 2644; x_wconf 89' lang='lat' dir='ltr'>corporali</span> <span class='ocrx_word' id='word_1_249' title='bbox 861 2580 1060 2644; x_wconf 87' lang='lat' dir='ltr'>prestito</span> <span class='ocrx_word' id='word_1_250' title='bbox 1074 2580 1349 2643; x_wconf 90' lang='lat' dir='ltr'>juramento</span> <span class='ocrx_word' id='word_1_251' title='bbox 1367 2577 1414 2625; x_wconf 92' lang='lat' dir='ltr'>in</span> <span class='ocrx_word' id='word_1_252' title='bbox 1436 2577 1593 2626; x_wconf 88' lang='lat' dir='ltr'>forma</span> <span class='ocrx_word' id='word_1_253' title='bbox 1613 2576 1753 2625; x_wconf 88' lang='lat' dir='ltr'>solita</span> <span class='ocrx_word' id='word_1_254' title='bbox 1779 2581 1826 2625; x_wconf 92' lang='lat' dir='ltr'>et</span> <span class='ocrx_word' id='word_1_255' title='bbox 1850 2579 2095 2625; x_wconf 87' lang='lat' dir='ltr'>consueta.</span> 
     </span>
     <span class='ocr_line' id='line_1_29' title="bbox 341 2659 2104 2728; baseline -0.003 -16"><span class='ocrx_word' id='word_1_256' title='bbox 341 2665 427 2722; x_wconf 87' lang='lat' dir='ltr'>Qui</span> <span class='ocrx_word' id='word_1_257' title='bbox 450 2664 644 2728; x_wconf 92' lang='lat' dir='ltr'>quidem</span> <span class='ocrx_word' id='word_1_258' title='bbox 667 2664 945 2726; x_wconf 87' lang='lat' dir='ltr'>capitaneus</span> <span class='ocrx_word' id='word_1_259' title='bbox 965 2667 1072 2726; x_wconf 91' lang='lat' dir='ltr'>post</span> <span class='ocrx_word' id='word_1_260' title='bbox 1099 2661 1414 2710; x_wconf 91' lang='lat' dir='ltr'>elevationem</span> <span class='ocrx_word' id='word_1_261' title='bbox 1445 2659 1735 2709; x_wconf 83' lang='lat' dir='ltr'>sacramenti</span> <span class='ocrx_word' id='word_1_262' title='bbox 1763 2659 1811 2707; x_wconf 92' lang='lat' dir='ltr'>in</span> <span class='ocrx_word' id='word_1_263' title='bbox 1846 2659 1993 2707; x_wconf 90' lang='lat' dir='ltr'>missa</span> <span class='ocrx_word' id='word_1_264' title='bbox 2023 2674 2104 2707; x_wconf 90' lang='lat' dir='ltr'>ca-</span> 
     </span>
     <span class='ocr_line' id='line_1_30' title="bbox 336 2741 2104 2812; baseline -0.004 -16"><span class='ocrx_word' id='word_1_265' title='bbox 336 2746 460 2812; x_wconf 91' lang='lat' dir='ltr'>pelle</span> <span class='ocrx_word' id='word_1_266' title='bbox 485 2745 691 2796; x_wconf 84' lang='lat' dir='ltr'>exiverat</span> <span class='ocrx_word' id='word_1_267' title='bbox 713 2762 823 2794; x_wconf 92' lang='lat' dir='ltr'>cum</span> <span class='ocrx_word' id='word_1_268' title='bbox 843 2745 1008 2808; x_wconf 88' lang='lat' dir='ltr'>paucis</span> <span class='ocrx_word' id='word_1_269' title='bbox 1025 2760 1082 2793; x_wconf 89' lang='lat' dir='ltr'>ex</span> <span class='ocrx_word' id='word_1_270' title='bbox 1104 2743 1220 2802; x_wconf 77' lang='lat' dir='ltr'>suis,</span> <span class='ocrx_word' id='word_1_271' title='bbox 1246 2760 1300 2792; x_wconf 90' lang='lat' dir='ltr'>ac</span> <span class='ocrx_word' id='word_1_272' title='bbox 1319 2743 1421 2791; x_wconf 90' lang='lat' dir='ltr'>aliis</span> <span class='ocrx_word' id='word_1_273' title='bbox 1443 2743 1703 2802; x_wconf 90' lang='lat' dir='ltr'>nobilibus,</span> <span class='ocrx_word' id='word_1_274' title='bbox 1726 2742 1871 2790; x_wconf 88' lang='lat' dir='ltr'>etiam</span> <span class='ocrx_word' id='word_1_275' title='bbox 1895 2741 2104 2790; x_wconf 88' lang='lat' dir='ltr'>romanis</span> 
     </span>
     <span class='ocr_line' id='line_1_31' title="bbox 335 2823 2104 2894; baseline -0.004 -16"><span class='ocrx_word' id='word_1_276' title='bbox 335 2845 423 2894; x_wconf 90' lang='lat' dir='ltr'>pro</span> <span class='ocrx_word' id='word_1_277' title='bbox 452 2829 595 2878; x_wconf 90' lang='lat' dir='ltr'>armis</span> <span class='ocrx_word' id='word_1_278' title='bbox 623 2828 927 2893; x_wconf 79' lang='lat' dir='ltr'>recipiendis,</span> <span class='ocrx_word' id='word_1_279' title='bbox 966 2828 1144 2885; x_wconf 84' lang='lat' dir='ltr'>Quibus</span> <span class='ocrx_word' id='word_1_280' title='bbox 1171 2826 1343 2875; x_wconf 90' lang='lat' dir='ltr'>deinde</span> <span class='ocrx_word' id='word_1_281' title='bbox 1374 2825 1599 2888; x_wconf 79' lang='lat' dir='ltr'>receptiS,</span> <span class='ocrx_word' id='word_1_282' title='bbox 1634 2829 1743 2873; x_wconf 88' lang='lat' dir='ltr'>ante</span> <span class='ocrx_word' id='word_1_283' title='bbox 1775 2824 1922 2873; x_wconf 90' lang='lat' dir='ltr'>finem</span> <span class='ocrx_word' id='word_1_284' title='bbox 1957 2823 2104 2872; x_wconf 90' lang='lat' dir='ltr'>misse</span> 
     </span>
     <span class='ocr_line' id='line_1_32' title="bbox 335 2906 2105 2977; baseline -0.005 -16"><span class='ocrx_word' id='word_1_285' title='bbox 335 2913 474 2961; x_wconf 89' lang='lat' dir='ltr'>rediit</span> <span class='ocrx_word' id='word_1_286' title='bbox 497 2913 556 2962; x_wconf 89' lang='lat' dir='ltr'>ad</span> <span class='ocrx_word' id='word_1_287' title='bbox 577 2912 811 2977; x_wconf 91' lang='lat' dir='ltr'>capellam</span> <span class='ocrx_word' id='word_1_288' title='bbox 841 2911 1080 2970; x_wconf 91' lang='lat' dir='ltr'>eamdem,</span> <span class='ocrx_word' id='word_1_289' title='bbox 1108 2909 1447 2968; x_wconf 90' lang='lat' dir='ltr'>brachialibus,</span> <span class='ocrx_word' id='word_1_290' title='bbox 1474 2908 1765 2956; x_wconf 88' lang='lat' dir='ltr'>francalibus</span> <span class='ocrx_word' id='word_1_291' title='bbox 1786 2911 1832 2956; x_wconf 91' lang='lat' dir='ltr'>et</span> <span class='ocrx_word' id='word_1_292' title='bbox 1854 2906 2105 2955; x_wconf 86' lang='lat' dir='ltr'>schineriis</span> 
     </span>
     <span class='ocr_line' id='line_1_33' title="bbox 334 2989 2100 3058; baseline -0.006 -12"><span class='ocrx_word' id='word_1_293' title='bbox 334 3000 545 3046; x_wconf 89' lang='lat' dir='ltr'>armatus</span> <span class='ocrx_word' id='word_1_294' title='bbox 573 3011 706 3044; x_wconf 89' lang='lat' dir='ltr'>more</span> <span class='ocrx_word' id='word_1_295' title='bbox 749 2995 905 3043; x_wconf 86' lang='lat' dir='ltr'>solito.</span> <span class='ocrx_word' id='word_1_296' title='bbox 947 2994 1204 3058; x_wconf 88' lang='lat' dir='ltr'>Capitaneo</span> <span class='ocrx_word' id='word_1_297' title='bbox 1238 2993 1515 3052; x_wconf 83' lang='lat' dir='ltr'>constituto,</span> <span class='ocrx_word' id='word_1_298' title='bbox 1564 2994 1647 3039; x_wconf 91' lang='lat' dir='ltr'><strong>SS.</strong></span> <span class='ocrx_word' id='word_1_299' title='bbox 1691 2993 1749 3038; x_wconf 88' lang='lat' dir='ltr'>D.</span> <span class='ocrx_word' id='word_1_300' title='bbox 1788 2992 1844 3038; x_wconf 92' lang='lat' dir='ltr'>N.</span> <span class='ocrx_word' id='word_1_301' title='bbox 1882 2989 2100 3037; x_wconf 84' lang='lat' dir='ltr'>rediitad</span> 
     </span>
     <span class='ocr_line' id='line_1_34' title="bbox 333 3072 2098 3142; baseline -0.005 -14"><span class='ocrx_word' id='word_1_302' title='bbox 333 3095 594 3139; x_wconf 89' lang='lat' dir='ltr'>cameram,</span> <span class='ocrx_word' id='word_1_303' title='bbox 619 3079 728 3127; x_wconf 89' lang='lat' dir='ltr'>data</span> <span class='ocrx_word' id='word_1_304' title='bbox 746 3078 832 3126; x_wconf 92' lang='lat' dir='ltr'>sub</span> <span class='ocrx_word' id='word_1_305' title='bbox 858 3078 1041 3142; x_wconf 91' lang='lat' dir='ltr'>porticu</span> <span class='ocrx_word' id='word_1_306' title='bbox 1067 3077 1281 3141; x_wconf 92' lang='lat' dir='ltr'>predicto</span> <span class='ocrx_word' id='word_1_307' title='bbox 1310 3074 1628 3124; x_wconf 90' lang='lat' dir='ltr'>cardinalibus</span> <span class='ocrx_word' id='word_1_308' title='bbox 1648 3073 1856 3125; x_wconf 86' lang='lat' dir='ltr'>licentia,</span> <span class='ocrx_word' id='word_1_309' title='bbox 1882 3072 1961 3135; x_wconf 91' lang='lat' dir='ltr'>qui</span> <span class='ocrx_word' id='word_1_310' title='bbox 1987 3087 2098 3120; x_wconf 92' lang='lat' dir='ltr'>cum</span> 
     </span>
     <span class='ocr_line' id='line_1_35' title="bbox 334 3154 2094 3224; baseline -0.005 -15"><span class='ocrx_word' id='word_1_311' title='bbox 334 3162 430 3209; x_wconf 88' lang='lat' dir='ltr'>suis</span> <span class='ocrx_word' id='word_1_312' title='bbox 452 3162 639 3210; x_wconf 89' lang='lat' dir='ltr'>familiis</span> <span class='ocrx_word' id='word_1_313' title='bbox 662 3161 722 3209; x_wconf 89' lang='lat' dir='ltr'>ad</span> <span class='ocrx_word' id='word_1_314' title='bbox 746 3177 831 3208; x_wconf 90' lang='lat' dir='ltr'>sua</span> <span class='ocrx_word' id='word_1_315' title='bbox 850 3160 1024 3224; x_wconf 89' lang='lat' dir='ltr'>palatia</span> <span class='ocrx_word' id='word_1_316' title='bbox 1045 3160 1304 3208; x_wconf 90' lang='lat' dir='ltr'>redierunt.</span> <span class='ocrx_word' id='word_1_317' title='bbox 1336 3157 1517 3205; x_wconf 89' lang='lat' dir='ltr'>Deinde</span> <span class='ocrx_word' id='word_1_318' title='bbox 1544 3155 1787 3219; x_wconf 88' lang='lat' dir='ltr'>predictus</span> <span class='ocrx_word' id='word_1_319' title='bbox 1815 3154 2094 3218; x_wconf 90' lang='lat' dir='ltr'>capitaneus</span> 
     </span>
     <span class='ocr_line' id='line_1_36' title="bbox 330 3237 2081 3309; baseline -0.006 -17"><span class='ocrx_word' id='word_1_320' title='bbox 330 3245 566 3308; x_wconf 89' lang='lat' dir='ltr'>aprelatis</span> <span class='ocrx_word' id='word_1_321' title='bbox 588 3244 746 3309; x_wconf 87' lang='lat' dir='ltr'>palatii</span> <span class='ocrx_word' id='word_1_322' title='bbox 769 3249 815 3292; x_wconf 89' lang='lat' dir='ltr'>et</span> <span class='ocrx_word' id='word_1_323' title='bbox 833 3243 1099 3291; x_wconf 86' lang='lat' dir='ltr'>oratoribus</span> <span class='ocrx_word' id='word_1_324' title='bbox 1125 3247 1171 3291; x_wconf 85' lang='lat' dir='ltr'>et</span> <span class='ocrx_word' id='word_1_325' title='bbox 1196 3239 1500 3290; x_wconf 68' lang='lat' dir='ltr'>cubiszulariis</span> <span class='ocrx_word' id='word_1_326' title='bbox 1528 3254 1582 3286; x_wconf 88' lang='lat' dir='ltr'>ac</span> <span class='ocrx_word' id='word_1_327' title='bbox 1611 3237 1847 3286; x_wconf 87' lang='lat' dir='ltr'>scutiferis</span> <span class='ocrx_word' id='word_1_328' title='bbox 1879 3240 2006 3299; x_wconf 82' lang='lat' dir='ltr'>Pape</span> <span class='ocrx_word' id='word_1_329' title='bbox 2034 3239 2081 3283; x_wconf 91' lang='lat' dir='ltr'>et</span> 
     </span>
     <span class='ocr_line' id='line_1_37' title="bbox 332 3317 2093 3386; baseline -0.005 -13"><span class='ocrx_word' id='word_1_330' title='bbox 332 3327 433 3373; x_wconf 88' lang='lat' dir='ltr'>aliis</span> <span class='ocrx_word' id='word_1_331' title='bbox 455 3328 718 3376; x_wconf 86' lang='lat' dir='ltr'>associatus</span> <span class='ocrx_word' id='word_1_332' title='bbox 740 3331 829 3386; x_wconf 91' lang='lat' dir='ltr'>est,</span> <span class='ocrx_word' id='word_1_333' title='bbox 854 3326 1039 3375; x_wconf 90' lang='lat' dir='ltr'>medius</span> <span class='ocrx_word' id='word_1_334' title='bbox 1060 3326 1185 3374; x_wconf 91' lang='lat' dir='ltr'>inter</span> <span class='ocrx_word' id='word_1_335' title='bbox 1204 3325 1273 3372; x_wconf 95' lang='lat' dir='ltr'>lll.</span> <span class='ocrx_word' id='word_1_336' title='bbox 1299 3326 1356 3372; x_wconf 92' lang='lat' dir='ltr'><strong>D.</strong></span> <span class='ocrx_word' id='word_1_337' title='bbox 1381 3321 1688 3370; x_wconf 88' lang='lat' dir='ltr'>Franciscum</span> <span class='ocrx_word' id='word_1_338' title='bbox 1715 3321 1774 3369; x_wconf 89' lang='lat' dir='ltr'>de</span> <span class='ocrx_word' id='word_1_339' title='bbox 1801 3317 2040 3383; x_wconf 87' lang='lat' dir='ltr'>Aragonia</span> <span class='ocrx_word' id='word_1_340' title='bbox 2066 3331 2093 3364; x_wconf 88' lang='lat' dir='ltr'>a</span> 
     </span>
     <span class='ocr_line' id='line_1_38' title="bbox 333 3400 2089 3468; baseline -0.006 -12"><span class='ocrx_word' id='word_1_341' title='bbox 333 3409 539 3458; x_wconf 87' lang='lat' dir='ltr'>dexteris</span> <span class='ocrx_word' id='word_1_342' title='bbox 562 3416 608 3459; x_wconf 92' lang='lat' dir='ltr'>et</span> <span class='ocrx_word' id='word_1_343' title='bbox 626 3410 1046 3460; x_wconf 85' lang='lat' dir='ltr'>vicecamerarium</span> <span class='ocrx_word' id='word_1_344' title='bbox 1072 3425 1099 3456; x_wconf 91' lang='lat' dir='ltr'>a</span> <span class='ocrx_word' id='word_1_345' title='bbox 1126 3406 1345 3464; x_wconf 82' lang='lat' dir='ltr'>sinistriS,</span> <span class='ocrx_word' id='word_1_346' title='bbox 1369 3405 1587 3468; x_wconf 85' lang='lat' dir='ltr'>equitans</span> <span class='ocrx_word' id='word_1_347' title='bbox 1613 3419 1762 3467; x_wconf 88' lang='lat' dir='ltr'>usque</span> <span class='ocrx_word' id='word_1_348' title='bbox 1784 3403 1844 3452; x_wconf 87' lang='lat' dir='ltr'>ad</span> <span class='ocrx_word' id='word_1_349' title='bbox 1863 3400 2089 3466; x_wconf 89' lang='lat' dir='ltr'>palatium</span> 
     </span>
    </p>
   </div>
  </div>
 </body>
</html>
