2262 3958
413 365 480 401 110
1011 358 1243 398 JOHANNIS
1277 356 1571 405 BURCHARm,
1905 360 2176 404 [octobre1484]

410 463 790 512 Matisconensis.
816 461 1009 509 Missam
1031 459 1285 508 celebravit
1311 475 1434 507 unus
1462 475 1519 507 ex
1546 461 1838 524 presbyteris
1860 462 2177 510 cardinalibus

410 546 457 594 in
484 545 793 595 cardinalium
822 548 868 592 et
890 543 1281 607 presbyterorum
1317 542 1576 607 presentia,
1609 546 1656 591 et
1683 549 1791 607 post
1819 545 2017 594 missam
2045 545 2175 594 cele-

407 629 549 678 brans
572 645 679 678 cum
698 632 902 691 quatuor
922 626 1024 674 aliis
1046 626 1365 674 cardinalibus
1387 642 1520 675 more
1543 627 1682 675 solito
1705 628 1902 677 absolvit
1922 628 2005 694 (1).

474 712 556 760 His
578 712 744 760 diebus
764 710 893 759 venit
913 710 971 759 ad
993 711 1167 759 Urbem
1189 713 1244 757 R.
1276 709 1325 757 in
1347 710 1534 758 Christo
1562 714 1699 774 pater
1719 713 1775 758 D.
1801 711 2024 760 Nicolaus
2046 712 2174 777 epis-

410 812 556 859 copus
594 795 822 844 Lucensis
853 810 963 843 cum
997 794 1203 857 quodam
1241 793 1425 857 collega
1458 809 1567 851 suo;
1610 793 1738 842 venit
1775 794 1835 841 ad
1875 795 2052 843 Urbem
2090 810 2178 859 pro

409 877 682 927 obedientia
722 877 978 942 prestanda
1022 877 1216 925 nomine
1267 877 1629 925 Communitatis
1678 877 1938 936 Lucensis;
1984 878 2062 941 qui
2094 878 2181 927 fuit

408 966 632 1026 receptus
652 977 741 1026 per
759 960 960 1009 familias
985 962 1067 1009 SS.
1095 962 1150 1007 D.
1186 962 1240 1007 N.
1280 965 1327 1008 et
1353 976 1662 1008 romanorum
1697 960 2000 1008 dominorum
2029 961 2182 1009 cardi-

407 1045 602 1102 nalium,
629 1049 675 1093 et
697 1045 755 1092 ad
781 1044 975 1091 domum
1002 1043 1197 1107 hospitii
1229 1043 1299 1091 sui
1331 1043 1596 1091 associatus
1623 1060 1632 1092 :
1658 1043 1737 1107 qui
1764 1044 1936 1092 deinde
1965 1044 2013 1092 in
2040 1044 2180 1093 tertia

408 1128 514 1177 aula
539 1127 699 1192 palatii
725 1127 773 1175 in
800 1126 1084 1176 consistorio
1112 1126 1301 1190 publico
1330 1127 1537 1190 prestitit
1565 1127 1887 1175 obedientiam
1913 1127 2177 1190 predictam

409 1210 709 1258 sanctissimo
731 1212 787 1257 D.
814 1211 869 1256 N.
893 1209 1058 1257 ordine
1082 1213 1128 1257 et
1149 1225 1283 1258 more
1306 1214 1540 1258 consueto
1559 1214 1608 1271 ⁶et
1630 1210 1864 1258 ordinato.

476 1293 681 1341 Sabbato
703 1296 730 1341 9
752 1292 932 1340 mensis
960 1292 1171 1340 octobris
1198 1293 1411 1340 habitum
1439 1292 1527 1340 fuit
1550 1294 1773 1356 generale
1804 1293 2063 1357 capitulum
2084 1293 2177 1343 fra-

408 1381 533 1426 trum
550 1374 729 1424 ordinis
745 1374 1103 1440 predicatorum
1122 1374 1170 1422 in
1192 1379 1427 1423 conventu
1450 1375 1589 1423 beate
1601 1375 1748 1423 Marie
1763 1391 1905 1440 supra
1915 1376 2176 1425 Minervam

406 1475 493 1524 pro
516 1457 751 1508 electione
773 1456 1011 1522 generalis
1033 1472 1218 1516 eorum,
1250 1462 1297 1505 et
1317 1457 1364 1504 in
1387 1462 1601 1504 votorum
1624 1457 1908 1506 collectione
1930 1464 2175 1523 repertum

409 1546 481 1591 est
524 1542 806 1606 magistrum
845 1543 1079 1589 Joannem
1119 1541 1177 1588 de
1218 1543 1358 1588 Curte
1415 1540 1700 1604 papiensem
1737 1541 1955 1605 ejusdem
1994 1542 2174 1591 ordinis

408 1627 731 1691 professorem
765 1629 811 1673 et
851 1625 1110 1688 quemdam
1147 1624 1296 1687 ipsius
1346 1625 1527 1673 ordinis
1572 1624 1898 1689 professorem
1932 1626 2175 1674 *Venatum

407 1709 541 1774 paria
561 1713 666 1757 vota
699 1707 897 1766 habere,
933 1723 989 1756 ex
1025 1723 1117 1770 quo
1148 1708 1290 1756 ambo
1319 1725 1407 1772 per
1441 1724 1552 1756 suos
1583 1707 1808 1772 partiales
1843 1707 1892 1754 in
1925 1698 2176 1771 generales

409 1791 590 1856 recepti
628 1795 736 1839 sunt
773 1797 821 1839 et
850 1789 1097 1854 publicati,
1135 1795 1181 1839 et
1214 1807 1357 1855 super
1377 1792 1524 1840 altare
1547 1789 1750 1839 ecclesie
1778 1789 1890 1838 dicti
1912 1795 2177 1840 conventus

408 1874 549 1939 positi
592 1873 886 1932 successive,
933 1873 1058 1921 unde
1101 1889 1328 1937 magnum
1368 1875 1647 1923 scandalum
1691 1874 1816 1922 inter
1852 1874 2022 1924 fratres
2062 1875 2175 1925 dicti

409 1955 588 2006 ordinis
622 1961 693 2005 est
732 1960 950 2005 exortum
985 1961 1032 2004 et
1061 1972 1233 2021 magna
1276 1958 1512 2018 confusio,
1552 1959 1671 2008 adeo
1702 1960 1828 2023 quod
1869 1958 1960 2007 nisi
1999 1958 2176 2023 guber-

407 2046 546 2088 nator
583 2039 722 2088 Urbis
758 2054 869 2087 cum
910 2044 1052 2104 gente
1096 2056 1181 2088 sua
1220 2040 1530 2101 occurrisset,
1578 2043 1764 2106 majora
1794 2041 2178 2091 inconvenientia

409 2129 570 2172 essent
616 2121 871 2172 subsecuta
913 2140 923 2171 :
964 2127 1125 2171 tamen
1178 2124 1261 2171 SS.
1305 2125 1362 2170 D.
1400 2125 1484 2182 N.,
1527 2124 1587 2171 ad
1630 2124 1901 2173 instantiam
1943 2124 2092 2172 Rmi..
2115 2125 2170 2173 D.

407 2204 660 2255 cardinalis
699 2204 996 2270 Neapolitani
1034 2206 1147 2255 dicti
1182 2206 1361 2254 ordinis
1400 2207 1706 2270 protectoris,
1742 2207 1821 2271 qui
1855 2212 2016 2272 partes
2049 2207 2174 2256 illius

406 2289 580 2340 Veneti
601 2290 807 2349 fovebat,
837 2290 902 2338 ita
929 2290 1119 2338 volente
1148 2294 1193 2338 et
1223 2290 1500 2349 mandante,
1533 2293 1747 2340 Venetus
1775 2291 1987 2340 officium
2017 2290 2172 2356 ipsum

409 2371 620 2432 retinuit,
644 2373 794 2421 altero
812 2377 974 2436 preter
995 2389 1128 2421 suam
1143 2373 1432 2421 voluntatem
1455 2373 1810 2435 acquiescente.

471 2454 738 2514 Dominica,
777 2459 834 2504 10
856 2455 969 2503 dicti
1003 2456 1183 2503 mensis
1212 2455 1439 2514 octobris,
1466 2455 1645 2518 paratis
1668 2472 1755 2520 pro
1784 2471 1920 2505 more
1948 2456 2172 2505 omnibus

411 2539 689 2604 opportunis
716 2554 802 2602 pro
836 2538 1047 2601 exequiis
1081 2538 1129 2586 in
1162 2538 1368 2586 ecclesia
1384 2538 1523 2586 beate
1545 2538 1692 2586 Marie
1717 2554 1860 2603 super
1887 2539 2168 2600 Minervam,

407 2622 570 2670 habita
615 2626 688 2670 est
734 2622 881 2670 missa
924 2622 1111 2685 publica
1153 2622 1393 2685 exequalis
1434 2638 1519 2686 pro
1565 2622 1724 2670 anima
1763 2621 1888 2672 bone
1933 2623 2166 2672 memorie

404 2705 644 2754 Laurentii
665 2705 933 2769 patriarche
955 2704 1258 2764 Antiocheni,
1280 2720 1423 2768 quam
1440 2705 1711 2765 celebravit,
1737 2703 1775 2753 si
1796 2709 1926 2755 recte
1946 2706 2163 2764 memini,

402 2790 458 2835 R.
493 2790 544 2835 P.
577 2789 632 2835 D.
665 2788 934 2851 Stephanus
968 2787 1358 2852 archiepiscopus
1394 2786 1739 2848 Antibarensis,
1778 2805 1863 2838 seu
1895 2788 2014 2838 alius
2042 2789 2168 2855 epis-

403 2887 566 2936 copus.
599 2871 919 2919 Interfuerunt
947 2870 1114 2918 RRmi.
1145 2872 1244 2918 DD.
1273 2887 1310 2919 s.
1343 2871 1506 2931 Marci,
1539 2887 1577 2918 s.
1606 2869 1794 2936 Angeli,
1817 2872 2081 2936 Agriensis,
2105 2871 2164 2920 de

401 2956 626 3014 Foscaro,
649 2958 696 3004 et
718 2970 756 3001 s.
773 2952 963 3016 Georgii
980 2952 1266 3013 cardinales,
1287 2954 1455 3017 quibus
1474 2955 1583 3002 data
1598 2960 1704 3003 sunt
1718 2953 1960 3003 intorticia
1970 2970 2160 3019 magna,

449 3114 479 3151 1.
510 3128 528 3148 «
550 3112 648 3150 Hieri
667 3116 774 3150 nocte
795 3123 817 3149 a
845 3123 906 3149 ore
933 3112 956 3148 6
972 3110 1063 3148 mori
1083 3110 1113 3148 el
1141 3107 1248 3148 Rmo.
1277 3110 1383 3148 Card.
1411 3106 1679 3149 Matisconense
1698 3123 1717 3149 e
1737 3111 1881 3148 innanzi
1903 3112 1941 3149 di
1959 3113 1996 3150 fu
2017 3111 2162 3162 seppel-

399 3174 482 3219 lito3
504 3173 572 3210 Dio
592 3173 698 3210 abbia
721 3173 809 3209 fatto
830 3180 956 3209 verace
978 3171 1138 3219 perdono
1158 3170 1214 3206 all'
1237 3170 1356 3206 anima
1374 3181 1486 3207 sua.»
1508 3171 1675 3219 Depeche
1691 3171 1736 3208 de
1749 3171 1999 3219 Vespuccidu
2018 3171 2062 3209 13
2082 3183 2162 3221 sep-

398 3233 536 3269 tembre
563 3234 668 3270 1484.
691 3233 748 3281 (In
772 3227 909 3268 Tabul.
941 3231 1023 3277 Ref.
1050 3231 1162 3266 class.
1183 3224 1230 3275 X,
1256 3228 1349 3266 Dist.
1371 3229 1406 3272 4,
1431 3236 1472 3265 n⁰
1492 3229 1569 3277 33.)
1597 3229 1624 3265 Il
1649 3230 1702 3267 fut
1735 3231 1888 3268 enseveli
1916 3231 2006 3269 dans
2025 3228 2162 3279 Peg-lise

399 3291 442 3327 de
462 3291 721 3328 Sainte—Marie
741 3292 789 3327 du
808 3290 958 3339 Peuple.

447 3351 545 3388 C'est
564 3352 657 3388 donc
677 3354 699 3388 a
718 3351 789 3388 tort
809 3362 880 3400 que
900 3349 1027 3387 Frizon
1048 3350 1196 3397 (Gallia
1215 3348 1463 3395 Pur-puram,
1491 3360 1527 3396 p.
1548 3349 1646 3397 519),
1668 3353 1703 3386 et
1724 3350 1883 3388 Palatius
1905 3351 2025 3400 (Fasti
2042 3350 2158 3387 eard.

397 3410 569 3444 omnium
590 3411 631 3447 S.
657 3411 701 3447 R.
730 3411 794 3456 Ε.,
824 3417 891 3446 etc.
923 3409 1101 3455 Venetus,
1124 3412 1151 3446 t.
1176 3407 1221 3453 II,
1253 3419 1289 3455 p.
1320 3406 1440 3455 366-7)
1471 3406 1591 3444 disent
1622 3408 1709 3456 qu’il
1734 3414 1878 3447 mourut
1903 3410 1936 3447 le
1956 3409 2000 3446 14
2019 3408 2161 3445 decem·

396 3466 459 3503 bre
474 3468 577 3506 1484.
