2262 3958
190 299 299 348 [Avril
319 298 412 345 ¹492]
632 297 802 334 RERUM
836 297 1141 336 URBANARUM
1175 299 1526 337 COMMENTARII.
1903 302 1974 337 467

255 399 518 450 cardinalis
538 401 919 450 Rechanatensis
935 400 1105 450 obtulit
1123 405 1306 450 tantum
1320 402 1440 451 duos
1452 416 1648 466 grossos
1666 401 1967 462 florentinos,

185 483 438 533 cardinalis
459 488 507 532 et
527 486 765 533 Ascanius
787 485 988 535 ducatos
1007 487 1240 551 quinque,
1266 486 1466 535 Medicis
1491 489 1605 544 tres,
1630 486 1708 534 alii
1732 502 1882 534 unum
1896 487 1970 535 vel

184 566 492 632 alphonsum.
518 569 828 618 Offertorium
857 571 1077 618 ascendit
1105 570 1166 618 ad
1186 570 1386 618 ducatos
1426 570 1474 617 in
1507 585 1623 618 auro
1655 569 1851 634 triginta
1879 585 1969 618 no-

183 665 310 710 vem,
342 651 604 716 alphonsos
627 658 724 702 tres
761 653 874 702 etin
895 658 1094 702 moneta
1115 654 1175 701 ad
1197 653 1418 702 carlenos
1440 654 1705 718 nonaginta
1724 653 1800 702 vel
1817 653 1962 702 circa.

249 735 431 784 Eadem
449 736 525 784 die
554 736 682 785 circa
707 736 880 784 horam
909 752 1010 795 xxi,
1042 735 1232 799 incepte
1264 737 1458 784 fuerunt
1487 737 1719 785 matutine
1742 738 1968 786 tenebra-

182 835 290 869 rum
309 819 357 868 in
387 821 573 886 capella
601 803 835 885 predicta,
873 822 1004 884 Papa
1036 821 1254 868 absente.
1293 822 1441 866 Rmus
1472 822 1531 867 D.
1568 819 1822 867 cardinalis
1861 823 1971 867 Par-

181 904 366 954 mensis
386 905 462 954 die
484 903 696 953 crastina
715 903 1046 952 celebraturus
1074 903 1192 952 dixit
1214 903 1499 951 orationem.

246 988 457 1040 Sabbato
469 990 525 1036 21
546 987 728 1052 aprilis,
747 990 913 1035 Rmus.
931 991 988 1036 D.
1012 987 1268 1036 cardinalis
1285 986 1579 1047 Parmensis,
1603 990 1732 1051 Papa
1746 987 1964 1045 absente,

179 1072 438 1127 celebravit
466 1071 684 1121 officium
712 1071 762 1118 in
789 1071 975 1135 capella
1003 1071 1267 1137 sepedicta,
1301 1072 1349 1119 in
1377 1088 1472 1136 qua
1497 1072 1661 1120 omnia
1690 1087 1827 1122 more
1850 1088 1969 1121 con-

178 1162 319 1208 sueto
349 1160 460 1206 sunt
493 1155 761 1205 observata.
801 1157 1051 1215 CantoreS,
1087 1156 1233 1204 finitis
1273 1156 1540 1220 prophetiis
1569 1160 1617 1204 et
1647 1156 1964 1215 orationibUS,

177 1242 283 1293 sine
299 1258 456 1302 mora,
479 1258 579 1292 non
601 1246 916 1306 expectantes
939 1240 1068 1305 quod
1089 1240 1341 1289 celebrans
1369 1239 1614 1304 planetam
1636 1241 1903 1305 deponeret
1921 1245 1968 1289 et

178 1327 241 1377 ad
259 1327 526 1377 scabellum
555 1326 756 1385 veniret,
788 1325 1078 1390 inceperunt
1100 1324 1317 1384 litanias;
1350 1325 1480 1388 quod
1508 1325 1671 1375 facere
1698 1341 1796 1373 non
1818 1325 1968 1375 debe-

177 1411 311 1472 bant,
336 1411 423 1461 sed
442 1427 614 1460 omnes
636 1416 912 1475 expectare.

243 1496 498 1545 Dominica
525 1495 711 1545 Pasche
742 1493 1115 1544 resurrectionis
1141 1493 1390 1541 salvatoris
1419 1493 1572 1541 nostri
1592 1497 1632 1541 J.
1659 1493 1854 1553 Christi,
1881 1496 1964 1543 SS.

179 1580 237 1628 D.
254 1580 312 1628 N.
329 1581 526 1644 paratus
547 1593 684 1627 more
703 1578 846 1626 solito
867 1576 1165 1642 paramentis
1188 1580 1235 1624 et
1255 1577 1378 1625 tiara
1393 1577 1488 1625 sive
1502 1593 1673 1641 regnO,
1698 1578 1788 1626 sub
1803 1578 1969 1627 balda-

177 1661 342 1722 chino,
375 1663 559 1726 absque
593 1662 925 1726 processione,
957 1665 1122 1710 tamen
1148 1662 1275 1709 venit
1309 1661 1370 1710 ad
1391 1662 1638 1711 basilicam
1662 1679 1700 1711 s.
1738 1663 1868 1712 Petri
1888 1663 1966 1712 ubi

146 1732 149 1733 ⁷
179 1746 347 1795 RmuS.
373 1747 431 1794 D.
459 1745 884 1795 vicecancellarius
913 1746 1171 1795 celebravit
1199 1747 1399 1794 missam
1432 1747 1702 1797 solemnem
1727 1764 1736 1796 ε
1763 1748 1967 1797 creden-

175 1827 299 1879 tiarii
320 1834 612 1894 paraverunt
635 1846 785 1877 unum
803 1846 890 1894 par
910 1829 1138 1878 bacilium
1161 1834 1209 1878 et
1230 1830 1351 1878 duas
1372 1831 1625 1894 mappulas
1646 1847 1733 1895 pro
1754 1831 1967 1880 lavandis

177 1916 228 1963 et
255 1913 502 1979 tergendis
532 1913 756 1962 manibus
794 1916 922 1978 Pape
969 1918 1017 1962 et
1047 1913 1191 1962 aliam
1226 1914 1502 1978 mappulam
1529 1930 1616 1978 pro
1644 1914 1878 1978 partitore
1910 1931 1966 1963 ac

175 2001 384 2047 tazzeam
404 2013 492 2063 pro
509 1997 761 2047 credentia
781 2003 827 2046 et
849 1997 1052 2046 sacrista
1073 1998 1275 2046 calicem
1297 1998 1631 2063 crystallinum
1658 2014 1768 2047 cum
1794 1998 1965 2048 hostiis

173 2096 263 2146 pro
295 2081 638 2131 communione
665 2081 850 2146 populi,
880 2082 1158 2145 mappulam
1189 2081 1445 2145 pulchram
1476 2098 1564 2146 pro
1594 2081 1891 2131 subdiacono
1920 2086 1966 2130 et

175 2166 320 2217 aliam
341 2165 566 2216 subtilem
591 2181 680 2230 pro
709 2165 894 2229 gremio
923 2168 1050 2228 Pape
1078 2165 1126 2212 in
1154 2166 1500 2214 communione
1524 2165 1743 2230 predicta
1766 2170 1984 2230 mappu-'

173 2251 271 2301 lam
303 2265 416 2300 cum
447 2265 593 2315 parva
625 2253 780 2298 tazzea
813 2264 901 2313 pro
935 2248 1180 2297 ablutione
1219 2249 1479 2314 digitorum
1511 2239 1658 2314 Pape.
1699 2252 1793 2298 Pro
1830 2265 1966 2298 com-

173 2335 424 2394 munione,
454 2333 584 2383 djcto
618 2333 693 2381 Et
725 2333 861 2381 homo
886 2335 1048 2399 faetus
1075 2341 1158 2393 est,
1193 2332 1427 2382 diaconus
1451 2333 1635 2398 capelle
1662 2333 1870 2399 portavit
1906 2333 1965 2382 ad

174 2419 323 2470 altare
349 2417 551 2468 calicem
575 2417 908 2483 crystallinum
942 2432 1054 2466 cum
1087 2417 1259 2466 hostiis
1292 2434 1380 2482 pro
1417 2418 1762 2467 communione
1799 2417 1966 2482 populi

174 2508 223 2554 et
241 2504 455 2568 desuper
472 2502 743 2568 corporalia
764 2501 810 2550 in
834 2501 1078 2551 oblatione
1106 2501 1285 2551 hostie.
1311 2505 1413 2567 Ego
1435 2502 1814 2552 commemoravi
1835 2501 1966 2551 cele-

173 2588 332 2638 branti
354 2587 540 2638 hostias
567 2586 616 2635 in
647 2586 798 2636 calice
827 2602 915 2650 pro
946 2586 1126 2651 populo
1157 2590 1350 2651 paratas
1383 2587 1603 2637 similiter
1623 2587 1672 2635 in
1706 2602 1966 2636 consecra-

174 2673 324 2734 tione,
351 2672 433 2737 qui
453 2671 576 2721 calix
594 2670 865 2720 hostiarum
891 2670 1079 2719 locatus
1100 2670 1186 2719 fuit
1205 2675 1315 2735 post
1337 2671 1484 2721 alium
1506 2663 1728 2731 calicem,
1753 2675 1805 2719 ut
1825 2670 1959 2720 alias„

173 2757 452 2816 CelebranS,
466 2756 594 2805 facta
604 2755 967 2815 communione,
983 2755 1318 2820 purificatione
1332 2760 1380 2805 et
1392 2757 1654 2815 ablutione,
1667 2755 1779 2804 lavit
1793 2770 1964 2803 manus

172 2840 223 2890 in
247 2856 407 2891 -cornu
442 2838 664 2905 epistole,
690 2838 793 2887 sine
827 2839 971 2888 mitra
1008 2842 1160 2899 stam,
1184 2840 1382 2890 renibus
1404 2840 1581 2905 populo
1609 2843 1657 2888 et
1684 2839 1806 2887 facie
1836 2841 1962 2902 Pape

171 2925 322 2976 versis
347 2942 358 2975 ε
383 2925 556 2990 quibus
576 2923 688 2973 lotis
709 2924 929 2973 ascendit
956 2923 1018 2972 ad
1043 2923 1192 2972 altare
1221 2925 1270 2972 in
1295 2924 1467 2973 eodem
1498 2940 1651 2972 cornu
1680 2926 1960 2986 expectanS,

94 3056 96 3059 ,
174 3009 298 3060 facie
319 3010 454 3059 altari
475 3025 632 3059 versa.
654 3011 778 3057 Tum
793 3007 1026 3057 diaconus
1039 3007 1222 3071 capelle
1243 3011 1372 3056 stans
1391 3011 1502 3056 ante
1520 3007 1741 3055 infimum
1760 3005 1962 3069 gradum

174 3091 300 3152 solii,
317 3095 366 3141 et
387 3093 693 3152 semiversus,
719 3091 837 3140 dixit
860 3091 1116 3155 Confiteor,
1142 3091 1344 3151 malias,
1371 3096 1419 3139 et
1447 3094 1577 3154 Papa
1594 3105 1653 3139 ex
1672 3089 1797 3137 libro
1818 3103 1962 3152 quem

173 3174 306 3240 prior
325 3176 652 3225 assistentium
675 3177 890 3234 tenebat,
915 3190 1061 3224 cruce
1088 3190 1173 3222 sua
1196 3174 1244 3222 in
1276 3175 1416 3223 solito
1437 3174 1545 3223 loco
1573 3172 1774 3220 dimissa
1794 3175 1842 3220 et
1864 3187 1962 3219 non

173 3261 441 3323 apportata,
475 3259 591 3308 dixit
618 3260 923 3320 Misereatur‚
958 3267 1064 3318 eta,
1100 3263 1148 3306 et
1177 3258 1541 3322 indalyentiam,
1574 3264 1680 3316 ete„
1713 3261 1760 3305 et
1781 3259 1964 3320 preter-

171 3342 330 3391 missis
346 3342 504 3392 verbis
520 3348 568 3393 et
580 3344 961 3403 benedictionem,
980 3351 1087 3401 ete„
1110 3342 1231 3391 nihil
1250 3341 1476 3401 dicendo,
1497 3341 1678 3406 populo
1691 3339 1956 3389 benedixit.

173 3428 293 3475 Tum
319 3428 460 3487 sedit,
485 3433 687 3493 accepta
709 3429 868 3488 mitra,
900 3433 947 3477 et
967 3427 1080 3476 lavit
1109 3443 1281 3475 manus
1313 3426 1482 3475 ordine
1511 3425 1671 3485 solit0,
1708 3423 1961 3489 capitaneo
