2262 3958
332 349 380 384 50
940 347 1172 383 JOHANNIS
1205 346 1499 392 BURCHARDI,
1894 349 1997 389 [Aont
2018 349 2110 390 1484]

337 455 537 514 nepotes
577 467 768 514 regum,
813 451 1131 514 competentis
1168 451 1439 511 literature,
1484 455 1531 499 et
1569 452 1628 499 de
1669 452 1869 500 consilio
1908 453 2112 501 duarum

338 534 543 597 partium
565 535 871 581 dominorum
899 534 1230 582 cardinalium.
1262 537 1331 582 De
1359 535 1605 598 parentela
1632 539 1679 583 et
1700 536 2115 600 consanguinitate

340 633 440 676 sua,
483 633 579 664 non
618 618 779 680 plures
820 634 963 680 quam
1005 634 1154 666 unum
1201 618 1444 666 dumtaxat
1489 618 1840 681 qualificatum,
1882 623 1934 668 ut
1973 635 2116 684 supra

339 701 655 764 promovebit,
681 717 770 749 nec
792 718 1002 764 unquam
1024 702 1225 750 excedet
1250 717 1504 749 numerum
1534 701 1698 765 viginti
1725 706 1933 765 quatuor
1958 702 2115 751 cardi-

340 784 517 831 nalium
543 784 833 847 ubicumque
871 789 918 833 et
949 786 1346 849 quandocumque
1386 789 1433 833 et
1471 785 1803 849 undecumque
1843 786 2112 835 consisten-

340 867 478 926 tium,
503 871 550 915 et
570 867 725 927 aliter,
748 868 822 916 vel
842 868 935 916 alio
957 869 1102 916 modo
1131 868 1279 917 creati
1306 872 1414 932 post
1443 872 1650 916 mortem
1677 869 1938 933 pontificis,
1970 869 2115 918 etiam

341 951 378 997 si
406 950 598 998 interim
626 951 928 999 exercuerint
959 952 1189 1012 officium,
1227 952 1321 1000 sint
1350 952 1585 1000 inhabiles
1616 952 1664 999 in
1694 953 1932 1001 electione
1963 953 2117 1018 ponti-

340 1034 444 1081 ficis
466 1034 616 1082 active
639 1038 686 1082 et
700 1035 903 1098 passive,
927 1052 1017 1083 nec
1040 1035 1087 1082 in
1108 1040 1356 1099 posterum
1377 1036 1646 1084 habeantur
1665 1052 1752 1100 pro
1768 1037 2112 1096 cardinalibus;

340 1133 428 1165 nee
467 1118 648 1166 creabit
687 1135 896 1181 unquam
930 1119 1160 1182 aliquem,
1197 1119 1287 1166 nisi
1320 1119 1450 1183 prius
1484 1119 1740 1168 reducatur
1768 1120 2025 1185 collegium
2057 1121 2118 1169 ad

338 1217 592 1249 numerum
613 1201 850 1249 minorem
876 1218 992 1250 xxlv
1012 1206 1059 1250 et
1080 1218 1190 1250 eum
1220 1219 1317 1250 non
1345 1204 1602 1263 excedant,
1639 1208 1690 1252 ut
1718 1203 1988 1267 predictum
2023 1208 2115 1264 est,

338 1283 562 1347 ipsosque
597 1285 831 1333 creandos
865 1285 1021 1333 subito
1059 1285 1320 1350 publicabit
1349 1303 1439 1335 nec
1469 1303 1553 1335 eos
1583 1287 1766 1335 tenebit
1799 1291 2009 1346 secreto;
2042 1287 2129 1335 in-

341 1383 431 1430 que
465 1368 708 1417 creatione
742 1385 911 1416 eorum
946 1369 1228 1417 convocabit
1261 1370 1482 1418 dominos
1517 1369 1785 1418 cardinales
1826 1386 1995 1419 omnes
2037 1371 2116 1434 qui

340 1453 592 1501 commode
630 1454 792 1503 venire
832 1458 1058 1517 poterunt
1105 1454 1154 1502 in
1202 1455 1333 1503 Italia
1382 1455 1660 1515 existenteS,
1716 1471 1744 1503 a
1788 1453 2005 1503 Bononia
2041 1453 2117 1502 vel

340 1536 580 1584 Florentia
612 1538 748 1596 citra,
791 1538 1012 1600 quodque
1053 1538 1305 1601 exquisitio
1343 1539 1649 1586 dominorum
1686 1537 1999 1586 cardinalium
2032 1537 2117 1586 fiet

338 1620 733 1668 consistorialiter
753 1624 799 1668 et
817 1637 912 1668 non
931 1620 1284 1680 auriculariter;
1310 1626 1357 1670 et
1376 1623 1470 1683 hoc
1488 1622 1783 1686 intelligatur
1801 1621 1851 1670 in
1871 1620 2114 1670 creatione

339 1703 652 1751 cardinalium
674 1708 874 1752 tantum.

404 1788 546 1847 Item,
581 1787 709 1849 quod
741 1788 919 1834 nullam
952 1787 1274 1850 provisionem
1309 1803 1392 1834 seu
1434 1786 1839 1850 permutationem
1871 1785 2017 1835 faciet
2055 1784 2114 1834 de

338 1870 554 1918 ecclesiis
587 1870 958 1927 cathedralibus,
991 1870 1211 1929 abbatiis,
1241 1870 1528 1933 prioratibuS
1557 1873 1605 1917 et
1638 1870 1999 1934 magistratibus
2036 1875 2120 1920 aut

337 1952 440 1999 aliis
481 1953 858 2016 quibuscumque
896 1953 944 2001 in
978 1969 1170 2002 camera
1206 1954 1469 2017 apostolica
1507 1953 1676 2001 taxatis
1711 1959 1757 2001 et
1793 1971 1891 2003 non
1926 1955 2116 2014 taxatis,

339 2035 484 2083 etiam
512 2037 597 2083 sub
625 2036 762 2084 titulo
791 2037 1101 2096 commende,
1136 2036 1560 2085 administrationis
1587 2037 1664 2084 vel
1692 2037 1785 2085 alio
1814 2054 2127 2101 quocumque

342 2118 472 2165 titulo
505 2118 600 2166 sive
627 2120 797 2179 modo,
826 2120 919 2167 nisi
955 2120 1352 2168 consistorialiter
1383 2110 1463 2167 aut
1488 2119 1841 2170 interveniente
1878 2137 2117 2170 consensu

338 2200 506 2248 saltem
527 2201 724 2264 majoris
741 2203 888 2266 partis
911 2203 1242 2262 cardinalium,
1266 2207 1571 2267 preterquam
1592 2203 1650 2250 de
1671 2202 1763 2250 hiis
1785 2219 1876 2265 que
1899 2203 2116 2252 conferet

337 2284 543 2331 dominis
564 2285 883 2333 cardinalibus
906 2291 954 2334 et
973 2290 1277 2350 preterquam
1299 2287 1357 2334 de
1384 2286 1603 2345 abbatiiS,
1632 2301 1723 2348 que
1751 2302 1850 2333 non
1878 2286 2117 2335 excedunt

336 2365 546 2414 valorem
567 2367 886 2415 ducentorum
907 2369 1209 2428 ducatorum,
1231 2373 1278 2417 et
1299 2369 1415 2416 nihil
1436 2369 1560 2416 ultra
1582 2372 1738 2416 taxam
1759 2369 1978 2433 recipiet.

406 2451 549 2508 Item,
589 2450 717 2512 quod
752 2451 931 2498 nullam
968 2451 1242 2498 facultatem
1271 2451 1578 2514 presentandi
1623 2456 1703 2498 aut
1744 2450 2024 2498 nominandi
2058 2450 2118 2499 ad

340 2531 570 2579 ecclesias
601 2533 875 2581 cathedales
913 2538 959 2581 et
993 2533 1285 2581 monasteria
1323 2534 1558 2581 concedet
1598 2532 1893 2597 principibus
1937 2534 2120 2582 secula-

338 2615 467 2662 ribus
507 2619 586 2663 aut
629 2615 823 2679 prelatis
861 2616 1203 2664 ecclesiasticis
1236 2617 1583 2680 cujuscumque
1616 2615 1930 2676 conditionis,
1969 2620 2116 2665 status

338 2702 416 2746 aut
438 2698 675 2760 qualitatis
701 2699 922 2759 existant,
958 2699 1052 2746 sive
1081 2699 1359 2763 imperialis,
1394 2699 1584 2762 regalis,
1619 2698 1818 2758 ducalis,
1850 2698 2116 2763 archiepis-

338 2780 542 2844 copalis,
580 2781 865 2845 episcopalis
894 2782 967 2829 vel
1001 2782 1346 2846 cujuscumque
1383 2782 1580 2830 alterius
1614 2782 1989 2846 preeminentie‚
2021 2781 2113 2830 nisi

336 2864 394 2912 de
418 2879 645 2927 expresso
668 2864 869 2912 consilio
890 2865 963 2913 vel
984 2881 1185 2914 assensu
1203 2866 1399 2930 majoris
1419 2866 1570 2930 partis
1593 2865 1926 2914 cardinalium.

402 2949 544 3007 Item,
602 2947 730 3010 quod
778 2948 959 2995 nullam
1003 2949 1182 2997 bullam
1230 2965 1440 3012 unquam
1481 2949 1693 3014 expediri
1737 2949 1982 3014 permittet
2022 2963 2108 2997 seu

337 3029 478 3077 alicui
504 3029 756 3090 concedet,
782 3047 869 3094 per
898 3046 1040 3092 quam
1066 3048 1116 3080 se
1137 3032 1368 3096 astringat
1393 3032 1688 3096 principibus
1711 3031 1784 3079 vel
1810 3030 1951 3079 alicui
1975 3030 2107 3094 ipso-

338 3128 466 3172 rum,
515 3117 597 3161 aut
640 3129 724 3162 eos
771 3113 1005 3161 certificet
1049 3114 1177 3176 quod
1209 3114 1364 3161 nullas
1408 3112 1666 3161 eccelesias
1712 3113 2013 3162 cathedrales
2061 3117 2108 3162 et

336 3196 628 3245 monasteria
648 3196 878 3257 conferet,
901 3195 993 3243 nisi
1012 3196 1071 3244 de
1091 3196 1306 3259 ipsorum
1326 3195 1624 3258 beneplacito
1645 3199 1724 3244 aut
1743 3196 2003 3246 voluntate.

402 3280 543 3338 Item,
587 3279 714 3342 quod
748 3294 846 3327 non
884 3279 1094 3343 deponet
1135 3282 1213 3326 aut
1244 3277 1446 3342 privabit
1483 3277 1689 3340 aliquem
1728 3279 1790 3327 ad
1823 3280 2106 3347 petitionem

338 3359 538 3423 alicujus
577 3362 806 3425 principis
838 3362 930 3409 nisi
964 3356 1167 3426 juridice
1205 3377 1254 3409 se
1291 3362 1495 3409 instruat
1536 3362 1607 3410 vel
1646 3362 1847 3411 crimina
1885 3363 1980 3411 sint
2022 3378 2106 3410 no-

339 3442 459 3489 toria
494 3447 539 3491 et
581 3444 627 3490 iu
664 3461 862 3493 romana
901 3446 1048 3504 curia,
1089 3445 1303 3509 partibus
1342 3446 1455 3494 hinc
1500 3447 1610 3495 inde
1654 3447 1843 3507 auditis,
1890 3445 2103 3510 plenarie
