<?xml version="1.0" encoding="UTF-8"?>
<!DOCTYPE html PUBLIC "-//W3C//DTD XHTML 1.0 Transitional//EN"
    "http://www.w3.org/TR/xhtml1/DTD/xhtml1-transitional.dtd">
<html xmlns="http://www.w3.org/1999/xhtml" xml:lang="en" lang="en">
 <head>
  <title>
</title>
<meta http-equiv="Content-Type" content="text/html;charset=utf-8" />
  <meta name='ocr-system' content='tesseract 3.04.00' />
  <meta name='ocr-capabilities' content='ocr_page ocr_carea ocr_par ocr_line ocrx_word'/>
</head>
<body>
  <div class='ocr_page' id='page_1' title='image "./diariumsivererum01burcuoft_0428.png"; bbox 0 0 2262 3958; ppageno 0'>
   <div class='ocr_carea' id='block_1_1' title="bbox 375 318 2141 367">
    <p class='ocr_par' dir='ltr' id='par_1_1' title="bbox 375 318 2141 367">
     <span class='ocr_line' id='line_1_1' title="bbox 375 318 2141 367; baseline 0.002 -12"><span class='ocrx_word' id='word_1_1' title='bbox 375 322 444 362; x_wconf 72' lang='lat'>418</span> <span class='ocrx_word' id='word_1_2' title='bbox 991 319 1009 356; x_wconf 87' lang='lat' dir='ltr'>J</span> <span class='ocrx_word' id='word_1_3' title='bbox 1015 318 1223 357; x_wconf 83' lang='lat' dir='ltr'>OHANNIS</span> <span class='ocrx_word' id='word_1_4' title='bbox 1256 319 1551 365; x_wconf 82' lang='lat' dir='ltr'>BURCHARDI,</span> <span class='ocrx_word' id='word_1_5' title='bbox 1925 323 2030 365; x_wconf 72' lang='lat' dir='ltr'>[Aosit</span> <span class='ocrx_word' id='word_1_6' title='bbox 2050 323 2141 367; x_wconf 73' lang='lat'>1491]</span> 
     </span>
    </p>
   </div>
   <div class='ocr_carea' id='block_1_2' title="bbox 378 421 2159 3457">
    <p class='ocr_par' dir='ltr' id='par_1_2' title="bbox 378 421 2158 2474">
     <span class='ocr_line' id='line_1_2' title="bbox 439 421 2142 490; baseline 0.001 -17"><span class='ocrx_word' id='word_1_7' title='bbox 439 425 666 479; x_wconf 85' lang='lat' dir='ltr'>Sabbato,</span> <span class='ocrx_word' id='word_1_8' title='bbox 711 425 768 470; x_wconf 75' lang='lat'>27</span> <span class='ocrx_word' id='word_1_9' title='bbox 799 422 980 471; x_wconf 82' lang='lat' dir='ltr'>mensis</span> <span class='ocrx_word' id='word_1_10' title='bbox 1014 421 1203 484; x_wconf 80' lang='lat' dir='ltr'>augusti</span> <span class='ocrx_word' id='word_1_11' title='bbox 1249 421 1469 484; x_wconf 74' lang='lat' dir='ltr'>predicti,</span> <span class='ocrx_word' id='word_1_12' title='bbox 1509 421 1746 472; x_wconf 85' lang='lat' dir='ltr'>celebrate</span> <span class='ocrx_word' id='word_1_13' title='bbox 1792 429 1902 474; x_wconf 91' lang='lat' dir='ltr'>sunt</span> <span class='ocrx_word' id='word_1_14' title='bbox 1941 425 2142 490; x_wconf 83' lang='lat' dir='ltr'>exequie</span> 
     </span>
     <span class='ocr_line' id='line_1_3' title="bbox 378 504 2142 568; baseline 0.001 -11"><span class='ocrx_word' id='word_1_15' title='bbox 378 509 502 557; x_wconf 87' lang='lat' dir='ltr'>bone</span> <span class='ocrx_word' id='word_1_16' title='bbox 524 506 758 555; x_wconf 88' lang='lat' dir='ltr'>memorie</span> <span class='ocrx_word' id='word_1_17' title='bbox 780 505 1011 553; x_wconf 87' lang='lat' dir='ltr'>Johannis</span> <span class='ocrx_word' id='word_1_18' title='bbox 1033 504 1247 568; x_wconf 80' lang='lat' dir='ltr'>episcopi</span> <span class='ocrx_word' id='word_1_19' title='bbox 1279 505 1596 552; x_wconf 91' lang='lat' dir='ltr'>Tornacensis</span> <span class='ocrx_word' id='word_1_20' title='bbox 1617 505 1667 552; x_wconf 89' lang='lat' dir='ltr'>in</span> <span class='ocrx_word' id='word_1_21' title='bbox 1686 507 1891 556; x_wconf 89' lang='lat' dir='ltr'>ecclesia</span> <span class='ocrx_word' id='word_1_22' title='bbox 1922 525 1962 557; x_wconf 91' lang='lat' dir='ltr'>s.</span> <span class='ocrx_word' id='word_1_23' title='bbox 1993 509 2142 558; x_wconf 85' lang='lat' dir='ltr'>Marie</span> 
     </span>
     <span class='ocr_line' id='line_1_4' title="bbox 379 587 2137 657; baseline 0.001 -18"><span class='ocrx_word' id='word_1_24' title='bbox 379 592 437 639; x_wconf 90' lang='lat' dir='ltr'>de</span> <span class='ocrx_word' id='word_1_25' title='bbox 459 591 660 654; x_wconf 92' lang='lat' dir='ltr'>Populo.</span> <span class='ocrx_word' id='word_1_26' title='bbox 684 589 880 636; x_wconf 89' lang='lat' dir='ltr'>Missam</span> <span class='ocrx_word' id='word_1_27' title='bbox 902 587 1161 636; x_wconf 86' lang='lat' dir='ltr'>celebravit</span> <span class='ocrx_word' id='word_1_28' title='bbox 1182 591 1239 635; x_wconf 89' lang='lat' dir='ltr'>R.</span> <span class='ocrx_word' id='word_1_29' title='bbox 1262 590 1314 636; x_wconf 92' lang='lat' dir='ltr'>P.</span> <span class='ocrx_word' id='word_1_30' title='bbox 1342 591 1398 636; x_wconf 92' lang='lat' dir='ltr'>D.</span> <span class='ocrx_word' id='word_1_31' title='bbox 1424 591 1591 637; x_wconf 84' lang='lat' dir='ltr'>Petrus</span> <span class='ocrx_word' id='word_1_32' title='bbox 1618 589 1792 638; x_wconf 91' lang='lat' dir='ltr'>Paulus</span> <span class='ocrx_word' id='word_1_33' title='bbox 1820 591 2074 657; x_wconf 86' lang='lat' dir='ltr'>episcopus</span> <span class='ocrx_word' id='word_1_34' title='bbox 2096 609 2137 641; x_wconf 83' lang='lat' dir='ltr'>s.</span> 
     </span>
     <span class='ocr_line' id='line_1_5' title="bbox 378 673 2142 737; baseline 0.001 -15"><span class='ocrx_word' id='word_1_35' title='bbox 378 674 591 737; x_wconf 82' lang='lat' dir='ltr'>Agathe;</span> <span class='ocrx_word' id='word_1_36' title='bbox 618 689 892 721; x_wconf 91' lang='lat' dir='ltr'>sermonem</span> <span class='ocrx_word' id='word_1_37' title='bbox 923 673 1037 721; x_wconf 86' lang='lat' dir='ltr'>fecit</span> <span class='ocrx_word' id='word_1_38' title='bbox 1063 676 1172 736; x_wconf 88' lang='lat' dir='ltr'>post</span> <span class='ocrx_word' id='word_1_39' title='bbox 1203 673 1400 721; x_wconf 91' lang='lat' dir='ltr'>missam</span> <span class='ocrx_word' id='word_1_40' title='bbox 1427 673 1573 721; x_wconf 88' lang='lat' dir='ltr'>frater</span> <span class='ocrx_word' id='word_1_41' title='bbox 1593 673 1957 724; x_wconf 89' lang='lat' dir='ltr'>Bartholomeus</span> <span class='ocrx_word' id='word_1_42' title='bbox 1978 677 2037 724; x_wconf 85' lang='lat' dir='ltr'>de</span> <span class='ocrx_word' id='word_1_43' title='bbox 2056 676 2142 726; x_wconf 87' lang='lat' dir='ltr'>vi-</span> 
     </span>
     <span class='ocr_line' id='line_1_6' title="bbox 379 755 2140 820; baseline 0.001 -16"><span class='ocrx_word' id='word_1_44' title='bbox 379 757 533 805; x_wconf 89' lang='lat' dir='ltr'>terbio</span> <span class='ocrx_word' id='word_1_45' title='bbox 556 756 737 804; x_wconf 87' lang='lat' dir='ltr'>ordinis</span> <span class='ocrx_word' id='word_1_46' title='bbox 758 756 1134 820; x_wconf 78' lang='lat' dir='ltr'>predicatorum,</span> <span class='ocrx_word' id='word_1_47' title='bbox 1161 772 1247 804; x_wconf 89' lang='lat' dir='ltr'>sua</span> <span class='ocrx_word' id='word_1_48' title='bbox 1266 771 1441 818; x_wconf 81' lang='lat' dir='ltr'>magna</span> <span class='ocrx_word' id='word_1_49' title='bbox 1459 755 1617 804; x_wconf 89' lang='lat' dir='ltr'>laude.</span> <span class='ocrx_word' id='word_1_50' title='bbox 1655 759 1708 804; x_wconf 91' lang='lat' dir='ltr'>In</span> <span class='ocrx_word' id='word_1_51' title='bbox 1739 757 1955 806; x_wconf 89' lang='lat' dir='ltr'>oratione</span> <span class='ocrx_word' id='word_1_52' title='bbox 1974 757 2140 817; x_wconf 84' lang='lat' dir='ltr'>misse,</span> 
     </span>
     <span class='ocr_line' id='line_1_7' title="bbox 380 839 2146 904; baseline -0.001 -15"><span class='ocrx_word' id='word_1_53' title='bbox 380 841 633 904; x_wconf 89' lang='lat' dir='ltr'>episcopus</span> <span class='ocrx_word' id='word_1_54' title='bbox 655 839 892 902; x_wconf 82' lang='lat' dir='ltr'>expressit</span> <span class='ocrx_word' id='word_1_55' title='bbox 913 855 1087 888; x_wconf 90' lang='lat' dir='ltr'>nomen</span> <span class='ocrx_word' id='word_1_56' title='bbox 1112 839 1324 887; x_wconf 82' lang='lat' dir='ltr'>defuncti</span> <span class='ocrx_word' id='word_1_57' title='bbox 1355 844 1516 902; x_wconf 88' lang='lat' dir='ltr'>preter</span> <span class='ocrx_word' id='word_1_58' title='bbox 1537 839 1731 887; x_wconf 90' lang='lat' dir='ltr'>solitum</span> <span class='ocrx_word' id='word_1_59' title='bbox 1759 843 1806 887; x_wconf 90' lang='lat' dir='ltr'>et</span> <span class='ocrx_word' id='word_1_60' title='bbox 1826 855 1985 888; x_wconf 89' lang='lat' dir='ltr'>meam</span> <span class='ocrx_word' id='word_1_61' title='bbox 2015 840 2146 888; x_wconf 82' lang='lat' dir='ltr'>ordi-</span> 
     </span>
     <span class='ocr_line' id='line_1_8' title="bbox 380 922 2148 985; baseline 0.001 -14"><span class='ocrx_word' id='word_1_62' title='bbox 380 925 642 982; x_wconf 78' lang='lat' dir='ltr'>nationem,</span> <span class='ocrx_word' id='word_1_63' title='bbox 673 923 784 985; x_wconf 89' lang='lat' dir='ltr'>quia</span> <span class='ocrx_word' id='word_1_64' title='bbox 815 922 863 969; x_wconf 92' lang='lat' dir='ltr'>in</span> <span class='ocrx_word' id='word_1_65' title='bbox 892 922 1109 984; x_wconf 84' lang='lat' dir='ltr'>exequiis</span> <span class='ocrx_word' id='word_1_66' title='bbox 1147 922 1427 970; x_wconf 90' lang='lat' dir='ltr'>inferiorum</span> <span class='ocrx_word' id='word_1_67' title='bbox 1468 938 1495 969; x_wconf 92' lang='lat' dir='ltr'>a</span> <span class='ocrx_word' id='word_1_68' title='bbox 1533 922 1853 970; x_wconf 75' lang='lat' dir='ltr'>cardinalibus</span> <span class='ocrx_word' id='word_1_69' title='bbox 1890 938 1989 971; x_wconf 89' lang='lat' dir='ltr'>non</span> <span class='ocrx_word' id='word_1_70' title='bbox 2027 923 2148 973; x_wconf 84' lang='lat' dir='ltr'>solet</span> 
     </span>
     <span class='ocr_line' id='line_1_9' title="bbox 384 1005 2146 1069; baseline 0.001 -16"><span class='ocrx_word' id='word_1_71' title='bbox 384 1006 604 1069; x_wconf 86' lang='lat' dir='ltr'>exprimi.</span> <span class='ocrx_word' id='word_1_72' title='bbox 631 1008 744 1053; x_wconf 90' lang='lat' dir='ltr'>Post</span> <span class='ocrx_word' id='word_1_73' title='bbox 765 1005 962 1052; x_wconf 90' lang='lat' dir='ltr'>missam</span> <span class='ocrx_word' id='word_1_74' title='bbox 985 1008 1032 1053; x_wconf 90' lang='lat' dir='ltr'>et</span> <span class='ocrx_word' id='word_1_75' title='bbox 1063 1020 1339 1053; x_wconf 90' lang='lat' dir='ltr'>sermonem</span> <span class='ocrx_word' id='word_1_76' title='bbox 1368 1005 1671 1052; x_wconf 89' lang='lat' dir='ltr'>absolverunt</span> <span class='ocrx_word' id='word_1_77' title='bbox 1709 1020 1844 1054; x_wconf 88' lang='lat' dir='ltr'>more</span> <span class='ocrx_word' id='word_1_78' title='bbox 1867 1005 2026 1065; x_wconf 91' lang='lat' dir='ltr'>solito,</span> <span class='ocrx_word' id='word_1_79' title='bbox 2050 1009 2146 1054; x_wconf 89' lang='lat' dir='ltr'>RR.</span> 
     </span>
     <span class='ocr_line' id='line_1_10' title="bbox 386 1087 2145 1151; baseline 0.001 -16"><span class='ocrx_word' id='word_1_80' title='bbox 386 1089 432 1135; x_wconf 89' lang='lat' dir='ltr'>in</span> <span class='ocrx_word' id='word_1_81' title='bbox 464 1088 651 1136; x_wconf 84' lang='lat' dir='ltr'>Christo</span> <span class='ocrx_word' id='word_1_82' title='bbox 682 1090 770 1134; x_wconf 91' lang='lat' dir='ltr'>PP.</span> <span class='ocrx_word' id='word_1_83' title='bbox 796 1091 843 1134; x_wconf 90' lang='lat' dir='ltr'>et</span> <span class='ocrx_word' id='word_1_84' title='bbox 866 1090 966 1134; x_wconf 92' lang='lat' dir='ltr'>DD.</span> <span class='ocrx_word' id='word_1_85' title='bbox 991 1087 1283 1135; x_wconf 88' lang='lat' dir='ltr'>Arelatensis</span> <span class='ocrx_word' id='word_1_86' title='bbox 1306 1091 1353 1135; x_wconf 93' lang='lat' dir='ltr'>et</span> <span class='ocrx_word' id='word_1_87' title='bbox 1385 1087 1626 1136; x_wconf 89' lang='lat' dir='ltr'>Johannes</span> <span class='ocrx_word' id='word_1_88' title='bbox 1659 1088 1927 1151; x_wconf 85' lang='lat' dir='ltr'>Ragusinus</span> <span class='ocrx_word' id='word_1_89' title='bbox 1954 1088 2145 1139; x_wconf 84' lang='lat' dir='ltr'>archie-</span> 
     </span>
     <span class='ocr_line' id='line_1_11' title="bbox 384 1169 2151 1234; baseline 0.002 -18"><span class='ocrx_word' id='word_1_90' title='bbox 384 1170 587 1234; x_wconf 90' lang='lat' dir='ltr'>piscopi,</span> <span class='ocrx_word' id='word_1_91' title='bbox 627 1169 938 1217; x_wconf 88' lang='lat' dir='ltr'>Cortonensis</span> <span class='ocrx_word' id='word_1_92' title='bbox 973 1174 1019 1217; x_wconf 91' lang='lat' dir='ltr'>et</span> <span class='ocrx_word' id='word_1_93' title='bbox 1058 1170 1310 1232; x_wconf 84' lang='lat' dir='ltr'>Agatensis</span> <span class='ocrx_word' id='word_1_94' title='bbox 1353 1170 1583 1233; x_wconf 89' lang='lat' dir='ltr'>episcopi.</span> <span class='ocrx_word' id='word_1_95' title='bbox 1622 1170 1944 1220; x_wconf 85' lang='lat' dir='ltr'>Interfuerunt</span> <span class='ocrx_word' id='word_1_96' title='bbox 1970 1170 2151 1221; x_wconf 84' lang='lat' dir='ltr'>familie</span> 
     </span>
     <span class='ocr_line' id='line_1_12' title="bbox 387 1252 2153 1319; baseline 0.001 -18"><span class='ocrx_word' id='word_1_97' title='bbox 387 1255 469 1301; x_wconf 89' lang='lat' dir='ltr'>SS.</span> <span class='ocrx_word' id='word_1_98' title='bbox 492 1256 548 1301; x_wconf 90' lang='lat' dir='ltr'>D.</span> <span class='ocrx_word' id='word_1_99' title='bbox 583 1255 647 1300; x_wconf 93' lang='lat' dir='ltr'>N.</span> <span class='ocrx_word' id='word_1_100' title='bbox 677 1267 799 1316; x_wconf 90' lang='lat' dir='ltr'>pape</span> <span class='ocrx_word' id='word_1_101' title='bbox 830 1256 878 1299; x_wconf 91' lang='lat' dir='ltr'>et</span> <span class='ocrx_word' id='word_1_102' title='bbox 905 1252 1174 1314; x_wconf 89' lang='lat' dir='ltr'>aliquorum</span> <span class='ocrx_word' id='word_1_103' title='bbox 1204 1253 1517 1300; x_wconf 90' lang='lat' dir='ltr'>cardinalium</span> <span class='ocrx_word' id='word_1_104' title='bbox 1543 1271 1552 1300; x_wconf 75' lang='grc' dir='ltr'>ε</span> <span class='ocrx_word' id='word_1_105' title='bbox 1573 1253 1711 1316; x_wconf 88' lang='lat' dir='ltr'>juxta</span> <span class='ocrx_word' id='word_1_106' title='bbox 1739 1252 1970 1302; x_wconf 86' lang='lat' dir='ltr'>feretrum</span> <span class='ocrx_word' id='word_1_107' title='bbox 1996 1256 2153 1319; x_wconf 81' lang='lat' dir='ltr'>posita</span> 
     </span>
     <span class='ocr_line' id='line_1_13' title="bbox 388 1334 2148 1398; baseline 0.002 -16"><span class='ocrx_word' id='word_1_108' title='bbox 388 1341 499 1383; x_wconf 87' lang='lat' dir='ltr'>sunt</span> <span class='ocrx_word' id='word_1_109' title='bbox 530 1335 771 1383; x_wconf 89' lang='lat' dir='ltr'>intorticia</span> <span class='ocrx_word' id='word_1_110' title='bbox 788 1334 974 1397; x_wconf 81' lang='lat' dir='ltr'>viginti,</span> <span class='ocrx_word' id='word_1_111' title='bbox 1007 1335 1300 1398; x_wconf 85' lang='lat' dir='ltr'>sepulturam</span> <span class='ocrx_word' id='word_1_112' title='bbox 1318 1335 1439 1394; x_wconf 87' lang='lat' dir='ltr'>duo;</span> <span class='ocrx_word' id='word_1_113' title='bbox 1470 1350 1556 1398; x_wconf 91' lang='lat' dir='ltr'>pro</span> <span class='ocrx_word' id='word_1_114' title='bbox 1575 1335 1840 1385; x_wconf 87' lang='lat' dir='ltr'>elevatione</span> <span class='ocrx_word' id='word_1_115' title='bbox 1861 1339 2148 1386; x_wconf 71' lang='lat' dir='ltr'>sacramenti</span> 
     </span>
     <span class='ocr_line' id='line_1_14' title="bbox 386 1417 2153 1481; baseline 0.002 -16"><span class='ocrx_word' id='word_1_116' title='bbox 386 1419 533 1466; x_wconf 91' lang='lat' dir='ltr'>misse</span> <span class='ocrx_word' id='word_1_117' title='bbox 555 1418 751 1481; x_wconf 88' lang='lat' dir='ltr'>majoris</span> <span class='ocrx_word' id='word_1_118' title='bbox 773 1417 883 1464; x_wconf 88' lang='lat' dir='ltr'>data</span> <span class='ocrx_word' id='word_1_119' title='bbox 903 1417 1145 1465; x_wconf 88' lang='lat' dir='ltr'>intorticia</span> <span class='ocrx_word' id='word_1_120' title='bbox 1160 1423 1364 1481; x_wconf 91' lang='lat' dir='ltr'>quatuor</span> <span class='ocrx_word' id='word_1_121' title='bbox 1379 1436 1389 1476; x_wconf 79' lang='lat'>3</span> <span class='ocrx_word' id='word_1_122' title='bbox 1407 1433 1493 1481; x_wconf 88' lang='lat' dir='ltr'>pro</span> <span class='ocrx_word' id='word_1_123' title='bbox 1514 1434 1766 1481; x_wconf 90' lang='lat' dir='ltr'>parvarum</span> <span class='ocrx_word' id='word_1_124' title='bbox 1787 1419 1884 1468; x_wconf 91' lang='lat' dir='ltr'>sive</span> <span class='ocrx_word' id='word_1_125' title='bbox 1905 1420 2153 1470; x_wconf 82' lang='lat' dir='ltr'>bassarum</span> 
     </span>
     <span class='ocr_line' id='line_1_15' title="bbox 390 1502 2153 1566; baseline 0.003 -19"><span class='ocrx_word' id='word_1_126' title='bbox 390 1502 644 1548; x_wconf 85' lang='lat' dir='ltr'>missarum</span> <span class='ocrx_word' id='word_1_127' title='bbox 675 1517 766 1564; x_wconf 94' lang='lat' dir='ltr'>que</span> <span class='ocrx_word' id='word_1_128' title='bbox 802 1502 946 1550; x_wconf 87' lang='lat' dir='ltr'>hodie</span> <span class='ocrx_word' id='word_1_129' title='bbox 970 1502 1096 1549; x_wconf 92' lang='lat' dir='ltr'>dicte</span> <span class='ocrx_word' id='word_1_130' title='bbox 1112 1506 1222 1549; x_wconf 87' lang='lat' dir='ltr'>sunt</span> <span class='ocrx_word' id='word_1_131' title='bbox 1250 1502 1489 1549; x_wconf 89' lang='lat' dir='ltr'>intorticia</span> <span class='ocrx_word' id='word_1_132' title='bbox 1509 1506 1740 1564; x_wconf 87' lang='lat' dir='ltr'>quatuor;</span> <span class='ocrx_word' id='word_1_133' title='bbox 1763 1518 1850 1566; x_wconf 91' lang='lat' dir='ltr'>pro</span> <span class='ocrx_word' id='word_1_134' title='bbox 1881 1503 2153 1552; x_wconf 87' lang='lat' dir='ltr'>celebrante</span> 
     </span>
     <span class='ocr_line' id='line_1_16' title="bbox 391 1585 2155 1648; baseline 0.003 -19"><span class='ocrx_word' id='word_1_135' title='bbox 391 1599 539 1630; x_wconf 91' lang='lat' dir='ltr'>unum</span> <span class='ocrx_word' id='word_1_136' title='bbox 561 1587 607 1631; x_wconf 89' lang='lat' dir='ltr'>et</span> <span class='ocrx_word' id='word_1_137' title='bbox 629 1600 778 1631; x_wconf 90' lang='lat' dir='ltr'>unum</span> <span class='ocrx_word' id='word_1_138' title='bbox 807 1601 895 1648; x_wconf 90' lang='lat' dir='ltr'>pro</span> <span class='ocrx_word' id='word_1_139' title='bbox 935 1585 1306 1632; x_wconf 87' lang='lat' dir='ltr'>sermocinante.</span> <span class='ocrx_word' id='word_1_140' title='bbox 1339 1585 1540 1632; x_wconf 88' lang='lat' dir='ltr'>Prelatis</span> <span class='ocrx_word' id='word_1_141' title='bbox 1565 1585 1673 1633; x_wconf 93' lang='lat' dir='ltr'>date</span> <span class='ocrx_word' id='word_1_142' title='bbox 1702 1590 1810 1633; x_wconf 90' lang='lat' dir='ltr'>sunt</span> <span class='ocrx_word' id='word_1_143' title='bbox 1831 1585 1988 1634; x_wconf 89' lang='lat' dir='ltr'>facule</span> <span class='ocrx_word' id='word_1_144' title='bbox 2015 1586 2155 1635; x_wconf 85' lang='lat' dir='ltr'>unius</span> 
     </span>
     <span class='ocr_line' id='line_1_17' title="bbox 389 1665 2158 1730; baseline 0.003 -19"><span class='ocrx_word' id='word_1_145' title='bbox 389 1665 527 1725; x_wconf 80' lang='lat' dir='ltr'>libre,</span> <span class='ocrx_word' id='word_1_146' title='bbox 558 1667 863 1715; x_wconf 87' lang='lat' dir='ltr'>cubiculariis</span> <span class='ocrx_word' id='word_1_147' title='bbox 891 1667 1049 1715; x_wconf 89' lang='lat' dir='ltr'>medie</span> <span class='ocrx_word' id='word_1_148' title='bbox 1070 1667 1190 1715; x_wconf 90' lang='lat' dir='ltr'>libre</span> <span class='ocrx_word' id='word_1_149' title='bbox 1217 1672 1263 1715; x_wconf 90' lang='lat' dir='ltr'>et</span> <span class='ocrx_word' id='word_1_150' title='bbox 1286 1667 1524 1715; x_wconf 89' lang='lat' dir='ltr'>scutiferis</span> <span class='ocrx_word' id='word_1_151' title='bbox 1553 1671 1756 1730; x_wconf 91' lang='lat' dir='ltr'>quatuor</span> <span class='ocrx_word' id='word_1_152' title='bbox 1775 1668 2044 1716; x_wconf 85' lang='lat' dir='ltr'>unciarum.</span> <span class='ocrx_word' id='word_1_153' title='bbox 2075 1669 2158 1717; x_wconf 85' lang='lat' dir='ltr'>Se-</span> 
     </span>
     <span class='ocr_line' id='line_1_18' title="bbox 390 1749 2155 1813; baseline 0.002 -18"><span class='ocrx_word' id='word_1_154' title='bbox 390 1749 550 1809; x_wconf 88' lang='lat' dir='ltr'>pultus</span> <span class='ocrx_word' id='word_1_155' title='bbox 569 1753 641 1796; x_wconf 90' lang='lat' dir='ltr'>est</span> <span class='ocrx_word' id='word_1_156' title='bbox 663 1750 711 1796; x_wconf 91' lang='lat' dir='ltr'>in</span> <span class='ocrx_word' id='word_1_157' title='bbox 734 1751 916 1813; x_wconf 90' lang='lat' dir='ltr'>capella</span> <span class='ocrx_word' id='word_1_158' title='bbox 937 1755 1065 1798; x_wconf 90' lang='lat' dir='ltr'>retro</span> <span class='ocrx_word' id='word_1_159' title='bbox 1085 1750 1233 1798; x_wconf 88' lang='lat' dir='ltr'>altare</span> <span class='ocrx_word' id='word_1_160' title='bbox 1253 1751 1407 1813; x_wconf 87' lang='lat' dir='ltr'>majus</span> <span class='ocrx_word' id='word_1_161' title='bbox 1428 1750 1487 1797; x_wconf 93' lang='lat' dir='ltr'>ad</span> <span class='ocrx_word' id='word_1_162' title='bbox 1506 1750 1745 1798; x_wconf 87' lang='lat' dir='ltr'>sinistram</span> <span class='ocrx_word' id='word_1_163' title='bbox 1767 1751 2021 1799; x_wconf 80' lang='lat' dir='ltr'>cardinalis</span> <span class='ocrx_word' id='word_1_164' title='bbox 2038 1753 2155 1799; x_wconf 80' lang='lat' dir='ltr'>Tm·-</span> 
     </span>
     <span class='ocr_line' id='line_1_19' title="bbox 389 1832 2156 1896; baseline 0.002 -19"><span class='ocrx_word' id='word_1_165' title='bbox 389 1832 611 1878; x_wconf 87' lang='lat' dir='ltr'>nacensis</span> <span class='ocrx_word' id='word_1_166' title='bbox 627 1833 700 1879; x_wconf 92' lang='lat' dir='ltr'>sui</span> <span class='ocrx_word' id='word_1_167' title='bbox 715 1833 1052 1890; x_wconf 87' lang='lat' dir='ltr'>antecessoris,</span> <span class='ocrx_word' id='word_1_168' title='bbox 1069 1837 1210 1896; x_wconf 89' lang='lat' dir='ltr'>prout</span> <span class='ocrx_word' id='word_1_169' title='bbox 1227 1833 1274 1879; x_wconf 90' lang='lat' dir='ltr'>in</span> <span class='ocrx_word' id='word_1_170' title='bbox 1290 1837 1578 1881; x_wconf 89' lang='lat' dir='ltr'>testamento</span> <span class='ocrx_word' id='word_1_171' title='bbox 1595 1834 1913 1883; x_wconf 88' lang='lat' dir='ltr'>ordinaverat.</span> <span class='ocrx_word' id='word_1_172' title='bbox 1926 1837 2156 1882; x_wconf 45' lang='lat' dir='ltr'>Funes&#39;to-</span> 
     </span>
     <span class='ocr_line' id='line_1_20' title="bbox 393 1913 2157 1980; baseline 0.003 -21"><span class='ocrx_word' id='word_1_173' title='bbox 393 1929 497 1960; x_wconf 89' lang='lat' dir='ltr'>rum</span> <span class='ocrx_word' id='word_1_174' title='bbox 519 1913 710 1961; x_wconf 88' lang='lat' dir='ltr'>fuerunt</span> <span class='ocrx_word' id='word_1_175' title='bbox 732 1915 975 1963; x_wconf 86' lang='lat' dir='ltr'>sexdecim</span> <span class='ocrx_word' id='word_1_176' title='bbox 993 1920 1056 1973; x_wconf 92' lang='lat' dir='ltr'>et,</span> <span class='ocrx_word' id='word_1_177' title='bbox 1082 1915 1158 1963; x_wconf 93' lang='lat' dir='ltr'>die</span> <span class='ocrx_word' id='word_1_178' title='bbox 1180 1916 1366 1963; x_wconf 88' lang='lat' dir='ltr'>veneris</span> <span class='ocrx_word' id='word_1_179' title='bbox 1388 1919 1443 1963; x_wconf 88' lang='lat'>19</span> <span class='ocrx_word' id='word_1_180' title='bbox 1463 1916 1576 1963; x_wconf 90' lang='lat' dir='ltr'>dicti</span> <span class='ocrx_word' id='word_1_181' title='bbox 1597 1917 1778 1964; x_wconf 88' lang='lat' dir='ltr'>mensis</span> <span class='ocrx_word' id='word_1_182' title='bbox 1798 1916 2004 1980; x_wconf 86' lang='lat' dir='ltr'>augusti,</span> <span class='ocrx_word' id='word_1_183' title='bbox 2023 1931 2157 1964; x_wconf 88' lang='lat' dir='ltr'>com-</span> 
     </span>
     <span class='ocr_line' id='line_1_21' title="bbox 391 1997 2156 2063; baseline 0.002 -20"><span class='ocrx_word' id='word_1_184' title='bbox 391 1997 616 2044; x_wconf 90' lang='lat' dir='ltr'>mendata</span> <span class='ocrx_word' id='word_1_185' title='bbox 631 2002 703 2044; x_wconf 89' lang='lat' dir='ltr'>est</span> <span class='ocrx_word' id='word_1_186' title='bbox 725 1998 1254 2046; x_wconf 90' lang='lat' dir='ltr'>ecclesiaTornacensis</span> <span class='ocrx_word' id='word_1_187' title='bbox 1266 2013 1351 2060; x_wconf 90' lang='lat' dir='ltr'>per</span> <span class='ocrx_word' id='word_1_188' title='bbox 1372 1998 1556 2046; x_wconf 88' lang='lat' dir='ltr'>obitum</span> <span class='ocrx_word' id='word_1_189' title='bbox 1573 1998 1687 2046; x_wconf 86' lang='lat' dir='ltr'>dicti</span> <span class='ocrx_word' id='word_1_190' title='bbox 1704 1999 1936 2047; x_wconf 70' lang='lat' dir='ltr'>‚Iohannis</span> <span class='ocrx_word' id='word_1_191' title='bbox 1948 1998 2156 2063; x_wconf 87' lang='lat' dir='ltr'>pastoris</span> 
     </span>
     <span class='ocr_line' id='line_1_22' title="bbox 392 2079 2154 2144; baseline 0.001 -18"><span class='ocrx_word' id='word_1_192' title='bbox 392 2080 562 2127; x_wconf 88' lang='lat' dir='ltr'>solatio</span> <span class='ocrx_word' id='word_1_193' title='bbox 588 2079 830 2139; x_wconf 88' lang='lat' dir='ltr'>destituta,</span> <span class='ocrx_word' id='word_1_194' title='bbox 855 2095 940 2143; x_wconf 91' lang='lat' dir='ltr'>per</span> <span class='ocrx_word' id='word_1_195' title='bbox 963 2082 1045 2128; x_wconf 91' lang='lat' dir='ltr'>SS.</span> <span class='ocrx_word' id='word_1_196' title='bbox 1071 2084 1128 2128; x_wconf 90' lang='lat' dir='ltr'>D.</span> <span class='ocrx_word' id='word_1_197' title='bbox 1151 2083 1207 2128; x_wconf 91' lang='grc' dir='ltr'>Ν.</span> <span class='ocrx_word' id='word_1_198' title='bbox 1233 2096 1405 2144; x_wconf 90' lang='lat' dir='ltr'>papam</span> <span class='ocrx_word' id='word_1_199' title='bbox 1421 2081 1468 2127; x_wconf 93' lang='lat' dir='ltr'>in</span> <span class='ocrx_word' id='word_1_200' title='bbox 1485 2083 1672 2129; x_wconf 90' lang='lat' dir='ltr'>secreto</span> <span class='ocrx_word' id='word_1_201' title='bbox 1686 2082 1990 2140; x_wconf 90' lang='lat' dir='ltr'>consistorio,</span> <span class='ocrx_word' id='word_1_202' title='bbox 2014 2084 2154 2129; x_wconf 87' lang='lat' dir='ltr'>Rmo.</span> 
     </span>
     <span class='ocr_line' id='line_1_23' title="bbox 393 2162 2153 2228; baseline 0 -19"><span class='ocrx_word' id='word_1_203' title='bbox 393 2165 447 2209; x_wconf 91' lang='lat' dir='ltr'>D.</span> <span class='ocrx_word' id='word_1_204' title='bbox 473 2162 682 2210; x_wconf 88' lang='lat' dir='ltr'>Antonio</span> <span class='ocrx_word' id='word_1_205' title='bbox 705 2162 827 2209; x_wconf 90' lang='lat' dir='ltr'>tituli</span> <span class='ocrx_word' id='word_1_206' title='bbox 851 2179 889 2210; x_wconf 90' lang='lat' dir='ltr'>s.</span> <span class='ocrx_word' id='word_1_207' title='bbox 910 2163 1160 2210; x_wconf 89' lang='lat' dir='ltr'>Anastasie</span> <span class='ocrx_word' id='word_1_208' title='bbox 1182 2163 1462 2226; x_wconf 82' lang='lat' dir='ltr'>presbytero</span> <span class='ocrx_word' id='word_1_209' title='bbox 1491 2163 1737 2212; x_wconf 89' lang='lat' dir='ltr'>cardinali.</span> <span class='ocrx_word' id='word_1_210' title='bbox 1763 2164 1938 2213; x_wconf 86' lang='lat' dir='ltr'>Prelati</span> <span class='ocrx_word' id='word_1_211' title='bbox 1957 2163 2153 2228; x_wconf 80' lang='lat' dir='ltr'>palatini</span> 
     </span>
     <span class='ocr_line' id='line_1_24' title="bbox 393 2245 2158 2309; baseline 0.002 -18"><span class='ocrx_word' id='word_1_212' title='bbox 393 2245 439 2291; x_wconf 89' lang='lat' dir='ltr'>in</span> <span class='ocrx_word' id='word_1_213' title='bbox 462 2245 667 2292; x_wconf 88' lang='lat' dir='ltr'>ecclesia</span> <span class='ocrx_word' id='word_1_214' title='bbox 682 2262 720 2292; x_wconf 90' lang='lat' dir='ltr'>s.</span> <span class='ocrx_word' id='word_1_215' title='bbox 744 2246 893 2293; x_wconf 91' lang='lat' dir='ltr'>Marie</span> <span class='ocrx_word' id='word_1_216' title='bbox 915 2245 973 2292; x_wconf 91' lang='lat' dir='ltr'>de</span> <span class='ocrx_word' id='word_1_217' title='bbox 1003 2246 1204 2308; x_wconf 86' lang='lat' dir='ltr'>Populo,</span> <span class='ocrx_word' id='word_1_218' title='bbox 1230 2246 1277 2293; x_wconf 90' lang='lat' dir='ltr'>in</span> <span class='ocrx_word' id='word_1_219' title='bbox 1299 2247 1515 2308; x_wconf 88' lang='lat' dir='ltr'>exequiis</span> <span class='ocrx_word' id='word_1_220' title='bbox 1535 2246 1783 2309; x_wconf 89' lang='lat' dir='ltr'>predictis,</span> <span class='ocrx_word' id='word_1_221' title='bbox 1806 2247 2080 2296; x_wconf 87' lang='lat' dir='ltr'>habuerunt</span> <span class='ocrx_word' id='word_1_222' title='bbox 2099 2263 2158 2295; x_wconf 89' lang='lat' dir='ltr'>ex</span> 
     </span>
     <span class='ocr_line' id='line_1_25' title="bbox 392 2327 2157 2392; baseline 0.002 -19"><span class='ocrx_word' id='word_1_223' title='bbox 392 2327 675 2390; x_wconf 87' lang='lat' dir='ltr'>supradictis</span> <span class='ocrx_word' id='word_1_224' title='bbox 707 2328 916 2390; x_wconf 88' lang='lat' dir='ltr'>primum</span> <span class='ocrx_word' id='word_1_225' title='bbox 947 2328 1125 2386; x_wconf 89' lang='lat' dir='ltr'>locum,</span> <span class='ocrx_word' id='word_1_226' title='bbox 1146 2329 1340 2377; x_wconf 91' lang='lat' dir='ltr'>nemine</span> <span class='ocrx_word' id='word_1_227' title='bbox 1369 2329 1745 2389; x_wconf 90' lang='lat' dir='ltr'>contradicente,</span> <span class='ocrx_word' id='word_1_228' title='bbox 1769 2329 1881 2377; x_wconf 90' lang='lat' dir='ltr'>licet</span> <span class='ocrx_word' id='word_1_229' title='bbox 1908 2330 2024 2392; x_wconf 91' lang='lat' dir='ltr'>ips-is</span> <span class='ocrx_word' id='word_1_230' title='bbox 2045 2345 2157 2379; x_wconf 88' lang='lat' dir='ltr'>vero</span> 
     </span>
     <span class='ocr_line' id='line_1_26' title="bbox 392 2409 2152 2474; baseline 0.001 -17"><span class='ocrx_word' id='word_1_231' title='bbox 392 2410 558 2457; x_wconf 90' lang='lat' dir='ltr'>ordine</span> <span class='ocrx_word' id='word_1_232' title='bbox 575 2425 672 2456; x_wconf 91' lang='lat' dir='ltr'>non</span> <span class='ocrx_word' id='word_1_233' title='bbox 687 2409 943 2457; x_wconf 90' lang='lat' dir='ltr'>deberetur</span> <span class='ocrx_word' id='word_1_234' title='bbox 956 2426 1014 2458; x_wconf 92' lang='lat' dir='ltr'>ex</span> <span class='ocrx_word' id='word_1_235' title='bbox 1030 2426 1175 2458; x_wconf 86' lang='lat' dir='ltr'>causa</span> <span class='ocrx_word' id='word_1_236' title='bbox 1187 2410 1458 2474; x_wconf 87' lang='lat' dir='ltr'>supradicta</span> <span class='ocrx_word' id='word_1_237' title='bbox 1470 2411 1516 2457; x_wconf 89' lang='lat' dir='ltr'>in</span> <span class='ocrx_word' id='word_1_238' title='bbox 1532 2411 1608 2458; x_wconf 93' lang='lat' dir='ltr'>die</span> <span class='ocrx_word' id='word_1_239' title='bbox 1621 2411 1777 2459; x_wconf 88' lang='lat' dir='ltr'>obitus</span> <span class='ocrx_word' id='word_1_240' title='bbox 1789 2427 1875 2474; x_wconf 88' lang='lat' dir='ltr'>per</span> <span class='ocrx_word' id='word_1_241' title='bbox 1885 2427 1963 2459; x_wconf 90' lang='lat' dir='ltr'>me</span> <span class='ocrx_word' id='word_1_242' title='bbox 1974 2414 2152 2460; x_wconf 84' lang='lat' dir='ltr'>notata.</span> 
     </span>
    </p>

    <p class='ocr_par' dir='ltr' id='par_1_3' title="bbox 391 2488 2159 3457">
     <span class='ocr_line' id='line_1_27' title="bbox 459 2488 2156 2556; baseline 0.002 -18"><span class='ocrx_word' id='word_1_243' title='bbox 459 2495 608 2548; x_wconf 85' lang='lat' dir='ltr'>Lune,</span> <span class='ocrx_word' id='word_1_244' title='bbox 636 2488 694 2538; x_wconf 74' lang='lat'>29</span> <span class='ocrx_word' id='word_1_245' title='bbox 723 2492 931 2553; x_wconf 83' lang='lat' dir='ltr'>augusti,</span> <span class='ocrx_word' id='word_1_246' title='bbox 964 2492 1086 2539; x_wconf 85' lang='lat' dir='ltr'>festo</span> <span class='ocrx_word' id='word_1_247' title='bbox 1110 2491 1438 2539; x_wconf 88' lang='lat' dir='ltr'>decollationis</span> <span class='ocrx_word' id='word_1_248' title='bbox 1461 2508 1499 2538; x_wconf 90' lang='lat' dir='ltr'>s.</span> <span class='ocrx_word' id='word_1_249' title='bbox 1520 2492 1752 2540; x_wconf 84' lang='lat' dir='ltr'>Johannis</span> <span class='ocrx_word' id='word_1_250' title='bbox 1769 2494 2000 2556; x_wconf 86' lang='lat' dir='ltr'>Baptiste,</span> <span class='ocrx_word' id='word_1_251' title='bbox 2018 2495 2156 2541; x_wconf 87' lang='lat' dir='ltr'>anni-</span> 
     </span>
     <span class='ocr_line' id='line_1_28' title="bbox 391 2573 2155 2639; baseline 0.003 -20"><span class='ocrx_word' id='word_1_252' title='bbox 391 2573 599 2621; x_wconf 88' lang='lat' dir='ltr'>versario</span> <span class='ocrx_word' id='word_1_253' title='bbox 616 2574 956 2636; x_wconf 88' lang='lat' dir='ltr'>assumptionis</span> <span class='ocrx_word' id='word_1_254' title='bbox 970 2575 1052 2621; x_wconf 89' lang='lat' dir='ltr'>SS.</span> <span class='ocrx_word' id='word_1_255' title='bbox 1079 2577 1135 2621; x_wconf 91' lang='lat' dir='ltr'>D.</span> <span class='ocrx_word' id='word_1_256' title='bbox 1162 2574 1311 2620; x_wconf 91' lang='lat' dir='ltr'>nostri</span> <span class='ocrx_word' id='word_1_257' title='bbox 1332 2574 1599 2622; x_wconf 86' lang='lat' dir='ltr'>Innocentii</span> <span class='ocrx_word' id='word_1_258' title='bbox 1620 2577 1746 2637; x_wconf 91' lang='lat' dir='ltr'>Pape</span> <span class='ocrx_word' id='word_1_259' title='bbox 1761 2578 1862 2624; x_wconf 89' lang='lat' dir='ltr'>VIlI</span> <span class='ocrx_word' id='word_1_260' title='bbox 1890 2575 1950 2623; x_wconf 89' lang='lat' dir='ltr'>ad</span> <span class='ocrx_word' id='word_1_261' title='bbox 1969 2576 2155 2639; x_wconf 85' lang='lat' dir='ltr'>apicem</span> 
     </span>
     <span class='ocr_line' id='line_1_29' title="bbox 394 2656 2157 2717; baseline 0.002 -15"><span class='ocrx_word' id='word_1_262' title='bbox 394 2656 568 2703; x_wconf 85' lang='lat' dir='ltr'>summi</span> <span class='ocrx_word' id='word_1_263' title='bbox 600 2657 915 2717; x_wconf 85' lang='lat' dir='ltr'>apostolatus,</span> <span class='ocrx_word' id='word_1_264' title='bbox 933 2659 1096 2704; x_wconf 90' lang='lat' dir='ltr'>Rmus.</span> <span class='ocrx_word' id='word_1_265' title='bbox 1126 2660 1180 2704; x_wconf 96' lang='lat' dir='ltr'>D.</span> <span class='ocrx_word' id='word_1_266' title='bbox 1198 2656 1452 2702; x_wconf 87' lang='lat' dir='ltr'>cardinalis</span> <span class='ocrx_word' id='word_1_267' title='bbox 1472 2656 1734 2703; x_wconf 88' lang='lat' dir='ltr'>Aleriensis</span> <span class='ocrx_word' id='word_1_268' title='bbox 1755 2658 2013 2707; x_wconf 85' lang='lat' dir='ltr'>celebravit</span> <span class='ocrx_word' id='word_1_269' title='bbox 2041 2659 2157 2706; x_wconf 86' lang='lat' dir='ltr'>mis-</span> 
     </span>
     <span class='ocr_line' id='line_1_30' title="bbox 393 2738 2153 2803; baseline 0.002 -18"><span class='ocrx_word' id='word_1_270' title='bbox 393 2754 494 2785; x_wconf 90' lang='lat' dir='ltr'>sam</span> <span class='ocrx_word' id='word_1_271' title='bbox 511 2738 777 2786; x_wconf 90' lang='lat' dir='ltr'>solemnem</span> <span class='ocrx_word' id='word_1_272' title='bbox 800 2739 845 2785; x_wconf 92' lang='lat' dir='ltr'>in</span> <span class='ocrx_word' id='word_1_273' title='bbox 870 2740 1052 2802; x_wconf 88' lang='lat' dir='ltr'>capella</span> <span class='ocrx_word' id='word_1_274' title='bbox 1072 2740 1255 2802; x_wconf 67' lang='lat' dir='ltr'>maiore</span> <span class='ocrx_word' id='word_1_275' title='bbox 1277 2739 1437 2802; x_wconf 83' lang='lat' dir='ltr'>palatii</span> <span class='ocrx_word' id='word_1_276' title='bbox 1461 2739 1710 2802; x_wconf 87' lang='lat' dir='ltr'>apostolici</span> <span class='ocrx_word' id='word_1_277' title='bbox 1736 2740 1861 2803; x_wconf 90' lang='lat' dir='ltr'>apud</span> <span class='ocrx_word' id='word_1_278' title='bbox 1878 2757 1916 2788; x_wconf 89' lang='lat' dir='ltr'>s.</span> <span class='ocrx_word' id='word_1_279' title='bbox 1943 2744 2153 2801; x_wconf 86' lang='lat' dir='ltr'>Petrum,</span> 
     </span>
     <span class='ocr_line' id='line_1_31' title="bbox 394 2822 2157 2884; baseline 0.002 -16"><span class='ocrx_word' id='word_1_280' title='bbox 394 2824 520 2884; x_wconf 85' lang='lat' dir='ltr'>Papa</span> <span class='ocrx_word' id='word_1_281' title='bbox 546 2825 787 2884; x_wconf 90' lang='lat' dir='ltr'>presente,</span> <span class='ocrx_word' id='word_1_282' title='bbox 824 2822 898 2868; x_wconf 90' lang='lat' dir='ltr'>cui</span> <span class='ocrx_word' id='word_1_283' title='bbox 932 2822 1078 2869; x_wconf 83' lang='lat' dir='ltr'>astitit</span> <span class='ocrx_word' id='word_1_284' title='bbox 1108 2838 1135 2868; x_wconf 89' lang='lat' dir='ltr'>a</span> <span class='ocrx_word' id='word_1_285' title='bbox 1168 2822 1346 2869; x_wconf 81' lang='lat' dir='ltr'>dextris</span> <span class='ocrx_word' id='word_1_286' title='bbox 1377 2822 1632 2869; x_wconf 87' lang='lat' dir='ltr'>cardinalis</span> <span class='ocrx_word' id='word_1_287' title='bbox 1655 2823 1713 2870; x_wconf 91' lang='lat' dir='ltr'>de</span> <span class='ocrx_word' id='word_1_288' title='bbox 1744 2823 1963 2881; x_wconf 90' lang='lat' dir='ltr'>Sabellis,</span> <span class='ocrx_word' id='word_1_289' title='bbox 1987 2824 2157 2871; x_wconf 90' lang='lat' dir='ltr'>unicus</span> 
     </span>
     <span class='ocr_line' id='line_1_32' title="bbox 393 2904 2156 2968; baseline 0.001 -18"><span class='ocrx_word' id='word_1_290' title='bbox 393 2904 639 2962; x_wconf 85' lang='lat' dir='ltr'>diaconus,</span> <span class='ocrx_word' id='word_1_291' title='bbox 657 2909 742 2952; x_wconf 90' lang='lat' dir='ltr'>eta</span> <span class='ocrx_word' id='word_1_292' title='bbox 757 2905 964 2951; x_wconf 62' lang='lat' dir='ltr'>sinistris&gt;</span> <span class='ocrx_word' id='word_1_293' title='bbox 981 2905 1233 2952; x_wconf 87' lang='lat' dir='ltr'>cardinalis</span> <span class='ocrx_word' id='word_1_294' title='bbox 1253 2921 1291 2951; x_wconf 89' lang='lat' dir='ltr'>s.</span> <span class='ocrx_word' id='word_1_295' title='bbox 1307 2905 1574 2963; x_wconf 85' lang='lat' dir='ltr'>Anastasie,</span> <span class='ocrx_word' id='word_1_296' title='bbox 1590 2905 2156 2968; x_wconf 83' lang='lat' dir='ltr'>juniorpresbyterorum</span> 
     </span>
     <span class='ocr_line' id='line_1_33' title="bbox 394 2987 2157 3050; baseline 0.002 -17"><span class='ocrx_word' id='word_1_297' title='bbox 394 2988 724 3045; x_wconf 82' lang='lat' dir='ltr'>cardinalium,</span> <span class='ocrx_word' id='word_1_298' title='bbox 764 2988 841 3050; x_wconf 89' lang='lat' dir='ltr'>qui</span> <span class='ocrx_word' id='word_1_299' title='bbox 876 2991 923 3035; x_wconf 88' lang='lat' dir='ltr'>et</span> <span class='ocrx_word' id='word_1_300' title='bbox 944 3004 1029 3035; x_wconf 92' lang='lat' dir='ltr'>suo</span> <span class='ocrx_word' id='word_1_301' title='bbox 1062 2992 1275 3050; x_wconf 91' lang='lat' dir='ltr'>tempore</span> <span class='ocrx_word' id='word_1_302' title='bbox 1310 2987 1528 3049; x_wconf 84' lang='lat' dir='ltr'>deposuit</span> <span class='ocrx_word' id='word_1_303' title='bbox 1561 2990 1685 3050; x_wconf 90' lang='lat' dir='ltr'>Pape</span> <span class='ocrx_word' id='word_1_304' title='bbox 1707 2988 1916 3047; x_wconf 90' lang='lat' dir='ltr'>mitram,</span> <span class='ocrx_word' id='word_1_305' title='bbox 1947 2988 2157 3036; x_wconf 89' lang='lat' dir='ltr'>indebite</span> 
     </span>
     <span class='ocr_line' id='line_1_34' title="bbox 392 3069 2158 3133; baseline 0 -16"><span class='ocrx_word' id='word_1_306' title='bbox 392 3076 571 3128; x_wconf 89' lang='lat' dir='ltr'>tamen,</span> <span class='ocrx_word' id='word_1_307' title='bbox 594 3086 680 3133; x_wconf 92' lang='lat' dir='ltr'>per</span> <span class='ocrx_word' id='word_1_308' title='bbox 692 3086 906 3119; x_wconf 85' lang='lat' dir='ltr'>errorem</span> <span class='ocrx_word' id='word_1_309' title='bbox 928 3075 1163 3129; x_wconf 88' lang='lat' dir='ltr'>nostrum,</span> <span class='ocrx_word' id='word_1_310' title='bbox 1183 3070 1294 3132; x_wconf 91' lang='lat' dir='ltr'>quia</span> <span class='ocrx_word' id='word_1_311' title='bbox 1310 3070 1367 3116; x_wconf 89' lang='lat' dir='ltr'>de</span> <span class='ocrx_word' id='word_1_312' title='bbox 1388 3069 1587 3116; x_wconf 89' lang='lat' dir='ltr'>Sabellis</span> <span class='ocrx_word' id='word_1_313' title='bbox 1601 3069 1844 3117; x_wconf 85' lang='lat' dir='ltr'>debuisset</span> <span class='ocrx_word' id='word_1_314' title='bbox 1864 3070 2158 3132; x_wconf 87' lang='lat' dir='ltr'>etpotuisset</span> 
     </span>
     <span class='ocr_line' id='line_1_35' title="bbox 393 3151 2154 3215; baseline -0.001 -14"><span class='ocrx_word' id='word_1_315' title='bbox 393 3154 690 3215; x_wconf 88' lang='lat' dir='ltr'>deposuisse.</span> <span class='ocrx_word' id='word_1_316' title='bbox 724 3154 1044 3201; x_wconf 89' lang='lat' dir='ltr'>Interfuerunt</span> <span class='ocrx_word' id='word_1_317' title='bbox 1069 3153 1280 3215; x_wconf 88' lang='lat' dir='ltr'>quinque</span> <span class='ocrx_word' id='word_1_318' title='bbox 1302 3152 1380 3198; x_wconf 91' lang='lat' dir='ltr'>alii</span> <span class='ocrx_word' id='word_1_319' title='bbox 1402 3151 1686 3211; x_wconf 89' lang='lat' dir='ltr'>cardinales,</span> <span class='ocrx_word' id='word_1_320' title='bbox 1718 3152 2154 3209; x_wconf 88' lang='lat' dir='ltr'>vicecancellarius,</span> 
     </span>
     <span class='ocr_line' id='line_1_36' title="bbox 395 3233 2159 3305; baseline -0.001 -23"><span class='ocrx_word' id='word_1_321' title='bbox 395 3236 748 3298; x_wconf 89' lang='lat' dir='ltr'>Neapolitanus,</span> <span class='ocrx_word' id='word_1_322' title='bbox 783 3236 1136 3305; x_wconf 64' lang='lat' dir='ltr'>Ulixbonensis,</span> <span class='ocrx_word' id='word_1_323' title='bbox 1162 3235 1220 3282; x_wconf 91' lang='lat' dir='ltr'>de</span> <span class='ocrx_word' id='word_1_324' title='bbox 1254 3233 1518 3281; x_wconf 88' lang='lat' dir='ltr'>Comitibus</span> <span class='ocrx_word' id='word_1_325' title='bbox 1540 3238 1587 3281; x_wconf 91' lang='lat' dir='ltr'>et</span> <span class='ocrx_word' id='word_1_326' title='bbox 1617 3236 1997 3283; x_wconf 88' lang='lat' dir='ltr'>Beneventanus.</span> <span class='ocrx_word' id='word_1_327' title='bbox 2031 3237 2159 3296; x_wconf 89' lang='lat' dir='ltr'>Papa</span> 
     </span>
     <span class='ocr_line' id='line_1_37' title="bbox 397 3316 2154 3382; baseline -0.001 -18"><span class='ocrx_word' id='word_1_328' title='bbox 397 3319 521 3365; x_wconf 90' lang='lat' dir='ltr'>venit</span> <span class='ocrx_word' id='word_1_329' title='bbox 544 3319 602 3365; x_wconf 92' lang='lat' dir='ltr'>ad</span> <span class='ocrx_word' id='word_1_330' title='bbox 623 3320 1010 3381; x_wconf 77' lang='lat' dir='ltr'>genuflexionem</span> <span class='ocrx_word' id='word_1_331' title='bbox 1032 3335 1118 3382; x_wconf 88' lang='lat' dir='ltr'>pro</span> <span class='ocrx_word' id='word_1_332' title='bbox 1139 3334 1279 3366; x_wconf 88' lang='lat' dir='ltr'>versu</span> <span class='ocrx_word' id='word_1_333' title='bbox 1298 3316 1507 3364; x_wconf 72' lang='lat' dir='ltr'>Alleluia</span> <span class='ocrx_word' id='word_1_334' title='bbox 1520 3333 1540 3375; x_wconf 88' lang='lat'><em>;</em></span> <span class='ocrx_word' id='word_1_335' title='bbox 1562 3322 1782 3366; x_wconf 86' lang='lat' dir='ltr'>cantores</span> <span class='ocrx_word' id='word_1_336' title='bbox 1803 3318 2024 3366; x_wconf 88' lang='lat' dir='ltr'>dixerunt</span> <span class='ocrx_word' id='word_1_337' title='bbox 2043 3330 2154 3378; x_wconf 85' lang='lat' dir='ltr'>pro-</span> 
     </span>
     <span class='ocr_line' id='line_1_38' title="bbox 398 3402 1042 3457; baseline 0.003 -11"><span class='ocrx_word' id='word_1_338' title='bbox 398 3416 522 3457; x_wconf 79' lang='lat' dir='ltr'>sam3</span> <span class='ocrx_word' id='word_1_339' title='bbox 549 3406 594 3448; x_wconf 91' lang='lat' dir='ltr'>et</span> <span class='ocrx_word' id='word_1_340' title='bbox 616 3402 708 3449; x_wconf 89' lang='lat' dir='ltr'>alia</span> <span class='ocrx_word' id='word_1_341' title='bbox 728 3417 862 3450; x_wconf 85' lang='lat' dir='ltr'>more</span> <span class='ocrx_word' id='word_1_342' title='bbox 886 3403 1042 3450; x_wconf 88' lang='lat' dir='ltr'>solito.</span> 
     </span>
    </p>
   </div>
  </div>
 </body>
</html>
