2262 3958
193 321 398 369 [Jutn1489]
629 316 797 354 RERUM
834 314 1140 354 URBANARUM
1174 311 1525 350 COMMENTARII.
1911 311 1981 348 357

257 421 583 487 scriptoribus
611 419 905 483 apostoliciS,

254 505 684 556 Abbreviatoribus
706 504 764 552 de
786 518 932 568 parco
950 502 1142 567 majori,

255 589 680 640 Abbreviatoribus
701 589 761 637 de
775 603 922 652 parco
938 586 1111 635 minori
1135 591 1182 635 et
1203 586 1358 650 prima
1377 585 1578 645 visione,

254 674 656 725 Sollicitatoribus
677 673 927 722 literarum
949 671 1345 735 apostolicarum,

254 759 461 810 Notariis
480 758 751 807 auditorum
781 761 902 814 rote,

247 841 573 907 Scriptoribus
601 838 954 904 penitentiarie‚

254 924 649 976 Procuratoribus
683 922 1036 987 penitentiarie.

251 1009 390 1060 Feria
433 1008 617 1072 quinta,
666 1009 722 1054 18
767 1005 949 1054 mensis
994 1004 1116 1069 junii
1165 1005 1343 1054 festum
1402 1003 1712 1052 sacratissimi
1759 1004 1977 1068 corporis

182 1093 375 1154 Christi,
402 1093 452 1142 in
477 1108 640 1151 mane,
673 1094 839 1139 Rmus.
877 1091 933 1137 D.
969 1089 1225 1138 cardinalis
1261 1105 1299 1136 s.
1337 1087 1592 1136 Anastasie
1621 1087 1972 1148 celebraturus,

181 1177 367 1242 accepit
386 1177 436 1226 in
450 1192 597 1242 parva
610 1175 795 1240 capella
812 1173 975 1238 palatii
996 1173 1229 1232 sandalia,
1246 1164 1494 1230 amictum,
1511 1171 1689 1232 albam,
1706 1172 1971 1236 cingulum,

179 1277 376 1312 crucem
397 1260 714 1325 pectoralem,
741 1259 914 1308 stolam
937 1262 985 1307 et
1005 1257 1228 1322 pluviale.
1256 1257 1440 1314 Quibus
1467 1259 1680 1320 paratus,
1707 1256 1976 1321 expectavit

179 1346 437 1395 adventum
471 1348 762 1394 RRmorum.
801 1346 902 1392 DD.
945 1341 1263 1391 cardinalium
1296 1340 1378 1404 qui
1419 1340 1468 1388 in
1499 1355 1694 1389 camera
1734 1339 1973 1404 papagalli

180 1434 526 1490 convenerunt,
561 1428 735 1477 deinde
768 1430 1087 1492 expectat-unt
1108 1429 1392 1491 paramenta
1414 1426 1461 1474 in
1484 1440 1679 1475 camera
1699 1424 1972 1489 paramenti

180 1518 228 1564 et
246 1517 480 1564 venerunt
509 1513 571 1562 ad
599 1527 795 1578 parvam
818 1510 1055 1575 capellam
1089 1525 1148 1559 ex
1179 1526 1271 1574 qua
1293 1509 1635 1575 processiones
1666 1509 1969 1574 inceperunt.

182 1600 347 1647 Rmus.
385 1600 440 1646 D.
473 1596 731 1646 cardinalis
766 1612 807 1644 s.
845 1594 1121 1654 Anastasie,
1162 1594 1390 1659 imposito
1434 1594 1538 1643 sine
1575 1594 1717 1642 mitra
1748 1594 1968 1654 incenso,

181 1680 469 1744 genuflexus
499 1680 548 1728 in
578 1696 654 1739 ea,
685 1679 951 1730 incensavit
979 1683 1358 1739 sacramentum,
1391 1694 1486 1743 quo
1515 1682 1716 1742 accepto
1742 1678 1860 1726 illud
1884 1677 1971 1727 sub

182 1762 473 1812 baldachino
496 1763 599 1812 sine
618 1764 772 1813 bireto
799 1763 849 1812 in
877 1764 1035 1828 capite
1060 1763 1267 1828 portavit
1293 1778 1446 1827 usque
1472 1763 1533 1811 ad
1557 1757 1740 1824 curiam
1763 1762 1972 1826 primam

176 1846 340 1912 palatii
368 1846 449 1896 ubi
479 1847 748 1897 cardinales
782 1863 841 1897 ex
865 1863 991 1912 equo
1020 1847 1318 1897 descendere
1343 1847 1518 1905 solent,
1551 1846 1729 1895 ibidem
1760 1845 1970 1895 biretum

177 1930 365 1996 accepit
393 1935 441 1980 et
466 1931 691 1992 mitram;
721 1931 1066 1981 baldachinum
1092 1935 1342 1996 portarunt
1367 1931 1615 1995 digniores
1644 1929 1833 1978 nobiles
1864 1945 1973 1994 pre-

171 2019 357 2064 sentes.
381 2018 522 2065 Juxta
543 2015 838 2064 cardinalem
862 2016 962 2065 ibat
991 2015 1271 2081 capellanus
1301 2031 1417 2063 suus
1448 2015 1680 2063 assistens
1707 2012 1757 2061 in
1778 2013 1969 2077 pluviali

176 2112 206 2147 a
229 2098 410 2148 dextris
437 2103 483 2147 et
512 2099 744 2148 diaconus
771 2100 955 2164 capelle
985 2100 1035 2148 in
1067 2099 1327 2148 dalmatica
1354 2115 1382 2147 a
1413 2098 1636 2157 sinistris,
1667 2097 1968 2161 aurifrigium

176 2179 393 2246 pluvialis
411 2180 654 2230 elevantes
674 2181 769 2230 duo
791 2182 1026 2246 capellani
1042 2182 1131 2242 sui,
1147 2182 1194 2244 in
1214 2181 1562 2246 superpelliciis
1581 2187 1692 2230 ante
1709 2197 1821 2230 eum
1840 2181 1969 2230 ince-

178 2263 348 2314 dentes
380 2283 389 2313 :
422 2265 653 2314 continuo
678 2265 996 2314 incensabant
1026 2269 1071 2314 et
1103 2266 1270 2315 tertius
1297 2266 1568 2315 naviculam
1593 2266 1834 2330 portabat.
1860 2269 1966 2315 Duo

163 2347 323 2397 etiam
343 2347 423 2398 alii
443 2348 679 2412 capellani
705 2354 816 2398 ante
840 2364 924 2398 eos
945 2349 1235 2399 incedebant
1256 2365 1367 2407 cum
1382 2350 1703 2399 luminaribus
1719 2355 1829 2414 post
1851 2351 1967 2399 duo-

174 2414 334 2482 decim
358 2432 615 2482 scutiferos
634 2436 781 2498 Pape,
801 2433 1059 2483 duodecim
1082 2433 1325 2483 intorticia
1347 2434 1457 2483 alba
1477 2439 1745 2499 portantes,
1768 2418 1967 2484 Proces-

174 2515 246 2566 sio
276 2516 558 2582 hujusmodi
590 2517 783 2582 incepta
809 2521 881 2566 est
907 2517 1037 2567 circa
1051 2518 1226 2567 horam
1253 2518 1580 2579 undecimam,
1601 2519 1715 2569 licet
1730 2536 1817 2584 pro
1833 2535 1964 2569 nona

170 2601 392 2650 intimata
412 2606 544 2650 esset
565 2606 612 2650 et
639 2597 806 2662 habita
824 2618 912 2666 per
930 2602 1141 2666 plateam
1168 2620 1208 2650 s.
1235 2602 1363 2651 Petri
1393 2603 1626 2652 duntaxat
1646 2604 1725 2652 via
1751 2608 1886 2653 recta
1904 2620 1962 2653 ex

170 2685 349 2748 palatio
375 2701 539 2734 versus
562 2702 602 2734 s,
621 2686 946 2735 Martinellum
973 2703 983 2735 :
1008 2691 1119 2735 ante
1144 2687 1280 2751 cujus
1308 2686 1566 2736 ecclesiam
1596 2687 1694 2736 sive
1728 2687 1960 2752 palatium

172 2767 362 2817 divertit
383 2773 429 2818 et
449 2773 560 2818 ante
592 2770 816 2818 tabernas
845 2770 907 2818 ad
930 2770 1178 2820 basilicam
1199 2786 1238 2819 S.
1265 2771 1392 2819 Petri
1421 2771 1629 2820 divertit.
1663 2775 1764 2822 Hoc
1793 2773 1960 2822 ordine

172 2852 477 2900 incesserunt
502 2870 511 2899 :
536 2851 696 2916 primi,
728 2852 1062 2902 sollicitatores
1089 2853 1339 2903 literarum
1366 2856 1760 2919 apostolicarum,
1787 2857 1959 2905 deinde

173 2934 345 2984 notarii
367 2934 640 2983 auditorum
662 2940 786 2995 rote,
809 2940 1147 3000 procuratores
1163 2939 1518 3002 penitentiaric,
1539 2940 1800 3005 scriptores
1822 2955 1962 3004 apos-

175 3019 324 3078 tolici,
354 3019 572 3084 magistri
602 3019 849 3083 utriusque
878 3020 1089 3085 registri,
1121 3021 1478 3073 abbreviatores
1509 3024 1568 3073 de
1600 3040 1744 3088 parco
1766 3024 1958 3088 majori,

173 3102 438 3151 bullatores
459 3102 662 3167 plumbi,
699 3103 915 3168 magistri
949 3104 1131 3168 plumbi
1164 3109 1210 3154 et
1234 3106 1591 3156 abbreviatores
1620 3108 1679 3156 de
1708 3122 1852 3172 parco
1877 3107 1964 3155 mi-

173 3186 296 3245 nori,
322 3191 659 3250 procuratores
679 3188 902 3236 ordinum
925 3192 972 3236 et
992 3188 1070 3236 alii
1091 3204 1179 3237 suo
1198 3190 1382 3240 ordine.
1400 3192 1692 3241 Collectores
1714 3192 1897 3255 plumbi
1914 3198 1962 3242 et

172 3269 330 3334 prima
367 3269 546 3319 visione
586 3287 684 3319 non
731 3272 1070 3332 interfuerunt,
1117 3273 1199 3321 sed
1232 3275 1513 3324 mandatum
1548 3276 1663 3339 ipsis
1692 3275 1870 3324 factum
1902 3276 1961 3326 de

171 3353 408 3402 veniendo
429 3359 850 3420 contempserunt3
870 3361 916 3406 et
930 3356 1043 3405 licet
1057 3356 1164 3405 heri
1181 3358 1482 3407 ordinassem
1500 3359 1626 3422 quod
1648 3359 1804 3408 clerus
1820 3360 1961 3408 Urbis

175 3453 311 3486 suam
333 3439 697 3502 processionem
719 3445 884 3504 ageret
906 3445 1016 3490 ante
1041 3445 1272 3502 nostram,
1294 3443 1341 3491 id
1366 3447 1524 3492 tamen
1540 3443 1719 3493 factum
1742 3459 1838 3493 non
1861 3449 1957 3500 est;
