2262 3958
127 303 453 347 [Novemhr21485]
567 303 737 342 RERUM
773 305 1076 344 URBANARUM
1110 305 1461 344 COMMENTARH.
1843 306 1910 342 159

122 409 383 474 publicam.
418 413 704 460 Sermonem
727 412 841 461 fecit
861 412 1006 461 frater
1024 414 1233 460 Joannes
1255 411 1314 459 de
1336 410 1571 470 Ferraria,
1602 410 1783 459 ordinis
1805 427 1910 474 pre-

124 492 410 543 dicatorum.
435 498 539 552 Quo
558 496 713 557 finito,
739 513 836 545 una
863 512 974 544 cum
995 496 1272 544 celebrante
1295 495 1603 544 absolverunt
1625 494 1910 543 defunctum

124 577 290 626 RRmi.
337 581 440 627 DD.
490 581 849 645 Neapolitanus,
888 597 926 628 s.
968 580 1138 640 Marci,
1179 580 1416 643 episcopi3
1454 578 1828 628 Mediolanensis
1865 582 1913 627 et

129 660 469 711 Ulixbonensis
503 664 774 729 presbyteri
807 664 1075 712 cardinales
1117 681 1126 712 :
1168 664 1292 711 ultra
1330 681 1469 727 quos,
1507 664 1666 713 officio
1697 663 1913 729 predicto

122 744 448 795 interfuerunt
476 749 642 797 RRmi.
680 752 779 797 DD.
808 747 1186 812 Andegavensis,
1216 747 1274 795 de
1304 747 1586 807 Comitibus,
1618 747 1909 807 Parmensis,

126 829 347 892 Sabellis,
370 832 622 892 Columna,
652 832 886 881 Ascanius
913 831 1199 890 cardinaleS,
1232 835 1448 879 oratores
1473 832 1599 895 regis
1626 832 1914 880 Ferdinandi

125 917 173 962 et
200 915 574 965 Mediolanensis
611 932 666 965 ac
696 916 1015 965 Ferrariensis
1042 917 1220 965 ducum
1246 931 1301 964 ac
1330 916 1739 975 Florentinorum,
1774 916 1915 980 lugu-

123 996 290 1047 bribus
309 999 522 1048 vestibus
543 999 694 1048 induti
710 1016 823 1049 cum
844 1001 947 1050 aliis
969 1001 1173 1050 funestis
1204 1000 1428 1048 sedentes
1450 999 1660 1063 primum
1684 998 1811 1047 inter
1831 1014 1914 1047 eos

123 1078 287 1128 locum
301 1080 580 1130 habuerunt
601 1083 696 1132 duo
715 1084 775 1133 ab
798 1101 894 1134 uno
914 1101 1149 1144 scammo,
1173 1084 1250 1132 alii
1274 1083 1368 1132 duo
1387 1084 1446 1132 ab
1468 1083 1585 1143 alio;
1611 1083 1915 1132 funestorum

124 1163 344 1213 omnium
368 1166 565 1215 fuerunt
585 1172 783 1217 centum
803 1169 968 1233 viginti
988 1169 1062 1218 vel
1083 1169 1239 1228 circa3
1272 1173 1317 1217 et
1340 1166 1451 1231 quia
1473 1169 1646 1214 Rmus.
1677 1169 1734 1214 D.
1759 1166 1916 1214 cardi—

127 1247 246 1296 nalis
273 1250 617 1314 Neapolitanus
646 1265 811 1301 curam
845 1253 1155 1317 exequiarum
1185 1252 1513 1317 predictarum
1541 1250 1629 1299 sibi
1656 1251 1917 1314 assumpsit

125 1335 172 1380 et
188 1331 309 1381 mihi
326 1335 568 1383 commisit
587 1341 638 1384 ut
655 1337 925 1386 honorifice
939 1342 986 1386 et
1003 1337 1164 1386 debito
1187 1337 1355 1385 ordine
1378 1335 1541 1383 omnia
1566 1335 1758 1396 fierent,
1782 1335 1918 1384 sche-

125 1415 289 1466 dulam
308 1434 397 1483 pro
415 1420 560 1468 rebus
582 1422 867 1486 opportunis
895 1421 1208 1486 disponendis
1237 1419 1426 1469 confeci
1453 1418 1738 1483 hujusmodi
1761 1418 1916 1467 conti-

44 1547 47 1552 .
125 1501 290 1551 nentie
314 1519 326 1552 :

194 1587 442 1637 Vestiatur
461 1589 642 1638 familia
663 1590 774 1639 dicti
793 1590 1007 1639 defuncti
1030 1606 1165 1639 more
1196 1590 1355 1651 solito,

193 1672 245 1718 ln
263 1673 471 1722 ecclesia
496 1679 726 1738 parentur
753 1676 934 1724 circum
963 1676 1093 1724 circa
1114 1676 1247 1740 ligna
1272 1691 1360 1740 pro
1387 1674 1642 1723 intorticiis
1669 1678 1716 1723 et
1747 1674 1915 1723 subtus

126 1753 209 1802 illa
229 1754 324 1804 tele
348 1756 482 1821 nigre
507 1774 619 1807 cum
638 1760 784 1808 armis
801 1760 1033 1820 defuncti,
1059 1760 1202 1807 nullis
1219 1760 1427 1823 demptis
1450 1776 1459 1819 3
1480 1759 1701 1808 similiter
1715 1759 1921 1807 circum-

127 1837 258 1887 eima
275 1839 527 1891 columnas
550 1843 713 1892 altaris
734 1843 783 1890 in
807 1843 1042 1907 superiori
1060 1847 1195 1907 parte
1218 1843 1277 1891 ab
1300 1847 1450 1903 extra,

190 1923 413 1974 Castrum
435 1926 614 1975 doloris
630 1920 889 1992 pareturin
915 1927 1075 1976 medio
1100 1927 1306 1976 ecclesie
1327 1927 1375 1974 in
1396 1926 1688 1997 summitate,
1712 1928 1771 1977 ab
1787 1928 1915 1976 intus

129 2006 223 2057 tela
240 2009 382 2074 nigra
405 2010 696 2059 subductum
717 2028 913 2061 crucem
936 2011 1093 2060 albam
1117 2027 1345 2076 magnam
1366 2027 1454 2076 per
1477 2012 1691 2060 medium
1712 2012 1916 2073 habenS,

158 2094 168 2101 “
193 2092 331 2142 Circa
351 2098 563 2143 castrum
585 2096 764 2144 doloris
778 2100 1022 2160 ponantur
1046 2111 1245 2143 scamna
1264 2111 1351 2158 pro
1367 2095 1643 2159 quindecim
1667 2097 1920 2145 intorticiis

127 2191 216 2240 pro
235 2177 452 2240 quolibet
476 2179 647 2240 latere,
679 2196 878 2228 scamna
903 2196 990 2244 pro
1023 2179 1224 2227 funestis
1250 2196 1278 2227 a
1311 2180 1463 2227 tribus
1495 2179 1724 2228 lateribus
1755 2180 1916 2241 castri,

131 2275 221 2324 pro
241 2276 446 2311 numero
467 2262 773 2311 funestorum
793 2263 965 2311 lectica
995 2263 1084 2310 sub
1111 2266 1269 2310 castro
1296 2261 1494 2322 doloris,

197 2346 379 2394 Saccus
389 2347 540 2411 paleis
557 2347 730 2412 plenus
746 2363 834 2411 per
847 2347 1233 2411 magnitudinem
1248 2347 1372 2395 dicte
1394 2346 1564 2395 lectice
1580 2362 1692 2395 cum
1708 2347 1920 2411 capizolo

130 2427 276 2478 etiam
295 2430 447 2495 paleis
475 2431 678 2496 repleto,

195 2513 398 2563 Pallium
416 2531 620 2564 aureum
642 2531 752 2564 cum
774 2516 920 2564 armis
946 2516 1203 2565 cardinalis
1240 2516 1474 2577 defuncti,

195 2600 302 2648 Duo
335 2599 516 2648 cussini
543 2600 603 2650 de
635 2600 818 2649 taffetta
850 2600 988 2665 nigra
1016 2601 1166 2666 paleis
1197 2601 1328 2665 pleni
1357 2617 1468 2649 cum
1489 2600 1636 2649 armis
1665 2598 1921 2650 cardinalis

135 2681 371 2744 defuncti,

196 2768 304 2815 Duo
337 2768 534 2832 tapetia,
574 2784 727 2817 unum
760 2786 995 2834 magnum
1037 2787 1125 2836 pro
1162 2769 1318 2830 altari,
1372 2769 1502 2819 aliud
1546 2770 1791 2821 mediocre
1834 2788 1920 2836 pro

137 2850 421 2913 faldistorio,

197 2938 304 2985 Duo
323 2935 495 3001 capelli
516 2937 652 2987 rubei
675 2940 1000 2989 cardinalares
1021 2938 1082 2988 ad
1103 2941 1252 3004 pedes
1275 2954 1421 3004 supra
1440 2939 1666 2989 lecticam
1686 2938 1916 3004 ponendi.

198 3022 305 3068 Duo
322 3020 514 3070 flabella
534 3038 593 3071 ex
613 3023 779 3072 taffeta
801 3024 938 3088 nigro
965 3040 1076 3074 cum
1107 3025 1255 3074 armis
1280 3023 1539 3074 cardinalis
1568 3025 1780 3074 defuncti
1808 3024 1921 3072 hinc

133 3107 182 3152 et
200 3104 313 3154 inde
335 3105 554 3169 depictis,

200 3188 532 3254 Depingantur
568 3207 703 3240 arma
747 3191 1003 3241 cardinalis
1039 3192 1255 3241 defuncti
1289 3192 1337 3240 in
1372 3193 1498 3242 foliis
1520 3193 1720 3257 integris
1754 3193 1922 3258 papyri

134 3286 339 3322 numero
359 3290 454 3338 que
482 3289 569 3340 per
597 3276 850 3326 columnas
879 3277 1061 3327 circum
1090 3276 1219 3325 circa
1244 3277 1294 3324 in
1325 3277 1531 3326 ecclesia
1567 3282 1614 3326 et
1647 3282 1782 3326 extra
1814 3293 1922 3326 eam

131 3355 270 3419 juxta
290 3355 416 3404 illius
431 3356 682 3407 introitum
709 3359 987 3424 affigantur.

200 3441 411 3489 Scamna
438 3457 526 3506 pro
548 3442 888 3505 cardinalibus,
911 3444 1106 3509 prelatis
1128 3450 1175 3494 et
1193 3444 1485 3505 oratoribus,
