2262 3958
113 291 332 334 [Aout1484]
555 290 725 328 RERUM
751 289 1057 328 URBANARUM
1084 290 1436 330 COMMENTARII.
1854 300 1899 334 40

112 409 221 442 rum
241 409 387 443 causa
406 393 726 457 expeditionis
748 393 986 458 generalis
1009 398 1178 458 sponte
1199 395 1423 455 offerunt,
1442 396 1779 460 promittentes
1801 401 1902 448 esfi-

111 476 294 526 caciter
311 493 400 542 pro
421 480 542 537 rata,
567 481 618 525 ut
639 493 800 541 supra,
826 477 1020 525 realiter
1040 481 1087 524 et
1109 492 1221 525 cum
1243 478 1418 527 effectu
1441 480 1643 529 solvere.

171 563 313 620 Item,
345 561 473 624 quod
500 560 685 609 curiam
713 575 981 619 romanam,
1012 559 1061 607 in
1095 561 1250 624 capite
1286 566 1333 610 et
1360 564 1593 611 membris
1622 565 1902 614 reformabit

105 641 384 693 immediate
414 648 524 708 post
555 648 653 693 tres
686 659 879 692 menses
911 646 1021 708 post
1048 659 1185 691 suam
1228 646 1595 695 coronationem
1630 649 1901 697 secundum

105 726 362 776 consilium
383 728 581 793 majoris
600 727 749 792 partis
775 726 1083 775 dominorum
1115 728 1450 790 cardinalium,
1476 735 1524 779 et
1545 732 1719 780 deinde
1743 734 1899 781 conti-

102 811 273 860 nuabit
290 827 443 876 usque
464 811 524 860 ad
543 811 737 875 plenam
757 811 1108 875 perfectionem
1141 812 1220 878 (1).

167 896 305 955 Item,
340 894 470 958 quod
501 893 680 942 dictam
711 894 896 943 curiam
926 911 1025 943 non
1060 896 1235 944 educet
1268 896 1327 943 de
1371 897 1497 944 Urbe
1540 914 1758 958 romana,
1803 918 1895 949 nec

101 977 359 1027 tmnsferet
390 978 450 1026 de
487 977 596 1026 loco
637 978 696 1026 ad
731 978 914 1039 locum,
957 980 1015 1027 de
1046 979 1295 1043 provincia
1329 979 1379 1026 in
1420 980 1718 1044 provinciam
1749 987 1797 1031 et
1835 985 1893 1032 de

96 1059 252 1124 patria
279 1061 339 1109 ad
358 1061 580 1126 patriam,
605 1061 729 1110 intra
750 1063 935 1111 Italiam
963 1063 1177 1127 quidem,
1213 1063 1315 1111 sine
1344 1080 1585 1113 consensu
1617 1069 1664 1114 et
1692 1067 1893 1115 consilio

96 1143 295 1209 maJoris
338 1145 488 1210 partis
535 1143 872 1206 cardinalium,
926 1150 1061 1195 extra
1105 1163 1218 1195 vero
1268 1147 1453 1196 Italiam
1501 1149 1603 1197 sine
1651 1166 1893 1200 consensu

93 1227 298 1278 duarum
335 1228 563 1294 partium,
607 1229 666 1278 de
707 1246 802 1293 quo
837 1230 1032 1293 quidem
1066 1246 1308 1279 consensu
1340 1232 1515 1280 debeat
1548 1237 1774 1282 constare
1807 1252 1896 1299 per

94 1311 501 1377 subscriptionem
522 1330 710 1374 eorum,
734 1317 787 1362 ut
808 1314 1048 1363 evitentur
1068 1315 1294 1363 scandala
1315 1319 1362 1364 et
1382 1316 1614 1380 pericula.

160 1397 300 1456 Item,
324 1397 454 1460 quod
483 1413 626 1462 quam
654 1398 865 1462 primum
889 1399 1144 1447 commode
1167 1398 1271 1447 fieri
1299 1416 1444 1463 posse
1470 1400 1709 1449 videbitur
1734 1403 1894 1450 conci-

91 1480 211 1528 lium
239 1481 467 1545 generale
494 1481 756 1529 celebrabit
778 1485 860 1529 aut
886 1481 1121 1529 celebrari
1142 1481 1286 1530 faciet
1313 1483 1598 1530 solemniter
1623 1485 1890 1533 secundum

92 1579 300 1626 sormam
319 1564 627 1628 antiquorum
649 1564 968 1613 conciliorum
998 1565 1048 1612 in
1073 1565 1181 1613 loco
1204 1570 1306 1613 tuto
1330 1570 1378 1614 et
1399 1567 1657 1615 commodo
1679 1572 1822 1632 prout
1845 1570 1887 1616 ei

87 1647 275 1712 justum
300 1647 556 1708 videbitur,
591 1652 638 1696 et
665 1648 941 1696 consultum
970 1648 1114 1696 fuerit
1147 1665 1235 1712 per
1262 1650 1498 1713 majorem
1525 1655 1715 1714 partem
1737 1652 1891 1699 cardi-

90 1730 274 1780 nalium
303 1731 364 1780 ad
390 1731 706 1780 concitandos
735 1732 980 1796 principes
1008 1735 1055 1780 et
1075 1733 1279 1796 populos
1310 1733 1599 1782 christianos
1630 1735 1690 1782 ad
1719 1736 1888 1783 defen-

91 1813 279 1863 sionem
314 1813 430 1863 fidei
470 1818 519 1863 et
557 1815 838 1879 generalem
876 1819 1046 1863 contra
1082 1815 1302 1864 infideles
1340 1817 1701 1881 expeditionem
1741 1835 1796 1867 ac
1826 1820 1888 1866 ad

88 1897 452 1948 reformandum
501 1898 775 1947 universam
820 1899 1088 1947 Ecclesiam
1137 1899 1267 1947 circa
1314 1900 1462 1948 fidem
1512 1905 1601 1967 (2),
1650 1902 1797 1951 vitam
1843 1907 1890 1951 et

89 1997 281 2043 mores,
311 1986 410 2032 tam
441 1986 667 2047 respectu
702 1983 994 2031 clericorum
1025 1983 1317 2031 secularium
1346 1988 1393 2032 et
1420 1986 1716 2049 regularium
1745 2003 1890 2050 quam

89 2066 428 2131 religiosorum
459 2067 776 2116 militantium
813 2071 860 2116 et
890 2071 987 2115 tam
1023 2071 1247 2131 respectu
1277 2068 1552 2132 principum
1583 2086 1729 2132 quam
1754 2086 1889 2118 com—

87 2150 396 2211 munitatum,
435 2151 486 2198 in
522 2155 570 2199 et
610 2167 757 2216 super
792 2168 850 2200 eo
888 2151 1017 2214 quod
1042 2151 1304 2214 pertinebit
1340 2152 1400 2199 ad
1431 2152 1671 2214 judicium
1703 2157 1750 2201 et
1778 2170 1889 2216 pro—

86 2233 323 2283 visionem
339 2233 404 2295 (3)
426 2235 660 2284 Ecclesie.

114 2366 123 2374 ,
152 2320 293 2379 Item,
325 2319 456 2382 quod
481 2335 580 2367 non
606 2318 791 2367 creabit
816 2334 908 2366 nec
939 2322 1153 2366 assumet
1182 2318 1394 2382 aliquem
1422 2319 1718 2367 cardinalem
1739 2320 1886 2368 etiam

86 2401 316 2467 precibus
355 2417 794 2466 quorumcumque,
836 2402 1160 2466 imperatoris,
1204 2419 1394 2466 regum,
1432 2403 1609 2451 ducum
1650 2407 1732 2451 aut
1753 2404 1885 2468 prin-

87 2485 285 2550 cipum,
329 2485 423 2534 nisi
463 2486 666 2536 excedat
703 2485 1008 2551 trigesimum
1046 2502 1255 2545 annum,
1307 2487 1461 2550 sitque
1511 2487 1682 2534 doctor
1722 2488 1796 2536 vel
1837 2488 1885 2534 in

88 2583 227 2618 sacra
251 2569 444 2635 pagina,
475 2570 550 2619 vel
577 2570 625 2618 in
652 2570 805 2619 altero
821 2569 1020 2634 jurium,
1056 2570 1131 2618 vel
1158 2570 1218 2618 ad
1249 2570 1427 2631 minus,
1465 2570 1624 2633 quoad
1653 2571 1778 2619 filios
1812 2571 1885 2619 vel

135 2730 171 2767 1.
201 2729 512 2771 Satisfactionem‚
535 2753 581 2760 —
601 2732 704 2770 Dans
724 2730 886 2771 Rinaldi.

134 2790 171 2826 2.
199 2789 340 2827 Fidem.
360 2810 408 2819 —
427 2791 589 2839 Manque
616 2791 710 2828 dans
738 2790 899 2828 Rinaldi.
934 2791 985 2828 M.
1012 2789 1233 2835 Gennarelli‚
1253 2789 1316 2839 qui
1340 2802 1363 2827 a
1392 2790 1512 2828 releve
1539 2789 1593 2827 les
1621 2789 1801 2828 variantes
1835 2792 1883 2827 du

87 2852 187 2887 texte
206 2849 328 2886 donne
347 2861 415 2898 par
432 2849 594 2896 Riualdi,
616 2850 706 2888 s'est
724 2850 830 2888 attire
850 2851 894 2888 de
911 2851 967 2889 M.
994 2850 1108 2894 Cerri,
1131 2862 1179 2887 au
1200 2849 1299 2898 sujet
1319 2850 1364 2887 de
1384 2862 1425 2887 ce
1445 2855 1535 2898 mot,
1550 2865 1622 2890 une
1643 2851 1797 2890 diatribe
1817 2851 1883 2887 des

86 2906 170 2956 plus
189 2908 437 2946 vehementes.
468 2923 487 2943 «
509 2909 612 2958 Dopo
635 2909 668 2946 le
696 2909 819 2958 parole
848 2913 955 2947 circa
981 2912 1114 2958 fidem,
1146 2910 1170 2947 il
1200 2910 1408 2948 Gennarelli
1440 2916 1528 2949 nota
1556 2924 1577 2949 a
1608 2913 1666 2962 pie
1686 2912 1721 2948 di
1743 2910 1882 2960 pagina

85 2966 138 3016 (p.
159 2967 248 3016 26):
270 2967 396 3005 Fidem
416 2968 646 3006 desideratur
666 2968 704 3006 in
737 2969 934 3018 Raynaldi.
968 2969 1010 3006 Si
1037 2969 1062 3005 il
1085 2969 1270 3018 Raynaldi
1299 2981 1374 3006 non
1394 2981 1483 3018 pose
1503 2974 1609 3008 circa
1629 2973 1763 3020 fidem,
1794 2968 1881 3005 vuol

87 3025 166 3064 dire
185 3027 253 3065 che
271 3027 296 3064 il
314 3032 410 3066 testo
429 3028 487 3066 del
506 3029 722 3066 Burchardo
741 3041 816 3067 non
836 3029 930 3076 l’ha3
960 3040 982 3066 o
1013 3039 1054 3066 se
1072 3040 1140 3078 pur
1165 3028 1252 3072 l'ha,
1282 3039 1356 3065 non
1379 3029 1520 3067 doveva
1551 3030 1712 3076 haverlo,
1740 3027 1881 3065 inchiu-

90 3085 246 3124 dendosi
274 3088 312 3125 in
343 3088 466 3138 quella
495 3089 620 3138 parola
653 3091 771 3139 fidem
796 3089 832 3126 la
860 3089 923 3138 piu
942 3100 1032 3127 nera
1050 3088 1270 3126 bestiemma
1299 3093 1428 3127 contra
1454 3089 1535 3133 Dio,
1559 3101 1577 3126 e
1594 3089 1618 3126 il
1637 3089 1699 3138 piu
1720 3086 1881 3124 decisivo

90 3149 252 3194 preteeto
283 3146 377 3185 della
401 3148 566 3186 Riforma
595 3149 779 3187 Luterana
807 3153 843 3187 et
869 3149 928 3186 del
954 3149 1181 3187 nascimento
1211 3149 1247 3186 di
1282 3153 1376 3188 tutte
1414 3150 1446 3186 le
1467 3149 1598 3191 eresie,
1627 3149 1693 3185 che
1725 3147 1763 3184 in
1796 3146 1882 3196 quel

89 3204 224 3243 misero
242 3209 364 3256 tempo
384 3207 565 3246 sbucaron
593 3208 676 3246 dall'
698 3208 839 3247 inferno
859 3221 882 3247 a
900 3208 1058 3247 lacerare
1081 3209 1115 3247 la
1135 3220 1246 3258 sposa
1265 3209 1302 3246 di
1322 3209 1456 3253 cristo,
1489 3212 1574 3252 etc.,
1598 3212 1668 3244 etc.
1701 3207 1879 3255 (Bor-qia,

90 3267 195 3302 ossea
213 3266 452 3304 Alessandro
477 3269 532 3304 VI
549 3281 659 3317 papa
676 3282 695 3307 e
711 3273 801 3307 suoi
820 3270 1132 3316 contemporanei
1150 3280 1225 3314 per
1244 3268 1478 3313 Monsiqnor
1499 3266 1599 3304 Cerri
1621 3267 1818 3304 Domenico
1835 3267 1882 3303 da

91 3323 259 3371 Macesso,
279 3325 426 3372 Torino,
449 3329 556 3375 1873,
575 3330 649 3371 vol,
671 3330 810 3379 pri.,p.
834 3329 913 3378 30.)

138 3385 173 3422 3.
202 3385 367 3423 Romane
386 3386 550 3425 ecclesie.
571 3410 616 3418 —
637 3389 739 3427 Dans
758 3388 917 3426 Rinaldi.

282 3480 315 3506 τ.
344 3482 369 3506 1.
1666 3473 1687 3509 4
