2262 3958
403 328 473 366 414
1015 328 1245 371 ιΙΟΗΑΝΝΙΞ
1279 334 1572 374 BURCHARDI,
1972 335 2056 368 Juin
2077 333 2172 382 140¹}

469 431 693 490 Sabbato,
720 436 746 480 5
762 432 904 495 junii,
926 432 1085 495 vigilia
1105 434 1365 493 Trinitatis,
1389 437 1470 483 SS.
1493 438 1550 483 D.
1572 439 1736 484 noster
1752 436 1801 483 in
1819 452 2012 485 camera
2026 452 2174 502 papa-

403 515 532 578 galli,
554 531 664 562 cum
677 514 1228 579 acciperetparamenta‚
1246 518 1363 565 mihi
1383 518 1502 567 dixit
1524 518 1652 582 quod
1672 519 1898 583 deinceps
1918 535 2016 568 non
2035 520 2176 570 fieret

403 598 800 646 commemoratio
822 598 871 645 in
891 601 1130 662 presentis
1152 600 1246 648 diei
1274 602 1487 665 vesperis
1510 601 1568 649 de
1596 601 1851 663 dominica,
1881 607 2023 667 prout
2042 603 2174 667 prius

404 696 487 727 suo
517 684 734 743 tempore
762 680 888 727 facta
914 686 1042 729 esset
1068 686 1266 746 propter
1303 683 1411 730 festi
1452 683 1823 744 solemnitatem,
1849 701 1903 732 ac
1933 685 2175 734 commisit

403 762 671 810 oratoribus
707 763 1074 813 ultramontanis
1109 766 1512 814 contendentibus
1550 765 1809 829 significari
1842 764 2018 813 debere
2046 765 2175 829 quod

401 846 494 894 hoc
517 862 623 894 sero
645 862 731 910 pro
757 847 970 910 vesperis
999 853 1045 895 et
1073 864 1178 896 cras
1208 865 1293 912 pro
1321 849 1469 896 missa
1498 849 1558 896 ad
1580 849 1812 912 capellam
1838 865 1936 896 non
1960 848 2168 906 veniant,

403 947 511 979 cum
532 931 581 978 hi
605 930 706 984 dies
728 931 1088 979 citramontanis
1111 932 1204 980 sint
1232 933 1475 990 concessi;
1501 933 1597 995 qui,
1615 914 1702 995 pro
1722 931 1938 997 vesperis
1960 920 2008 980 et
2027 930 2176 979 missa

403 1014 719 1062 solemnitatis
741 1015 1029 1063 sanctissimi
1052 1017 1285 1079 corporis,
1310 1032 1338 1063 a
1358 1016 1542 1078 capella
1564 1031 1613 1062 se
1637 1015 1842 1064 debeant
1864 1014 2105 1063 abstinere
2127 1018 2175 1062 et

401 1097 744 1146 ultramontani
777 1102 878 1145 tum
904 1099 1087 1158 venire,
1116 1104 1259 1162 prout
1286 1099 1463 1148 factum
1498 1103 1598 1157 est3
1625 1103 1672 1147 et
1693 1102 1821 1161 Papa
1846 1092 2020 1146 deinde
2046 1096 2175 1145 venit

401 1181 461 1228 ad
497 1181 730 1244 capellam
763 1181 1030 1244 predictam
1067 1181 1126 1229 ad
1160 1198 1403 1246 vesperas,
1442 1182 1554 1230 fecit
1583 1182 1795 1230 officium
1823 1186 1870 1231 et
1896 1181 1989 1229 alia
2014 1179 2177 1228 omnia

399 1281 534 1312 more
557 1264 696 1312 solito
719 1268 830 1311 sunt
850 1265 1116 1313 observata.
2070 1271 2073 1275 ’
2121 1316 2123 1322 Α

465 1348 718 1396 Dominica
750 1350 778 1394 6
813 1347 954 1410 junii,
1000 1347 1176 1395 festum
1226 1364 1264 1396 s.
1304 1349 1564 1407 Trinitatis,
1598 1348 1852 1397 cardinalis
1899 1345 2171 1396 Parmensis

401 1429 660 1477 celebravit
691 1428 889 1476 missam
921 1429 1188 1477 solemnem
1217 1430 1263 1477 in
1285 1431 1468 1494 capella
1493 1432 1726 1494 predicta,
1755 1433 1884 1493 Papa
1905 1430 2128 1493 presente
2155 1442 2166 1474 ε
2199 1432 2203 1436 ’

402 1513 519 1560 dixit
545 1528 690 1560 unam
719 1512 985 1560 orationem
1014 1517 1198 1560 tantum
1224 1518 1271 1562 et
1302 1514 1395 1561 alia
1418 1529 1552 1562 more
1578 1514 1736 1562 solito.
1758 1515 1863 1561 Non
1882 1511 1968 1560 fuit
1988 1525 2166 1568 sermo,

401 1597 513 1644 licet
535 1596 807 1643 intimatum
826 1595 992 1642 fuisset
1014 1594 1141 1658 quod
1162 1595 1552 1659 archiepiscopus
1573 1594 1873 1643 Patracensis
1892 1606 2166 1642 sermonem

400 1680 607 1727 facturus
634 1683 762 1727 esset
794 1678 875 1741 qui
905 1694 1001 1726 non
1040 1679 1170 1727 venit
1197 1678 1256 1725 ad
1287 1679 1537 1742 capellam.
1574 1682 1675 1726 Hoc
1702 1693 1862 1735 mane,
1905 1679 2166 1739 antequam

400 1766 484 1813 SS.
512 1767 567 1811 D.
592 1767 759 1811 noster
778 1763 961 1811 veniret
987 1762 1047 1809 ad
1077 1762 1329 1825 capellam,
1364 1762 1478 1809 dum
1503 1765 1784 1826 paramenta
1809 1762 2021 1824 caperet,
2050 1757 2167 1805 dixit

400 1848 517 1895 mihi
534 1847 662 1910 quod
682 1851 811 1895 esset
832 1863 940 1894 cum
972 1850 1108 1893 Rmo.
1146 1847 1202 1892 D.
1237 1845 1479 1893 cardinale
1503 1862 1540 1892 s.
1580 1845 1772 1907 Georgii
1801 1841 2066 1891 camerario
2101 1839 2161 1888 ad

400 1929 720 1977 ordinandum
739 1929 1101 1992 processionem
1127 1942 1213 1990 pro
1236 1927 1312 1975 die
1344 1928 1559 1990 corporis
1582 1925 1756 1975 Christi
1773 1925 1894 1978 hora
1911 1938 1978 1980 XI,
2002 1922 2051 1969 in
2072 1936 2167 1984 qua

399 2011 629 2061 officiales
669 2012 895 2060 incedere
936 2011 1168 2058 deberent
1206 2010 1373 2058 ordine
1421 2009 1746 2074 superioribus
1791 2007 1976 2055 duobus
2026 2004 2164 2053 annis

398 2095 667 2153 observat0‚
696 2101 742 2143 et
763 2094 891 2158 quod
907 2110 995 2157 per
1021 2093 1336 2141 cardinalium
1357 2094 1584 2142 forrerios
1611 2095 1872 2155 poneretur
1898 2103 2084 2153 pannos
2103 2087 2162 2136 de

397 2179 552 2226 rascia
567 2193 654 2242 per
672 2178 880 2241 plateam
903 2194 941 2225 s.
972 2178 1117 2236 Petri,
1138 2193 1175 2224 s.
1200 2177 1347 2223 Marci
1379 2192 1527 2240 prope
1545 2193 1582 2223 s.
1608 2173 1927 2222 Martinellum
1946 2176 1994 2220 et
2015 2172 2166 2219 Bene-

395 2259 585 2307 ventani
610 2258 866 2306 cardinalis
882 2275 1031 2323 prope
1052 2277 1089 2307 s.
1117 2260 1423 2308 Catharinam
1443 2276 1452 2306 :
1478 2259 1582 2306 aliis
1602 2255 1923 2306 cardinalibus
1945 2253 2164 2321 distribui

396 2341 592 2390 deberet
625 2358 711 2405 per
750 2358 927 2390 cannas
975 2359 1001 2390 a
1036 2343 1250 2392 forreriis
1299 2342 1458 2405 platea
1493 2358 1520 2390 a
1554 2358 1592 2389 s,
1635 2338 1891 2389 Catharina
1915 2350 2068 2402 usque
2103 2334 2164 2383 ad

395 2428 603 2472 castrum
633 2441 670 2472 s.
701 2425 890 2487 Angeli,
926 2430 975 2473 ut
1006 2426 1180 2488 singuli
1210 2444 1343 2474 suam
1377 2431 1564 2490 partem
1601 2427 1827 2472 ornarent
1853 2438 1940 2485 pro
1964 2435 2162 2485 proces-

395 2507 542 2554 sionis
565 2507 641 2554 die
660 2507 877 2569 predicta
898 2524 907 2554 ε
934 2508 1002 2554 sic
1025 2508 1113 2555 fuit
1134 2509 1458 2557 observatum.

460 2591 573 2638 Heri
593 2606 700 2637 sero
717 2591 764 2637 in
785 2592 1017 2654 vesperis,
1045 2608 1103 2640 ex
1124 2593 1466 2640 commissione
1489 2593 1572 2639 SS.
1598 2592 1654 2637 D.
1682 2590 1737 2635 N.
1768 2589 1988 2649 receptus
2008 2584 2096 2632 fuit
2112 2582 2162 2631 in

393 2675 675 2737 magistrum
698 2675 821 2722 sacri
850 2675 1029 2738 palatii,
1056 2680 1180 2740 etneo
1210 2676 1318 2723 loco
1345 2675 1612 2737 assignatus
1637 2675 1710 2719 est
1733 2669 1963 2732 magister
1987 2667 2160 2715 Paulus

391 2758 643 2806 Januensis
663 2757 843 2804 ordinis
863 2758 1219 2820 predicatorum
1238 2758 1286 2804 in
1313 2758 1474 2811 locum
1502 2754 1719 2818 magistri
1737 2751 1885 2800 Marci
1910 2750 1988 2814 qui
2014 2749 2158 2798 hodie

393 2841 441 2888 in
475 2846 663 2890 secreto
695 2841 982 2888 consistorio
1006 2856 1092 2903 per
1122 2842 1204 2888 SS.
1234 2842 1290 2887 D.
1328 2842 1382 2887 N.
1418 2837 1620 2886 ecclesie
1645 2835 1893 2893 Theatine,
1923 2836 2158 2896 quatenus

389 2924 665 2987 ,Alphonsus
696 2924 875 2972 electus
913 2923 1192 2980 Theatinus,
1226 2922 1354 2985 regis
1385 2919 1671 2969 Ferdinandi
1693 2919 1836 2976 filius,
1862 2932 1921 2965 ex
1942 2915 2159 2964 Ecclesia

392 3008 564 3071 Rhegii
589 3007 888 3071 Neapolitani
917 3006 977 3054 ad
1004 3021 1147 3068 quam
1176 3006 1222 3051 in
1249 3004 1421 3053 eodem
1453 3002 1736 3051 consistorio
1761 3000 1849 3047 fuit
1878 2997 2154 3056 translatUS,

391 3092 516 3139 infra
541 3097 699 3140 tres...
727 3090 967 3153 prefectus
990 3094 1088 3148 est;
1113 3088 1325 3150 alioquin
1355 3103 1413 3135 ex
1433 3102 1561 3133 nunc
1591 3088 1732 3148 prout
1757 3099 1815 3131 ex
1837 3086 1960 3129 ‚tunc
1975 3080 2156 3129 eodem

390 3175 620 3238 magistro
654 3177 816 3222 Marco
847 3173 1063 3236 regimen
1116 3176 1163 3218 et
1201 3169 1662 3218 administrationem
1698 3164 1900 3214 ecclesie
1938 3163 2154 3230 Rhegine

391 3257 607 3321 predicte
632 3257 889 3305 commisit.

457 3341 596 3388 Feria
617 3345 800 3403 quarta,
815 3343 843 3386 9
863 3337 1043 3386 mensis
1061 3336 1202 3400 junii,
1222 3335 1383 3399 vigilia
1400 3333 1615 3396 corporis
1634 3329 1945 3397 sacratissimi*
1957 3325 2148 3386 Christi,

390 3425 473 3471 SS.
516 3426 572 3471 D.
610 3427 775 3470 noster
805 3425 997 3486 paratus
1026 3435 1160 3467 more
1201 3418 1338 3466 solito
1377 3417 1505 3465 venit
1553 3416 1614 3464 ad
1649 3414 1880 3479 capellam
1915 3411 2148 3476 majorem
