2262 3958
171 313 278 359 [Anat
298 312 389 356 1484]
618 309 787 348 RERUM
813 288 1119 347 URBANARUM
1153 308 1504 348 COMMENTARII.
1909 314 1957 350 39

169 415 582 483 superioritatem,
605 418 922 480 potestatem,
953 412 1319 478 dispositionem
1347 417 1394 462 et
1424 429 1776 479 quamcumque
1807 415 1959 465 facul—

168 505 343 561 tatem,
379 499 722 558 authoritatem
750 503 798 549 et
822 499 985 547 literas
1012 497 1194 561 absque
1223 498 1382 562 aliqua
1409 499 1736 560 restrictione,
1773 500 1962 548 modifi-

168 583 384 645 catione,
426 583 713 632 limitatione
748 587 797 632 et
835 581 928 631 alio
961 581 1308 645 impedimento
1342 599 1651 647 quocumque
1684 584 1836 633 libere
1873 601 1961 649 per

171 667 382 733 seipsoe,
427 667 502 716 vel
540 667 959 716 locum-tenentes
997 680 1087 728 per
1130 665 1262 729 ipsos
1298 667 1600 731 deputandos
1643 684 1873 717 exercere
1914 673 1962 716 et

168 751 323 802 solitis
356 751 696 801 emolumentis
727 748 870 815 potiri
903 748 1138 809 debeant;
1176 753 1224 798 et
1257 751 1385 814 quod
1420 767 1522 812 eos,
1560 755 1640 800 aut
1673 768 1840 800 eorum
1871 752 1958 800 ali—

162 852 308 900 quem
340 835 390 884 in
417 834 699 884 eorumdem
725 832 1166 882 emolumentorum
1193 833 1354 882 debita
1380 834 1534 882 libera
1559 836 1872 900 perceptione
1899 852 1956 884 ac

161 920 432 970 officiorum
490 933 687 967 suorum
745 916 1001 966 collatione
1054 922 1102 966 et
1159 917 1444 966 executione
1495 919 1854 982 privilegiorum
1907 924 1955 968 et

159 1003 438 1054 facultatum
477 1002 572 1062 eiS,
615 1006 668 1051 ut
698 1002 964 1067 prefertur,
1002 1018 1349 1051 concessorum
1389 1006 1437 1051 et
1477 1003 1857 1067 competentium
1897 1005 1956 1053 ad

153 1101 362 1151 unguem
390 1087 530 1152 juxta
559 1086 813 1136 literarum
851 1086 919 1135 eis
951 1087 1180 1152 desuper,
1222 1091 1274 1135 ut
1311 1087 1575 1151 prefertur,
1610 1103 1955 1137 concessarum

154 1170 504 1220 continentiam
535 1175 679 1235 atque
709 1171 915 1219 formam
944 1187 1033 1235 per
1058 1187 1155 1231 me,
1182 1175 1262 1220 aut
1283 1187 1612 1235 quoscumque
1636 1171 1755 1220 alios
1783 1174 1957 1222 autho-

153 1254 296 1304 ritate
333 1270 462 1315 mea,
501 1255 775 1304 nullatenus
808 1254 1119 1320 perturbabo,
1158 1258 1238 1303 aut
1266 1255 1382 1303 alias
1411 1255 1776 1318 quomodolibet
1808 1256 1958 1322 impe-

151 1339 280 1388 diam
307 1342 391 1389 aut
421 1339 698 1404 perturbari
724 1339 799 1388 vel
824 1339 1046 1403 impediri
1074 1339 1376 1405 permittam;
1408 1339 1505 1388 imo
1533 1340 1697 1388 literas
1724 1340 1852 1404 ipsas
1884 1341 1953 1390 eis

150 1438 435 1484 concessaS,
472 1428 520 1473 et
548 1424 598 1472 in
629 1424 722 1472 illis
751 1427 1002 1484 contenta,
1035 1423 1074 1472 si
1101 1423 1365 1483 voluerint,
1397 1424 1676 1488 approbabo
1705 1428 1754 1473 et
1780 1425 1955 1473 confir—

151 1507 296 1556 mabo
330 1511 379 1556 et
413 1524 501 1573 pro
528 1508 704 1573 potiori
733 1508 921 1558 cautela
948 1508 1031 1556 illa
1063 1508 1226 1556 omnia
1253 1508 1322 1557 eis
1351 1509 1410 1556 de
1444 1525 1568 1557 novo
1603 1509 1870 1557 concedam
1904 1513 1952 1558 et

152 1590 300 1639 etiam
329 1592 598 1640 concedam
623 1592 683 1641 de
712 1608 943 1657 expresso
976 1593 1067 1657 ipsi
1096 1593 1436 1657 penitentiario
1469 1594 1643 1657 majori
1680 1594 1729 1641 in
1757 1594 1947 1643 casibus

149 1675 396 1724 consuetis
417 1679 636 1740 tempore
660 1680 825 1725 sancte
848 1676 1082 1725 memorie
1106 1677 1732 1742 summorum'pontificum,
1764 1679 1945 1728 Nicolai

146 1758 299 1821 quinti
319 1762 368 1808 et
389 1758 560 1808 Calixti
581 1759 708 1808 tertii
730 1775 785 1808 ac
807 1759 894 1820 Pii,
921 1760 1054 1808 Pauli
1077 1764 1124 1809 et
1146 1760 1265 1809 Sixti
1291 1761 1697 1825 predecessorum
1724 1777 1945 1811 meorum

144 1842 490 1906 predictorum.

211 1930 459 1988 Preterea,
487 1943 601 1976 cum
634 1928 964 1993 periculosum
996 1928 1073 1988 sit,
1098 1928 1226 1992 quod
1255 1928 1285 1976 ii
1317 1928 1398 1992 qui
1426 1945 1615 1977 summo
1649 1930 1867 1994 pontifici
1897 1932 1946 1980 in

145 2012 429 2062 executione
464 2012 719 2077 pastoralis
759 2012 908 2061 officii
941 2013 1226 2076 frequenter
1264 2013 1512 2073 assistunt,
1542 2013 1702 2077 aliquo
1733 2031 1848 2063 casu
1884 2015 1944 2081 (1)

145 2097 629 2157 excomunicationis,
645 2097 890 2146 interdicti
907 2098 981 2146 vel
1006 2097 1337 2162 suspensionis
1363 2099 1654 2147 sententiam
1674 2099 1944 2159 incurrant,

149 2184 324 2240 statuo,
342 2181 553 2230 decerno
571 2185 620 2229 et
635 2181 830 2229 declaro
845 2182 974 2244 quod
990 2181 1259 2229 cardinales
1277 2182 1469 2245 prefati,
1491 2182 1580 2229 etsi
1597 2182 1844 2246 contingat
1859 2199 1943 2231 eos

147 2265 385 2330 aliquibus
406 2265 848 2324 constitutionibus,
873 2264 1278 2323 ordinationibus,
1304 2264 1575 2324 sententiis,
1598 2266 1841 2331 preceptis
1864 2271 1943 2315 aut

145 2349 402 2409 mandatiS‚
424 2365 516 2413 que
538 2365 566 2398 a
586 2350 1012 2414 predecessoribus
1041 2349 1162 2398 meis
1189 2350 1425 2398 hactenus
1454 2354 1782 2410 emanassent,
1813 2355 1893 2399 aut
1914 2368 1941 2399 a

141 2448 221 2482 me
242 2432 292 2482 in
311 2433 524 2482 futurum
546 2437 850 2494 emanarent,
875 2433 923 2481 in
945 2449 1124 2498 genere
1144 2434 1219 2483 vel
1247 2434 1295 2481 in
1324 2435 1504 2499 specie,
1530 2435 1579 2482 in
1601 2436 1771 2499 quibus
1794 2427 1939 2485 etiam

140 2518 200 2567 de
234 2517 452 2583 ipsorum
485 2518 799 2567 cardinalium
826 2519 1048 2583 personis
1077 2535 1308 2583 expressa
1334 2519 1516 2567 mentio
1545 2519 1702 2576 fieret,
1734 2520 1936 2580 directe,

138 2602 214 2651 vel
233 2602 486 2663 indirecte,
518 2602 661 2651 tacite
689 2602 762 2651 vel
789 2619 1036 2668 expresse,
1068 2603 1227 2668 palam
1254 2603 1327 2651 vel
1356 2602 1416 2668 (2)
1447 2604 1653 2663 occulte,
1684 2604 1743 2652 de
1772 2608 1937 2652 cetero

139 2686 503 2750 quomodolibet
536 2687 899 2747 controvenire,
930 2704 1161 2736 censuras
1189 2692 1238 2737 et
1263 2705 1413 2753 penas
1442 2689 1825 2749 ecclesiasticaS,
1855 2693 1935 2737 aut

137 2772 230 2821 alia
249 2771 299 2820 in
318 2773 433 2822 talia
451 2773 684 2823 facientes
706 2773 756 2821 in
783 2772 968 2822 eisdem
997 2772 1418 2821 constitutionibus
1447 2778 1495 2822 et
1526 2773 1934 2833 ordinationibUS,

138 2856 414 2916 sententiis,
445 2857 688 2921 preceptis
718 2861 766 2906 et
791 2857 1029 2906 mandatis
1058 2858 1222 2906 forsan
1250 2857 1516 2906 fulminatis
1553 2858 1697 2906 etiam
1718 2874 1808 2921 per
1835 2858 1939 2905 lite-

141 2953 220 2987 ras
253 2955 344 3002 que
377 2938 604 3004 leguntur
628 2939 678 2987 in
705 2955 820 2988 cena
845 2941 1052 2999 Domini,
1078 2941 1275 2989 minime
1304 2941 1571 3001 incurrant,
1595 2941 1685 2989 nisi
1709 2941 1863 2989 solum
1886 2944 1933 2988 et

134 3021 381 3070 dumtaxat
418 3021 468 3070 in
507 3023 678 3086 quibus
717 3038 805 3087 pro
844 3023 1121 3087 hujusmodi
1155 3027 1553 3075 contraventione
1595 3030 1642 3074 et
1675 3042 1733 3073 ex
1773 3025 1930 3086 aliqua

134 3105 475 3155 constitutione
502 3107 552 3154 in
580 3123 784 3172 corpore
805 3107 927 3172 juris
961 3108 1124 3158 clausa
1151 3114 1415 3170 constaret,
1446 3111 1574 3174 quod
1602 3109 1707 3157 talis
1735 3123 1860 3172 pena
1880 3108 1927 3155 in

132 3190 332 3239 eosdem
372 3192 644 3241 cardinales
681 3191 955 3257 specialiter
987 3193 1048 3241 sit
1080 3193 1279 3254 inflicta,
1316 3198 1364 3243 et
1401 3210 1499 3241 non
1536 3193 1668 3250 alias,
1705 3207 1796 3239 nec
1829 3191 1921 3239 alio

130 3274 275 3323 modo
307 3291 317 3323 :
350 3278 399 3323 et
424 3291 522 3324 non
553 3276 816 3325 fulminabo
851 3277 1032 3341 aliquas
1067 3294 1297 3326 censuras
1330 3280 1557 3326 adversus
1589 3277 1816 3339 aliquem,
1844 3277 1918 3325 vel

177 3413 211 3449 1.
238 3412 291 3448 Ne
308 3410 344 3447 in
363 3410 495 3459 aliquo.
510 3432 556 3441 —
577 3411 698 3451 Rinal.

175 3473 212 3507 2.
240 3471 313 3507 Aut
332 3470 489 3509 occulte.
513 3493 561 3500 ——-
579 3472 700 3513 Rinal.
