2262 3958
294 310 364 345 304
895 302 1128 339 JOHANNIS
1160 303 1454 347 BURCHARDI,
1843 304 1949 346 [Avril
1972 304 2062 346 1488]

297 411 461 472 posset
478 406 524 454 in
548 421 606 454 ea
626 419 893 463 remanere,
917 403 1001 452 sed
1024 404 1154 468 quod
1186 404 1358 453 deinde
1393 405 1737 454 concordat-em
1767 421 1868 455 rem
1889 405 2059 469 hujus-

297 489 424 537 modi
447 504 555 536 cum
590 486 818 550 episcopo
849 490 895 534 et
928 488 1054 550 quod
1079 489 1135 535 D.
1160 486 1444 550 Gregorium
1472 486 1599 535 bono
1627 488 1772 536 modo
1800 487 2055 547 avisarem;

298 571 488 620 interim
515 573 676 618 autem
704 569 832 632 quod
862 570 945 617 SS.
970 571 1024 617 D.
1051 572 1107 618 N.
1131 570 1225 618 hoc
1252 569 1369 617 mihi
1401 569 1598 628 diceret,
1629 572 1685 618 D.
1708 570 1980 619 Bernardus
2000 570 2059 619 de

299 652 534 711 Polhaim,
559 651 901 715 Gregorius-de
932 654 1078 702 Turre
1110 659 1155 702 et
1185 653 1431 702 ‚Iohannes
1460 652 1611 712 Prior,
1639 650 1870 718 capellam
1903 654 2060 704 exive-

297 739 404 784 runt
426 739 472 784 et
492 735 677 783 iverunt
696 734 755 782 ad
772 734 980 799 hospitia
994 751 1096 784 sua.
2052 744 2054 747 '

363 817 449 866 Die
488 817 667 877 Martis,
709 820 765 865 15
800 817 979 881 aprilis,
1016 817 1301 882 magnificus
1344 820 1400 866 D.
1443 818 1761 884 Hieronymus
1791 818 1850 868 de
1881 819 2056 879 Riario,

300 902 464 952 comes
486 901 634 949 Imole
666 916 721 948 ac
750 900 971 949 Forolivii
993 901 1041 949 in
1062 901 1246 951 civitate
1268 901 1578 951 Foroliviensi
1599 918 1628 951 a
1647 900 1937 966 quibusdam
1962 903 2061 952 suis

299 985 469 1034 emulis
486 983 750 1048 'proditorie
772 983 1088 1048 interemptus
1110 989 1199 1033 est.
1223 985 1510 1048 Requiescat
1530 986 1578 1033 in
1598 1001 1716 1050 pace
1740 985 1817 1051 (1).

363 1067 500 1117 Feria
520 1071 670 1126 sexta,
695 1070 755 1115 25
777 1067 956 1116 mensis
987 1067 1164 1131 aprilis,
1195 1069 1370 1117 festum
1390 1085 1436 1116 .s.
1468 1069 1615 1117 Marci
1643 1070 1948 1134 evangeliste,
1971 1073 2056 1120 SS.

298 1154 356 1199 D.
379 1154 434 1200 N.
459 1154 652 1215 paratus
673 1150 868 1209 amictu,
893 1150 1016 1210 alba,
1047 1150 1255 1221 cingulo,
1286 1152 1519 1215 capucino
1548 1151 1656 1200 albo
1679 1156 1726 1201 et
1747 1154 1869 1202 stola
1890 1155 2055 1215 rubea,

298 1235 588 1299 precedente
619 1249 761 1282 cruce
798 1238 845 1282 et
880 1234 1190 1298 sequentibus
1227 1235 1381 1299 ipsum
1419 1235 1737 1284 cardinalibus
1772 1239 1817 1284 et
1846 1236 2058 1300 prelatis,

303 1317 527 1381 equitavit
557 1317 617 1365 ad
646 1316 899 1366 ecclesiam
929 1333 967 1364 S.
1004 1317 1151 1365 Marci
1182 1318 1240 1366 de
1275 1317 1399 1367 Urbe
1431 1318 1530 1376 ubi,
1571 1322 1826 1382 postquam
1858 1318 1918 1367 de
1939 1334 2062 1382 equo

300 1400 646 1460 descendisset,
672 1402 838 1448 Rmus.
864 1401 921 1447 D.
948 1399 1200 1448 cardinalis
1229 1416 1268 1448 s.
1296 1400 1442 1448 Marci
1463 1415 1655 1448 crucem
1677 1416 1822 1463 quam
1843 1400 2062 1450 canonici

299 1481 503 1532 ecclesie
524 1482 648 1530 illius
675 1481 1099 1546 processionaliter
1123 1482 1182 1530 de
1210 1482 1414 1532 ecclesia
1440 1487 1766 1546 portaverunt,
1801 1482 2058 1547 accipiem,

296 1566 507 1630 porrexit
528 1568 654 1629 Pape
674 1565 986 1614 osculandam
1006 1565 1087 1629 qui
1108 1565 1298 1614 intravit
1318 1566 1367 1613 in
1388 1566 1642 1615 ecclesiam
1663 1566 1810 1615 oravit
1837 1565 1884 1613 in
1905 1566 2064 1615 faldis-

295 1649 436 1709 toriO,
468 1649 689 1708 surrexit,
716 1654 764 1698 et
792 1648 1011 1713 deposito
1037 1648 1288 1713 capucin0‚
1322 1648 1508 1713 accepit
1545 1648 1748 1713 pluviale
1788 1648 1986 1697 rubeum
2014 1653 2064 1697 et

295 1732 484 1780 mitram
516 1731 794 1796 pretiosam,
825 1731 1084 1796 genuflexit
1121 1737 1167 1781 et
1193 1736 1413 1781 cantores
1436 1731 1658 1780 dixerunt
1689 1731 1905 1780 litaniam
1931 1747 1941 1780 :
1967 1747 2065 1796 qua

295 1814 446 1874 finita,
484 1817 628 1878 Papa,
665 1813 883 1878 deposita
918 1813 1005 1861 sibi
1038 1814 1196 1874 mitra,
1222 1815 1427 1863 surrexit
1456 1818 1503 1862 et
1536 1830 1647 1863 cum
1676 1814 1950 1863 celebrante
1981 1814 2061 1879 qui

295 1897 424 1946 circa
457 1897 604 1945 finem
634 1896 797 1944 litanie
830 1896 957 1945 venit
989 1896 1048 1944 de
1076 1896 1307 1957 sacristia,
1331 1897 1444 1945 fecit
1476 1896 1849 1956 confessionem,
1886 1896 2059 1946 deinde

294 1979 509 2029 ascendit
530 1979 701 2028 solium
730 1983 778 2027 et
803 1978 987 2043 recepit
1016 1979 1281 2027 cardinales
1309 1980 1368 2027 ad
1395 1980 1713 2028 reverentiam
1737 1995 1870 2029 more
1899 1979 2056 2028 solit0.

294 2062 568 2111 Cardinales
584 2067 819 2111 venerunt
837 2062 897 2110 ad
915 2061 1145 2110 circulum
1177 2078 1263 2126 pro
1293 2062 1488 2111 introitu
1510 2067 1557 2111 et
1582 2062 1733 2126 gloria
1752 2063 1801 2111 in
1824 2063 2056 2112 Excelsis.

295 2146 390 2196 Sed
410 2146 470 2195 ad
491 2145 658 2205 Credo,
680 2145 885 2193 Sanctus
907 2149 952 2193 et
972 2144 1014 2192 A
1023 2161 1148 2209 ymas
1171 2145 1264 2192 Dei
1282 2161 1380 2193 non
1400 2151 1652 2206 venerunt,
1676 2146 1761 2195 sed
1781 2148 2062 2195 manserunt

292 2228 341 2277 in
366 2229 485 2278 locis
519 2229 614 2277 suis
645 2234 827 2278 stantes
859 2232 1056 2293 propter
1076 2229 1441 2293 incapacitatem
1467 2229 1562 2278 loci
1594 2233 1641 2278 et
1673 2229 1844 2278 eadem
1873 2228 2057 2278 ratione

293 2313 546 2362 cardinalis
577 2313 948 2362 Mediolanensis
973 2312 1105 2376 prior
1135 2314 1526 2378 presbyterorum
1554 2316 1653 2362 nou
1683 2312 1809 2361 venit
1833 2311 1894 2360 ad
1913 2311 2060 2360 assis-

292 2395 489 2443 tendum
509 2396 595 2444 sed
614 2394 789 2443 mansit
813 2394 861 2441 in
890 2394 999 2443 loco
1027 2409 1113 2443 suo
1138 2394 1264 2443 inter
1294 2394 1411 2444 alios
1439 2395 1722 2455 cardinaleS,
1752 2398 1816 2455 et,
1841 2398 2057 2458 tempore

342 2580 545 2618 ¹..1erome
565 2578 701 2623 Riario,
724 2578 893 2627 seigneur
912 2578 1059 2615 d'Imola
1078 2582 1114 2615 et
1133 2577 1177 2614 de
1198 2577 1306 2623 Forli‚
1328 2580 1432 2625 apres
1453 2589 1522 2614 une
1544 2577 1728 2614 existence
1743 2577 1788 2613 de
1809 2575 1937 2612 crimes
1957 2579 1993 2613 et.
2012 2575 2057 2613 de

294 2640 515 2684 debauches',
535 2638 654 2676 tomba
678 2650 764 2675 sous
784 2639 815 2674 le
831 2637 1005 2687 poignard
1028 2637 1072 2673 de
1092 2636 1272 2685 conjutes,
1294 2637 1326 2674 le
1345 2636 1446 2673 lundi
1465 2639 1488 2672 7
1508 2636 1596 2673 avril
1611 2638 1715 2674 1488
1740 2636 1899 2673 Laurent
1918 2635 1962 2672 de
1979 2635 2059 2671 Me-

294 2699 384 2736 dicis
404 2710 514 2747 passa
534 2710 626 2747 pour
645 2697 743 2735 avoir
763 2699 899 2745 trempe
917 2697 1008 2733 dans
1029 2696 1061 2732 le
1084 2696 1253 2744 complot,
1272 2708 1318 2733 au
1342 2696 1417 2733 dire
1437 2696 1481 2732 de
1501 2694 1656 2732 Fabroni
1678 2695 1741 2743 qui
1761 2707 1806 2732 ne
1827 2694 1897 2731 cite
1916 2705 2057 2730 aucune

297 2769 430 2807 preuve
450 2770 470 2795 a
491 2769 554 2795 son
577 2756 797 2805 allegation.
821 2771 840 2790 «
862 2756 1055 2804 Indignum
1077 2766 1164 2792 sane
1183 2755 1334 2791 facimus
1355 2755 1422 2792 fuit
1441 2754 1566 2803 quod
1558 2766 1594 2790 ln
1618 2754 1873 2803 Hieronymum
1894 2751 2056 2789 Riarium

295 2817 461 2855 comitem
481 2816 677 2854 admissum
694 2820 763 2860 est,
785 2816 863 2864 ejus
889 2815 1097 2863 participem
1124 2814 1356 2851 Laurentium
1386 2814 1500 2850 fuisse
1521 2813 1622 2851 multi
1648 2814 1871 2851 contendunt
1890 2816 1926 2849 et
1944 2813 1988 2849 ab
2013 2819 2056 2849 eo

297 2877 344 2914 ad
370 2876 595 2913 ulciscendas
622 2874 883 2924 praeteritorum
915 2879 1115 2923 temporum
1146 2874 1295 2922 injurias
1324 2879 1580 2924 comparatum.
1610 2889 1628 2908 »
1656 2873 1825 2918 Fabroni,
1849 2873 2058 2908 Laurentii

296 2937 457 2972 Medicis
479 2937 685 2984 Maqnifici
702 2938 796 2980 vila,
815 2939 842 2972 t.
865 2935 893 2980 I,
917 2946 954 2982 p.
978 2936 1058 2971 175.
1080 2934 1223 2971 Roscoe
1249 2946 1270 2971 a
1291 2935 1406 2972 refute
1435 2939 1527 2972 cette
1557 2933 1772 2982 imputation
1794 2944 1803 2969 ι
1830 2930 1903 2968 The
1923 2932 1992 2978 life
2014 2931 2059 2976 of

296 2997 466 3034 Lorenzo
487 2997 544 3033 de'
565 2998 722 3042 Medici,
746 2996 850 3042 1825,
873 2999 898 3033 t.
920 2995 967 3040 11,
988 3006 1024 3043 p.
1045 2995 1126 3036 170,
1147 3005 1184 3029 n.
1202 2994 1316 3031 60.-
1334 2994 1383 3030 Le
1403 3005 1486 3030 nom
1506 2994 1553 3030 du
1574 3004 1667 3042 pape
1686 2993 1861 3029 Innocent.
1880 2990 1977 3034 VIII,
1992 2988 2052 3037 qui

296 3060 399 3102 recut
426 3058 725 3103 yracieuse‘ment
753 3055 917 3103 l'envoye
942 3054 1075 3101 charge
1095 3052 1139 3089 de
1158 3052 1207 3089 lui
1233 3053 1432 3102 apprendre
1453 3053 1485 3089 le
1514 3056 1670 3088 meurtre
1693 3052 1737 3088 de
1756 3052 1897 3088 Jerome
1916 3047 2052 3094 Riario,

296 3116 350 3153 fut
377 3116 476 3153 aussi
504 3116 597 3153 mele
624 3116 715 3152 dans
746 3119 804 3152 cet
822 3113 1036 3159 assassinat,
1059 3123 1144 3149 sans
1170 3124 1240 3161 que
1264 3112 1329 3148 des
1348 3123 1501 3160 preuves
1531 3111 1738 3148 manifestes
1768 3109 1866 3147 aient
1892 3110 1949 3145 ete
1972 3119 2054 3156 pro-¹

292 3175 410 3212 duites
431 3178 454 3213 a
475 3175 608 3224 l’appui
629 3175 673 3212 de
693 3178 786 3212 cette
806 3173 1014 3211 accusation
1032 3172 1130 3220 (voy.
1152 3172 1347 3216 Int'essura‚
1369 3171 1461 3207 dans
1481 3171 1629 3216 Eccard,
1650 3174 1679 3208 t.
1699 3170 1746 3216 II,
1767 3170 1836 3206 col.
1859 3168 1979 3216 1981).

315 3232 318 3236 ’
341 3228 435 3282 νογ
458 3234 480 3271 ὰ
495 3228 728 3283 l’Appendice
749 3233 822 3282 (n⁰³
837 3233 883 3269 29
902 3236 937 3269 et
953 3231 1011 3280 30)
1031 3242 1102 3267 une
1121 3230 1280 3279 depe-che
1299 3241 1369 3277 que
1394 3228 1447 3266 les
1472 3230 1638 3278 conjures
1656 3226 1894 3266 'adresserent
1916 3229 1938 3264 a
1956 3226 2051 3263 Lau-

296 3296 377 3329 rent
398 3297 434 3330 et
452 3296 499 3329 ou
521 3292 590 3330 l'on
613 3292 684 3330 voit
701 3296 781 3329 tout
800 3291 834 3327 d
838 3290 951 3327 abord
968 3301 1039 3338 que
1058 3289 1164 3327 celui·
1149 3289 1198 3326 ·ci
1222 3301 1246 3326 n
1249 3289 1356 3326 'avait
1374 3301 1439 3337 pas
1466 3300 1508 3325 eu
1530 3289 1791 3325 connaissance
1812 3287 1861 3323 du
1881 3285 2049 3333 complot‚

307 3355 342 3388 et
356 3352 388 3388 la
402 3352 560 3400 depeche
575 3352 739 3390 suivante
754 3351 923 3388 adressee
935 3361 980 3386 au
995 3352 1109 3386 meme
1120 3349 1277 3398 Laurent
1292 3360 1356 3397 par
1373 3348 1522 3385 Stefano
1536 3348 1580 3384 de
1595 3348 1820 3392 Castrocaro,
1842 3357 1907 3383 son
1926 3347 2049 3392 agent,

296 3413 341 3447 ou
362 3410 432 3448 l'on
449 3412 536 3458 voit,
556 3423 602 3449 au
624 3410 813 3457 contraire,
834 3421 904 3459 que
923 3398 956 3446 le
974 3409 1073 3458 Pape
1092 3420 1137 3447 en
1157 3408 1252 3447 avait
1269 3407 1325 3446 ete
1341 3407 1439 3445 avise
1459 3407 1623 3456 (conscio
1643 3406 1860 3455 Pontifice).
