2262 3958
180 310 373 354 [Mai1485]
613 310 782 348 RERUM
818 311 1123 350 URBANARUM
1157 310 1508 350 COMMENTARII.
1898 311 1966 347 147

177 408 574 469 Mediolanensis3
624 427 734 460 cum
781 429 809 460 a
853 414 1033 462 familia
1075 414 1203 462 terti1
1247 412 1520 471 cardinalis,
1567 410 1751 476 primus
1803 415 1967 459 orator

179 494 528 553 Ferrariensis3
554 511 664 544 cum
685 513 713 544 a
733 497 914 546 familia
934 498 1089 561 quarti
1111 498 1384 556 cardinalis,
1408 497 1581 545 iterum
1597 496 1781 561 primus
1803 500 1968 544 orator

178 582 412 640 VenetUS,
437 583 485 628 et
507 580 575 628 sic
599 581 923 630 continuando
942 585 992 629 ut
1012 581 1162 643 priuS,
1187 581 1296 643 quia
1317 580 1395 628 alii
1412 584 1630 628 oratores
1649 597 1747 628 non
1769 596 1967 644 respon-

178 664 352 714 derunt
372 651 647 729 quicquam.

246 749 473 798 Intrando
503 750 680 798 Urbem
702 751 750 796 et
783 764 873 811 per
899 763 1006 794 eam
1034 747 1311 810 equitando,
1342 747 1525 811 primus
1553 752 1715 796 orator
1742 746 1968 811 equitavit

179 833 366 882 medius
382 832 508 882 inter
521 833 774 896 despotum
792 831 1136 895 imperatorem
1155 832 1730 895 constantinopolitanum
1743 848 1771 879 a
1787 830 1968 879 dextris

178 920 227 966 et
252 916 623 981 gubernatorem
661 915 802 963 Urbis
828 931 856 962 a
883 915 1107 963 sinistris.
1146 914 1335 962 Primus
1367 920 1529 962 orator
1556 915 1701 962 Ducis
1735 914 1968 962 Mediola-

180 999 344 1049 nensis
363 997 588 1062 equitavit
608 998 796 1046 medius
818 999 945 1046 inter
961 997 1382 1062 archiepiscopum
1399 999 1794 1045 Beneventanum
1815 1012 1973 1044 secre-

181 1081 355 1131 tarium
391 1083 519 1145 Pape
559 1098 587 1129 a
626 1075 806 1130 dextris
841 1086 888 1130 et
932 1082 1002 1129 lll.
1054 1084 1111 1130 D.
1156 1085 1229 1130 Jo.
1281 1081 1339 1129 de
1383 1080 1626 1145 Aragonia
1666 1081 1790 1128 alme
1834 1079 1973 1128 Urbis

176 1164 449 1229 prefectum
473 1180 671 1213 romane
701 1166 917 1213 Ecclesie
947 1166 1254 1230 capitaneum
1282 1165 1560 1227 generalem
1584 1163 1708 1212 Rmi.
1735 1165 1792 1212 D.
1819 1161 1976 1211 cardi-

173 1248 296 1298 nalis
335 1265 381 1297 s.
430 1249 561 1298 Petri
594 1250 654 1297 ad
693 1250 898 1300 Vincula
932 1266 1238 1314 germanum,
1275 1267 1303 1298 a
1332 1249 1557 1297 sinistris.
1591 1247 1780 1296 Primus
1815 1250 1978 1295 orator

176 1332 498 1382 Ferrariensis
540 1333 768 1398 equitavit
815 1334 1004 1382 medius
1055 1334 1181 1382 inter
1225 1334 1370 1381 alium
1417 1332 1691 1397 predictum
1739 1330 1976 1395 prelatum

178 1416 341 1481 palatii
381 1432 410 1465 a
441 1416 622 1466 dextris
662 1421 710 1466 et
753 1422 999 1466 oratorem
1036 1418 1163 1482 regis
1195 1417 1366 1482 Anglie
1400 1433 1427 1464 a
1459 1415 1680 1465 sinistris,
1724 1414 1976 1463 Secundus

179 1504 344 1550 orator
367 1500 684 1575 Venetiarum
716 1502 843 1550 inter
869 1502 1015 1550 alium
1041 1496 1283 1566 prelatum
1316 1500 1481 1566 palatii
1512 1517 1539 1548 a
1575 1498 1756 1548 dextris
1785 1503 1834 1546 et
1865 1513 1974 1546 ora-

180 1589 337 1634 torem
359 1585 573 1650 regalem
595 1585 861 1634 asinistris.
888 1586 1072 1634 Deinde
1100 1586 1220 1634 alius
1249 1589 1411 1634 orator
1432 1582 1806 1632 Mediolanensis
1830 1586 1877 1630 et
1902 1581 1971 1629 sic

181 1669 262 1717 alii
281 1668 378 1717 hoc
400 1669 568 1718 ordine
598 1674 707 1718 sunt
730 1670 899 1729 secuti,
933 1670 1157 1718 associati
1184 1686 1335 1733 usque
1367 1669 1427 1717 ad
1456 1669 1656 1717 domum
1686 1669 1741 1715 D.
1765 1665 1895 1714 Petri
1913 1666 1972 1713 de

178 1755 335 1802 Roma
354 1768 452 1802 non
474 1753 620 1817 longe
652 1755 711 1802 ab
747 1754 954 1802 ecclesia
987 1754 1126 1802 beate
1154 1754 1303 1802 Marie
1335 1754 1394 1801 de
1420 1753 1633 1801 Minerva
1664 1750 1890 1815 positam,
1924 1749 1973 1796 in

178 1852 274 1902 qua
293 1837 563 1902 hospitatus
591 1842 665 1886 est
692 1838 876 1902 primus
904 1842 1067 1886 orator
1092 1841 1328 1897 Venetus,
1359 1837 1441 1884 ubi
1466 1852 1637 1885 omnes
1668 1838 1886 1884 oratores
1916 1850 1975 1881 ex

178 1937 303 1986 equo
324 1921 696 1971 descenderunt.
729 1923 914 1972 Deinde
940 1926 1157 1971 oratores
1188 1922 1322 1970 ducis
1349 1920 1725 1970 Mediolanensis
1755 1918 1835 1982 qui
1860 1918 1974 1966 hos-

174 2003 311 2068 pitati
335 2004 533 2054 fuerunt
566 2005 615 2054 in
647 2006 825 2070 palatio
866 2007 1082 2071 ipsorum
1123 2008 1182 2056 de
1224 2010 1391 2055 sancta
1431 2008 1584 2055 Cruce
1624 2021 1723 2052 non
1755 2003 1899 2067 longe
1943 2018 1973 2050 a

178 2104 354 2153 campo
371 2089 512 2141 Flore
534 2106 686 2154 usque
709 2090 769 2138 ad
791 2091 920 2140 idem
943 2092 1170 2156 palatium
1196 2092 1340 2140 etiam
1363 2109 1390 2140 a
1412 2085 1795 2139 Ferrariensium
1818 2090 1976 2135 orato-

177 2171 312 2221 ribus
331 2173 526 2222 fuerunt
545 2174 795 2234 associati;
822 2178 923 2222 tum
950 2175 1097 2224 iidem
1125 2180 1344 2224 oratores
1373 2174 1708 2224 Ferrarienses
1737 2187 1889 2235 usque
1913 2170 1974 2217 ad

178 2256 377 2305 domum
417 2257 669 2322 cujusdam
705 2258 943 2306 Joachimi
985 2259 1044 2308 de
1079 2260 1257 2308 Narnia
1293 2259 1510 2307 advocati
1545 2254 1892 2306 consistorialis
1922 2253 1972 2301 in

178 2340 458 2404 pelliciaria,
482 2342 532 2390 in
553 2358 648 2405 qua
667 2342 896 2407 hospitati
918 2344 1128 2404 fuerunt,
1149 2343 1372 2392 associati
1388 2359 1524 2390 more
1548 2341 1705 2390 solito.

243 2424 470 2485 Sabbato,
511 2429 571 2474 28
605 2426 786 2475 mensis
815 2428 948 2487 maii,
983 2428 1142 2492 vigilia
1177 2445 1216 2476 s.
1254 2427 1499 2487 trinitatiS,
1538 2426 1732 2474 suerunt
1771 2439 1971 2488 vespere

176 2509 374 2574 papales
403 2510 452 2559 in
479 2511 665 2575 capella
691 2512 876 2576 majore
912 2512 1204 2577 supradicta,
1238 2515 1367 2576 Papa
1394 2511 1613 2571 absente,
1648 2508 1971 2558 cardinalibus

174 2592 499 2656 presentibus.
524 2595 691 2641 Rmus.
720 2597 775 2644 D.
801 2595 1059 2644 cardinalis
1079 2598 1353 2647 Parmensis
1376 2598 1492 2646 fecit
1513 2595 1754 2654 officium3
1775 2598 1822 2642 et
1842 2593 1972 2641 dicta

176 2675 414 2738 oratione,
438 2694 516 2726 me
539 2677 810 2742 ignorante,
831 2683 1057 2729 cantores
1079 2681 1302 2729 dixerunt
1324 2681 1638 2744 antiphonam
1651 2678 1805 2743 prime
1822 2675 1974 2724 domi-

178 2758 310 2818 nice;
329 2775 389 2810 ex
409 2777 503 2825 quo
525 2763 739 2828 oportuit
762 2763 1059 2812 cardinalem
1083 2764 1354 2813 orationem
1375 2763 1745 2812 convenientem
1766 2759 1962 2818 addere,

182 2857 278 2906 que
305 2858 423 2909 ergo
451 2845 568 2895 alias
596 2847 645 2895 in
674 2847 860 2911 capella
893 2848 1126 2910 predicta,
1167 2853 1217 2897 ut
1258 2848 1453 2912 quidam
1486 2847 1769 2905 retulerunt,
1814 2842 1966 2892 omitti

183 2931 446 2981 consuevit.

247 3015 504 3065 Dominica
535 3018 772 3081 sequenti,
804 3018 925 3066 sesto
946 3017 1169 3065 videlicet
1203 3033 1240 3064 s.
1270 3015 1511 3075 trinitatis,
1548 3014 1677 3062 idem
1705 3014 1871 3060 Rmus.
1906 3009 1962 3056 D.

183 3098 439 3148 cardinalis
498 3102 772 3150 Parmensis
829 3101 1087 3150 celebravit
1138 3100 1336 3148 missam
1389 3099 1658 3147 solemnem
1704 3096 1751 3143 in
1797 3093 1968 3142 eadem

174 3182 384 3246 capella,
404 3187 533 3250 Papa
554 3186 772 3248 absente,
800 3186 1120 3235 cardinalibus
1148 3169 1469 3249 presentibus,
1500 3183 1547 3230 in
1574 3197 1668 3244 qua
1690 3178 1819 3226 nulla
1841 3192 1971 3226 com-

180 3267 468 3316 memoratio
490 3269 656 3319 habita
678 3274 768 3319 est.
790 3272 1075 3319 Sermonem
1099 3269 1209 3318 fecit
1230 3267 1424 3332 quidam
1447 3266 1596 3324 Brito,
1621 3264 1768 3312 frater
1789 3260 1971 3310 ordinis

176 3350 442 3412 minorum,
475 3354 752 3418 capellanus
780 3354 904 3403 Rmi.
933 3357 987 3403 D.
1015 3352 1270 3403 cardinalis
1295 3368 1334 3398 s.
1359 3349 1571 3414 Georgii.
1597 3348 1699 3396 Alia
1721 3346 1974 3395 observata

180 3438 291 3483 sunt
313 3451 448 3484 more
466 3437 621 3486 solito.
