2262 3958
343 299 412 333 538
1084 296 1367 335 APPENDICE.

344 409 457 450 pane
475 398 668 439 vescitur
691 411 699 438 :
722 396 955 448 aquausui
973 400 1042 438 est
1064 396 1108 436 in
1125 400 1247 449 potu,
1271 410 1421 441 sacaro
1441 400 1578 454 indito
1599 402 1717 454 quod
1736 405 1946 455 paulatim
1965 406 2106 459 lique-

342 462 404 504 fit.
426 463 591 512 Calore,
615 463 763 515 algore
783 461 1016 514 inediaque
1038 462 1468 514 impacientissimuS.
1497 466 1670 508 Affatim
1691 469 1836 519 sudat,
1857 470 2108 525 fleruntque

342 533 445 571 tunc
466 541 489 569 a
508 529 650 569 fronte
666 532 708 569 et
726 528 854 580 genis
873 526 1046 569 sudoris
1060 531 1184 580 gutte
1199 530 1514 580 copiosissime.
1531 532 1662 574 Veste
1678 533 1844 585 gaudet
1863 535 2103 580 illustriori.

340 593 539 635 Thermis
559 592 816 643 balneisque
835 591 1027 634 assiduis
1046 592 1213 635 utitur:
1233 593 1380 636 lanato
1407 595 1449 638 in
1476 596 1657 639 thermis
1671 608 1866 650 corpore,
1889 601 2066 646 demum
2084 613 2109 644 e

339 658 486 711 gelida
518 668 634 710 aqua
663 656 960 709 perfunditur;
994 657 1261 710 natandique
1295 663 1434 701 artem
1456 661 1607 710 callet;
1639 663 1836 714 quotidie
1865 667 2115 718 quoquam>

342 723 528 776 pelagus
549 733 648 764 sese
673 722 904 774 mergebat
931 725 988 770 et,
1021 724 1241 765 stantibus
1260 726 1440 775 cunctis,
1472 726 1770 770 inuerecunda
1796 729 1993 774 natabat.
2015 731 2106 775 Cir-

339 791 610 829 cumstantes
631 787 768 829 oculis
787 788 962 836 lustrat,
993 788 1192 830 subtritis
1226 793 1268 830 et
1302 791 1625 843 cogitabundus
1655 804 1830 846 semper
1847 794 2034 839 videtur.
2064 796 2109 839 Si

338 853 480 894 leticie
500 853 656 895 indicia
677 852 811 902 dedit,
830 853 890 902 id,
922 856 1127 905 presente
1157 855 1386 908 magistro,
1417 857 1607 899 maxime
1639 858 1791 902 effecit.
1814 860 2129 914 Religiosissh

338 930 438 960 mus
458 919 503 960 in
524 919 847 961 mahumeteam
875 919 1020 971 legem
1054 920 1178 960 cuius
1204 921 1344 963 cultor
1373 922 1794 966 obseruantissimus
1812 929 1892 968 est.
1916 926 1959 968 Si
1976 937 2111 980 quem

340 995 393 1024 ex
414 984 506 1026 suis
525 984 626 1025 vino
653 983 905 1025 madentem
925 986 1215 1037 conspexerit,
1243 986 1289 1028 in
1310 998 1411 1029 eum
1428 986 1693 1030 furibundus
1715 989 1854 1033 irruit.
1886 991 2109 1035 Instabilis

342 1052 410 1089 est
443 1049 554 1090 adeo
593 1052 641 1090 ut
675 1049 770 1090 loco
803 1049 958 1091 eodem
988 1061 1036 1091 se
1070 1051 1144 1093 diu
1171 1052 1392 1095 continere
1424 1064 1514 1096 non
1546 1055 1688 1106 possit
1714 1068 1724 1096 :
1752 1055 1897 1098 ediam
1927 1057 2111 1101 cellula·

341 1125 494 1155 omnes
520 1114 727 1155 lustrauit
753 1117 801 1155 ut
828 1114 1034 1164 cubaret;
1065 1127 1145 1157 nec
1180 1117 1412 1159 domorum
1445 1119 1716 1170 superiorem
1749 1121 1981 1172 planiciem
2009 1133 2137 1170 con-n

340 1179 531 1230 tempsit.
556 1179 789 1229 Quinnimo
810 1177 941 1220 cubili
962 1181 1114 1230 parato
1138 1183 1319 1222 :noctes
1347 1180 1514 1232 aliquot
1544 1181 1630 1223 illic
1659 1193 1862 1227 somnum
1877 1184 1936 1228 ad
1954 1195 2124 1229 auram.

341 1244 467 1296 cepit.
492 1244 763 1285 Thur-corum
780 1243 930 1296 lingua
961 1244 1277 1295 peritissimus;
1300 1245 1526 1298 ingenium
1551 1247 1608 1288 ab
1629 1248 1810 1291 ineunte
1835 1252 1950 1292 etate
1969 1250 2108 1295 literis

340 1309 562 1361 applicuit,
583 1309 641 1349 ita
660 1312 708 1349 ut
727 1312 854 1361 gesta
877 1309 1066 1351 scribere
1086 1320 1175 1351 non
1195 1309 1393 1363 ignoret;
1415 1313 1500 1353 Res
1520 1322 1698 1364 quoque
1716 1314 1930 1366 genitoris
1946 1312 2110 1369 magni·

340 1374 420 1415 fice
436 1378 587 1426 gestas
604 1374 742 1414 literis
760 1374 1000 1415 mandauit.
1035 1376 1215 1415 Matrem
1248 1376 1394 1417 inclita
1420 1388 1575 1429 regum
1593 1378 1739 1419 seruie
1760 1379 1920 1421 familia
1941 1384 2107 1433 natam,

341 1439 543 1492 duosque
560 1439 723 1480 liberos
754 1451 925 1481 marem
941 1443 984 1482 et
1000 1439 1209 1483 feminam
1229 1441 1390 1484 tenelle
1407 1442 1536 1484 etatis
1556 1443 1676 1495 apud
1689 1455 1835 1487 carras
1852 1445 2042 1501 reliquit.

346 1616 359 1636 α
390 1598 602 1640 Guillelmi
619 1600 831 1640 Caonrsin
847 1600 1104 1640 Rhodiorum
1136 1602 1469 1642 Vicecancezlarii
1487 1601 1538 1642 de
1555 1601 1815 1643 celeberrimo
1834 1602 2001 1656 foedere
2012 1602 2109 1647 eum

382 1664 621 1705 thurcorum
637 1664 745 1717 Reqe
761 1666 967 1715 Baqya-zit
982 1677 1062 1716 per
1077 1664 1262 1707 Rhodios
1277 1668 1397 1717 inito,
1421 1668 1764 1708 commentarium
1778 1667 1865 1722 leqe
1880 1669 2072 1724 feliciter.
2119 1673 2123 1682 ’

408 1795 422 1816 «
450 1779 650 1821 Grandes
675 1780 881 1829 iacturas,
898 1779 1052 1821 Clades
1077 1783 1210 1832 atque
1230 1780 1495 1833 ignominias
1526 1779 1745 1834 (religioni
1771 1782 1949 1835 quidem
1976 1784 2113 1827 chris-

344 1845 463 1885 tiane
501 1858 510 1885 ι
545 1848 695 1885 nostra
734 1848 849 1886 etate
878 1849 1142 1897 patrumque
1164 1848 1415 1886 nostrorum
1446 1846 1679 1899 memoria)
1710 1848 1963 1890 thurcorum
1998 1860 2122 1903 gens-

344 1909 495 1959 fetida‚
515 1914 640 1950 atrox
660 1911 983 1962 nephandaque
1008 1910 1165 1952 attulit.
1197 1910 1313 1957 Quas
1335 1911 1381 1950 in
1409 1912 1629 1963 presentia
1662 1913 1859 1965 repetere
1890 1914 1936 1954 in
1962 1915 2112 1957 animo

343 1987 431 2016 non
451 1979 532 2016 est.
549 1977 635 2017 Nec
655 1976 771 2016 enim
793 1975 964 2016 dicendi
980 1975 1163 2016 facultas
1181 1987 1260 2016 nec
1278 1975 1440 2028 ingenii
1459 1976 1525 2016 vis
1540 1977 1748 2029 suppetit,
1769 1981 1819 2018 ut
1838 1978 1976 2021 latum
1995 1979 2123 2022 hunc.

343 2041 561 2082 scribendi
595 2052 797 2093 campum
823 2041 1003 2082 introire
1033 2040 1191 2082 ausim.
1214 2041 1323 2082 Sunt
1346 2041 1462 2082 enim
1494 2042 1768 2094 percelebres
1797 2042 1877 2084 viri
1908 2043 1985 2096 qui
2005 2044 2111 2098 (non

343 2105 538 2158 ambigo)
566 2117 616 2146 ea
649 2106 901 2157 peroribunt
932 2108 974 2147 et
1005 2105 1163 2146 melius
1197 2105 1324 2146 etatis
1354 2108 1504 2146 nostre
1532 2109 1659 2159 gesta
1693 2107 1933 2159 perspicaci
1961 2114 2112 2153 mente

341 2174 516 2211 norunt.
541 2172 816 2223 Propositum
835 2174 902 2212 est
917 2171 1042 2213 breui
1062 2171 1238 2223 quidem
1261 2182 1464 2212 sermone
1481 2171 1637 2212 docere
1651 2170 1839 2213 foederis
1857 2173 2111 2217 rhodiorum

344 2247 443 2276 cum
471 2237 678 2289 Bagyazit
709 2235 1042 2290 (othumannIde
1067 2237 1319 2278 thurcorum
1345 2235 1558 2289 principe)
1586 2247 1729 2289 nuper
1756 2239 1954 2290 percussi
1992 2240 2109 2283 cele-

345 2301 549 2342 britatem
571 2305 613 2343 et
633 2313 789 2343 causas
808 2303 1039 2355 explicare.

720 2467 737 2486 «
769 2452 903 2490 Cause
932 2449 1007 2503 (ad
1025 2463 1173 2501 pacem
1193 2451 1439 2503 ineundam)
1452 2452 1733 2502 explicantur.

399 2582 414 2601 ι
449 2564 659 2617 Bagyazit
695 2563 812 2604 enim
846 2563 1026 2603 orbatus
1044 2565 1167 2614 patre
1195 2563 1464 2614 principatus
1481 2563 1781 2616 gubernacula
1806 2563 1890 2604 sibi
1909 2563 2114 2607 vendicat

343 2640 695 2683 germanumque
716 2639 814 2668 cum
831 2638 883 2668 eo
904 2628 957 2668 de
973 2639 1110 2680 regno
1125 2627 1462 2669 contendentem
1480 2631 1672 2681 Zyzymy
1687 2639 1837 2681 regem
1852 2629 1945 2670 asia
1965 2639 2111 2671 armo-

346 2707 445 2736 rum
477 2695 518 2735 vi
547 2694 725 2745 expulit.
759 2693 841 2744 Qui
871 2693 1055 2733 extorris
1074 2693 1132 2733 ad
1157 2693 1335 2734 rhodios
1365 2692 1575 2746 confugit,
1600 2693 1972 2745 quemadmodum
1997 2705 2112 2736 com-

346 2760 562 2802 mentario
577 2760 693 2800 edito
713 2758 844 2799 latius
865 2758 1136 2810 describitur.
1158 2760 1270 2799 Dum
1285 2759 1625 2800 othumannides
1644 2758 1843 2812 germani
1855 2758 1911 2803 de
1929 2759 2114 2811 imperio

347 2826 631 2873 contendunt,
667 2826 924 2876 occasioque
957 2828 1283 2876 peropportuna
1317 2824 1574 2864 christicolis
1603 2824 1786 2864 iniurias
1819 2824 2056 2865 ulciscendi
2085 2835 2127 2865 a·

348 2893 491 2934 divina
519 2892 752 2932 clemencia
784 2891 925 2939 datur,
957 2901 1035 2941 pro
1066 2894 1114 2929 ut
1140 2889 1185 2929 in
1215 2889 1489 2930 oraciuncula
1525 2889 1579 2930 de
1608 2890 1753 2930 morte
1778 2889 1918 2930 thurci
1945 2888 2110 2939 habita,

347 2958 638 2998 exclamatum
660 2960 739 2997 est.
762 2957 877 2996 Gens
895 2955 1072 3007 quidem
1089 2955 1322 2995 christiana
1340 2954 1665 2995 oculos-mentis
1678 2955 1911 2995 affectuum
1927 2954 2126 3007 caligine

348 3023 558 3063 obductos
586 3022 705 3062 haud
741 3022 959 3073 aperiens,
992 3021 1184 3061 oblatam
1223 3020 1565 3072 oportunitatem
1610 3020 1817 3072 explodit,
1852 3023 1896 3061 et
1926 3019 2123 3072 quisque·

347 3088 530 3140 priuatis
552 3087 686 3128 rebus
716 3087 916 3127 intendit.
951 3086 1107 3127 Christi
1135 3085 1327 3137 profecto
1357 3085 1540 3138 sanguis
1566 3085 1610 3125 in
1633 3086 1967 3126 christianorum
1993 3091 2123 3126 men-2

346 3155 466 3194 tibus
488 3152 720 3193 sarmatico
751 3153 861 3192 mari
891 3155 957 3192 est
989 3151 1175 3204 gelidior
1200 3164 1210 3191 :
1233 3154 1274 3192 et
1309 3151 1385 3203 qui
1412 3149 1648 3191 ferventior
1667 3162 1767 3192 esse
1793 3150 1946 3192 debuit
1964 3151 2125 3203 algore

349 3208 534 3270 glaciem
550 3224 787 3269 superante
801 3218 927 3269 riget.
948 3218 1039 3258 Heu
1053 3216 1291 3268 prohdolor
1313 3230 1322 3256 ε
1346 3216 1451 3256 dum
1466 3215 1656 3256 maxime
1690 3216 1769 3258 zeli
1803 3216 1933 3257 ardor
1952 3215 2117 3268 petitur

349 3286 454 3322 tunc
482 3283 649 3322 ebetior
680 3281 875 3322 efficitur.
915 3283 1096 3334 Sapiens
1127 3281 1317 3334 profecto
1343 3292 1394 3321 ac
1426 3280 1552 3321 diues
1587 3282 1722 3333 ytalia
1747 3281 1965 3322 intestinis
2003 3279 2118 3322 odiis

352 3348 537 3399 flagrat:
561 3350 804 3398 mutuoque
835 3359 1043 3388 mucrone
1076 3358 1175 3387 sese
1215 3346 1405 3387 confodit
1435 3346 1568 3386 armis
1600 3350 1757 3397 potens
1789 3346 1948 3386 nobilis
1982 3345 2120 3397 gallia*

358 3412 590 3463 pestilente
610 3412 753 3453 sidere
772 3423 1034 3463 annoneque
1054 3412 1237 3463 penuria
1264 3414 1447 3453 vexatur
1469 3424 1478 3450 :
1503 3414 1545 3451 et
1566 3411 1720 3463 belgas
1739 3410 1957 3463 gallorum
1973 3409 2117 3451 fortis·
