2262 3958
322 338 390 374 324
925 330 1157 366 JOHANNlS
1191 329 1485 375 BURCHARDI,
1767 332 1976 373 [Novembre
1998 332 2090 376 1483}

321 437 370 484 in
388 439 528 484 nocte
548 434 641 482 diei
657 431 840 480 veneris
859 434 916 478 28
940 431 1231 489 novembris,
1258 431 1423 479 RRmi.
1449 433 1549 479 DD.
1573 448 1612 479 s.
1639 433 1765 480 Petri
1785 435 1844 481 ad
1864 434 2086 494 Vincula,

323 521 380 567 de
404 517 602 566 Sabellis
637 520 682 563 et
715 514 948 562 Ascanius
983 514 1268 573 cardinaleS,
1308 514 1436 562 circa
1467 515 1680 563 medium
1714 518 1885 577 noctiS,
1922 534 2091 566 conve-

321 606 495 649 nerunt
515 616 624 648 cum
646 602 700 645 D.
724 598 781 645 de
811 597 1041 645 Columna
1070 597 1309 646 cardinale
1340 597 1388 644 in
1418 597 1561 646 domo
1591 613 1691 658 sua,
1721 604 1917 664 propter
1934 617 2091 650 rumo-

321 700 442 741 rem,
469 681 550 745 qui
578 682 635 729 de
663 680 905 744 pontilicis
931 679 1146 743 periculo
1169 685 1288 739 erat,
1312 685 1450 744 prout
1480 685 1673 744 postera
1691 682 1765 730 die
1793 683 1980 746 publice
2005 700 2092 748 per

322 767 497 814 Urbem
519 781 546 813 a
565 764 779 828 pluribus
801 763 1067 823 dicebatur,
1094 766 1371 811 tractantes.

385 849 524 898 Feria
562 847 788 905 secunda,
836 848 896 892 24
929 845 1220 904 novembris,
1264 846 1348 893 SS.
1387 848 1442 893 D.
1475 847 1530 894 N.
1569 847 1810 896 commisit
1851 850 1905 896 R.
1944 851 1997 897 P.
2031 850 2089 898 D.

321 931 544 981 Ardicino
573 931 799 995 episcopo
824 928 1058 977 Aleriensi
1088 928 1416 978 referendario
1439 945 1526 978 suo
1553 936 1760 990 secretO,
1789 935 1840 979 ut
1866 933 2094 981 commis-

323 1016 480 1064 siones
502 1019 549 1063 et
579 1012 950 1078 supplicationes
983 1012 1320 1076 proponendas
1354 1013 1581 1077 signaret,
1613 1013 1889 1063 infirmitate
1915 1015 2098 1064 Sancti-'

323 1099 430 1147 tatis
453 1114 536 1147 sue
556 1098 775 1156 durante,
801 1101 847 1144 et
878 1096 1144 1162 eademndie
1166 1097 1294 1144 idem
1321 1098 1574 1161 episcopus
1593 1098 1770 1162 incepit
1792 1099 1980 1163 signare
2003 1114 2093 1163 que

323 1182 411 1228 sibi
429 1182 698 1244 placebant.
830 1173 833 1177 ’

390 1263 640 1312 Dominica
676 1267 735 1311 30
777 1267 823 1312 et
863 1263 1029 1311 ultima
1063 1263 1242 1311 mensis
1280 1263 1570 1322 novembris,
1613 1264 1788 1312 festum
1825 1280 1863 1312 s.
1907 1259 2129 1313 Andree⁴

325 1345 546 1409 apostoli,
584 1345 672 1392 fuit
704 1345 860 1408 prima
903 1345 1146 1393 dominica
1177 1346 1438 1406 Adventus,
1485 1350 1539 1393 R.
1578 1349 1630 1393 P.
1669 1349 1724 1393 D.
1761 1346 2006 1395 Johannes
2035 1347 2094 1395 de

326 1428 550 1477 Nicolinis
597 1428 986 1492 archiepiscopus
1032 1429 1339 1476 Atheniensis
1380 1434 1427 1477 et
1469 1429 1722 1492 episcopus
1766 1429 2091 1478 Verdunensis

327 1511 589 1560 celebravit
616 1511 814 1559 missam
848 1511 1114 1560 solemnem
1142 1512 1200 1560 de
1232 1512 1474 1560 dominica
1499 1512 1603 1575 ipsa
1628 1512 1677 1559 in
1705 1512 1886 1576 capella
1915 1513 2098 1576 maiore

329 1595 491 1658 palatii
523 1594 789 1658 apostolici,
823 1595 1167 1658 septemdecim
1211 1595 1529 1644 cardinalibus
1572 1595 1900 1659 presentibus;
1937 1595 2097 1659 plures

328 1694 425 1725 non
447 1678 647 1726 erantin
675 1678 801 1726 Urbe
843 1683 889 1726 et
923 1681 1051 1741 Papa
1081 1678 1295 1727 absente.
1331 1679 1456 1726 Dixit
1486 1683 1672 1726 tantum
1696 1684 1792 1727 tres
1814 1678 2056 1728 orationes
2084 1697 2093 1726 ε

329 1760 536 1823 primam
570 1761 857 1808 ordinariam
897 1761 954 1808 de
987 1761 1244 1820 dominica,
1276 1761 1447 1809 deinde
1483 1762 1623 1809 aliam
1649 1762 1707 1809 de
1729 1762 1870 1810 beata
1890 1762 2097 1825 virgine}

326 1844 518 1892 tertiam
537 1860 623 1907 pro
647 1847 791 1907 Papa,
817 1843 995 1890 omissa
1016 1843 1230 1891 oratione
1262 1848 1429 1892 contra
1459 1859 1672 1907 paganos
1697 1860 1783 1907 per
1801 1860 2015 1893 errorem
2038 1845 2094 1892 D.

328 1927 511 1975 Thome
533 1926 721 1974 diaconi
744 1926 925 1989 capelle
956 1930 1002 1972 ot
1027 1925 1258 1973 Johannis
1286 1926 1432 1974 Marie
1453 1926 1533 1989 qui
1561 1926 1628 1974 sic
1651 1926 1999 1986 ordinaverant,
2022 1942 2098 1974 me

330 2010 554 2068 absente;
580 2025 708 2067 nam,
735 2009 862 2056 facta
883 2009 1185 2057 confessione
1206 2025 1294 2072 per
1314 2009 1656 2068 celebrantem,
1681 2009 1740 2056 ivi
1761 2009 1821 2057 ad
1839 2009 2099 2073 petendam

329 2091 677 2155 indulgentiam
699 2107 726 2138 a
761 2094 844 2139 SS.
882 2094 939 2138 D.
974 2096 1139 2139 nostro
1170 2107 1258 2155 pro
1287 2092 1683 2140 interessentibus
1711 2091 1856 2141 misse
1884 2091 2100 2156 predicte

328 2190 414 2238 per
443 2175 657 2222 medium
683 2174 964 2222 Bernardini
993 2174 1271 2222 cubicularii
1302 2175 1473 2223 secreti
1504 2190 1649 2237 quem
1675 2174 1723 2222 in
1753 2175 1894 2223 horto
1916 2178 2102 2224 secreto

329 2258 485 2321 reperi
508 2258 587 2321 qui
604 2258 719 2305 mihi
747 2258 992 2321 respondit
1017 2258 1363 2322 indulgentiam
1394 2263 1694 2317 consuetam,
1725 2257 1944 2306 videlicet
1970 2257 2106 2322 quin-

330 2356 422 2403 que
445 2356 681 2388 annorum
704 2344 750 2388 et
778 2340 978 2387 totidem
1008 2341 1425 2405 quadragenarum
1462 2343 1545 2389 SS.
1578 2344 1636 2389 D.
1663 2345 1884 2390 nostrum
1902 2357 2105 2391 conces-
2162 2325 2165 2327 ¹

331 2423 467 2471 sisse.
494 2423 686 2471 interim
708 2423 833 2471 dicte
869 2423 1063 2471 fuerunt
1085 2424 1327 2472 orationes
1353 2424 1645 2490 supradicte.
1685 2425 1970 2472 Sermonem
1991 2422 2105 2471 fecit

329 2506 519 2568 quidam
554 2506 700 2553 frater
735 2505 914 2552 ordinis
960 2505 1348 2568 predicatorum;
1384 2505 1478 2553 alia
1513 2504 1674 2553 omnia
1707 2505 1958 2552 observata
1996 2506 2106 2550 sunt

331 2604 464 2637 more
488 2588 644 2636 solito.
679 2590 876 2652 Incepto
911 2603 1155 2647 sermone,
1187 2592 1421 2637 venerunt
1448 2587 1507 2636 ad
1536 2587 1769 2651 capellam
1802 2586 1967 2634 RRmi.
1999 2587 2101 2633 DD.

331 2671 594 2720 cardinales
626 2671 900 2719 Parmensis
936 2676 982 2719 et
1009 2671 1260 2731 Ascanius,
1293 2671 1464 2734 quibus
1493 2671 1796 2731 intrantibus,
1831 2684 2105 2718 sermonem

332 2755 512 2803 faciens
547 2753 719 2816 quievit
749 2769 994 2817 quousque
1024 2753 1089 2801 illi
1124 2754 1389 2802 orationem
1424 2759 1702 2802 consuetam
1729 2752 1957 2802 fecissent
1986 2755 2032 2801 et
2057 2751 2106 2799 in

329 2838 448 2886 locis
471 2837 568 2884 suis
592 2837 826 2885 sedissent
851 2853 860 2884 :
890 2841 1002 2884 tunc
1025 2821 1323 2885 continuavit*
1340 2853 1614 2885 sermonem
1637 2852 1793 2885 suum.

400 2924 452 2968 ln
479 2920 676 2969 basilica
698 2936 735 2967 s.
763 2920 890 2967 Petri
915 2919 1040 2968 dicta
1062 2925 1134 2968 est
1154 2920 1298 2968 missa
1323 2921 1551 2968 solemnis
1574 2921 1622 2967 in
1642 2919 1826 2984 capella
1843 2936 1882 2968 s,
1913 2919 2103 2968 Andree

335 3002 393 3051 de
413 3003 552 3063 festo,
585 3007 632 3051 et
659 3003 751 3051 alia
783 3004 931 3051 missa
965 3003 1193 3052 solemnis
1228 3003 1286 3051 de
1316 3003 1556 3052 dominica
1585 3003 1634 3050 in
1663 3004 1812 3051 choro
1842 3006 2102 3051 consueto:

335 3092 443 3148 post
463 3085 678 3145 missam,
701 3090 751 3134 ut
772 3086 918 3134 moris
941 3091 1030 3145 est,
1066 3091 1314 3134 ostensum
1341 3089 1412 3133 est
1437 3090 1577 3149 caput
1605 3102 1643 3134 s.
1667 3086 1856 3134 Andree
1884 3085 2103 3150 apostoli.

398 3169 578 3217 Eodem
614 3185 772 3228 mane,
809 3169 1090 3218 Franciscus
1128 3170 1242 3218 Cibo
1275 3170 1359 3216 SS.
1386 3171 1443 3215 D.
1470 3171 1525 3216 N.
1552 3169 1695 3228 filius,
1732 3158 1972 3215 mandavit
1999 3173 2108 3214 cus-

337 3250 524 3297 todibus
546 3250 606 3297 ad
632 3250 803 3297 ostium
839 3251 1009 3298 secreti
1031 3251 1176 3308 horti,
1215 3249 1342 3312 quod
1382 3248 1608 3313 deinceps
1651 3250 1920 3298 nullatenus
1955 3249 2107 3296 intro*-

338 3334 583 3382 mitterent
605 3338 658 3381 R.
686 3337 735 3381 P.
759 3337 815 3381 D.
842 3337 892 3382 L.
926 3334 1204 3397 episcopum
1232 3335 1649 3396 Caputaquensem
1682 3332 1923 3380 medicum
1956 3334 2103 3393 Pape,

340 3416 413 3463 cui
436 3417 519 3464 fuit
555 3417 697 3464 etiam
730 3417 815 3463 sub
849 3416 979 3479 gravi
1011 3432 1136 3479 pena
1163 3414 1441 3463 mandatum
1477 3430 1537 3462 ne
1574 3414 1803 3478 palatium
1836 3413 2108 3477 predictum
