2262 3958
177 303 261 350 [Mai
281 301 373 349 1492]
626 302 795 340 RERUM
824 302 1127 341 URBANARUM
1155 304 1505 343 COMMENTARH.
1892 311 1954 345 481

177 406 237 454 de
258 404 458 470 Populo,
482 404 678 453 intrabit
701 406 878 454 Urbem
893 412 1058 455 orator
1072 407 1234 470 magni
1251 408 1389 455 Turci
1406 427 1415 466 ;
1434 411 1693 473 propterea
1705 410 1958 458 scutiferos

176 503 289 536 suos
314 491 518 547 tantum,
558 504 656 537 non
694 490 904 554 prelatos
937 506 1096 554 neque
1131 491 1424 555 capellanos,
1463 491 1505 540 ei
1541 492 1728 540 obviam
1768 493 1959 541 mittant

174 571 255 636 qui
293 587 406 621 eum
443 577 580 622 extra
614 577 802 637 portam
832 559 1101 637 predictam
1138 579 1406 639 expectent
1429 580 1501 634 et,
1538 577 1715 625 comite
1752 577 1958 625 Pitiliani

174 660 340 706 sancte
373 646 570 706 romane
604 657 820 705 Ecclesie
849 657 1101 720 capitaneo
1130 659 1345 722 generali
1373 674 1460 722 pro
1486 660 1710 708 omnibus
1732 660 1959 725 loquente

173 742 222 787 et
242 739 494 800 offerente,
519 740 677 804 ipsum
696 739 933 802 recipiant
951 744 998 788 et
1020 740 1131 788 inde
1155 742 1397 790 associent
1420 758 1555 792 more
1578 745 1735 792 solito.
1767 766 1788 789 »

242 842 265 868 «
290 825 410 872 Item
438 823 690 872 intimetur
715 822 970 886 capitaneo
1003 823 1233 883 Ecclesie,
1265 825 1523 874 Francisco
1550 827 1664 875 Cibo
1690 828 1787 876 filio
1810 832 1956 894 Pape,

173 906 407 971 magistro
428 907 600 955 domus
622 905 888 954 sanctitatis
916 921 1001 953 sue
1025 910 1071 954 et
1094 907 1307 955 senatori
1325 908 1463 956 Urbis
1483 925 1536 957 ac
1555 911 1780 958 omnibus
1803 917 1960 961 orato-

172 988 304 1037 ribus
321 992 509 1038 tantum
530 987 806 1052 principum
828 992 875 1038 et
894 993 1232 1052 potentatuum
1251 990 1298 1038 in
1324 991 1450 1040 Urbe
1471 993 1804 1055 existentibus,
1830 996 1959 1058 quod

171 1070 262 1135 ipsi
284 1071 328 1120 ei
346 1072 536 1121 obviam
557 1072 752 1120 veniant
769 1076 818 1120 et
833 1073 1074 1122 associent
1094 1074 1272 1138 ipsum,
1297 1078 1347 1123 ut
1367 1076 1626 1139 prefertur.
1656 1098 1678 1121 »

236 1157 488 1220 Exequuta
524 1172 614 1220 per
643 1172 886 1217 cursores,
919 1156 996 1205 die
1025 1158 1192 1206 martis
1221 1174 1306 1206 Xix
1341 1159 1452 1207 maii
1484 1162 1956 1222 MCCCCLXXXXll,

169 1239 289 1290 hora
309 1239 515 1305 prandii.

237 1323 421 1374 Eadem
449 1325 527 1374 die
556 1329 616 1374 29
648 1326 780 1384 maii,
818 1325 948 1374 circa
982 1325 1154 1373 horam
1187 1342 1519 1390 vesperarum,
1561 1345 1725 1377 comes
1753 1330 1958 1378 Pitiliani

170 1407 450 1473 capitaneus
485 1409 1037 1469 Ecclesie„Franciscus
1075 1409 1210 1468 Cibo,
1242 1410 1370 1458 filius
1406 1413 1551 1475 Pape,
1587 1428 1693 1460 cum
1718 1412 1959 1460 nobilibus

171 1492 401 1542 Romanis
420 1493 669 1542 exiverunt
702 1510 789 1558 per
808 1498 998 1558 portam
1019 1494 1260 1553 Viridarii,
1299 1495 1391 1543 iter
1411 1495 1698 1559 arripientes
1719 1513 1808 1560 per
1824 1501 1962 1561 prata

170 1591 336 1625 versus
372 1581 573 1641 pontem
607 1577 822 1625 Milvium
857 1577 1033 1626 oratori
1068 1578 1211 1626 Turci
1251 1578 1458 1637 obviam,
1492 1579 1571 1642 qui
1603 1579 1798 1628 interim
1831 1581 1960 1629 venit

168 1676 257 1725 per
286 1663 484 1725 pontem
532 1662 801 1726 predictum
834 1676 1001 1709 versus
1031 1666 1220 1725 portam
1255 1663 1313 1710 de
1346 1663 1529 1727 Populo
1564 1663 1799 1726 equitans.
1835 1666 1956 1728 Ego,

170 1744 417 1794 intellecto
463 1745 705 1810 capitanei
754 1761 936 1803 errore,
975 1745 1068 1794 feci
1103 1751 1359 1811 expectare
1407 1751 1652 1795 oratorem
1688 1747 1958 1811 predictum

169 1814 299 1877 circa
317 1828 533 1877 medium
559 1829 632 1878 vie
660 1830 786 1878 inter
811 1834 1010 1894 pontem
1043 1835 1090 1878 et
1117 1835 1305 1894 portam
1331 1831 1600 1894 predictam
1631 1850 1638 1878 :
1666 1847 1959 1895 supervene-

167 1915 279 1960 runt
310 1927 340 1960 a
364 1914 503 1976 tergo
531 1906 811 1977 capitaneus
844 1917 892 1960 et
919 1912 1204 1961 Franciscus
1226 1913 1470 1976 predictus
1493 1929 1603 1961 cum
1626 1928 1796 1961 eorum
1817 1913 1958 1961 nobi-

164 1995 310 2055 libus,
334 2000 383 2044 et
401 1996 582 2044 dictum
604 2001 850 2045 oratorem
871 2001 1178 2060 receperunt,
1201 1997 1453 2060 capitaneo
1473 1997 1663 2046 dicente
1690 2014 1700 2045 :
1725 1997 1857 2045 Siate
1873 1998 1958 2045 ben

167 2086 336 2127 venuto
358 2097 376 2126 .·
396 2087 554 2127 nostro
574 2078 797 2143 Siynore,
832 2087 878 2126 et
903 2079 938 2126 lz·
966 2080 1199 2128 cardinali
1219 2081 1261 2127 ci
1281 2081 1519 2128 mundano
1543 2081 1586 2128 le
1608 2081 1704 2128 loro
1736 2081 1959 2146 famiylie

168 2177 196 2209 α
220 2162 353 2227 fervi
378 2162 567 2211 honore.
597 2162 731 2210 Siate
765 2163 802 2210 il
832 2163 918 2210 ben
949 2171 1133 2211 nemeto.
1175 2164 1374 2212 Familie
1409 2164 1726 2212 cardinalium
1764 2168 1902 2212 erant
1931 2181 1959 2212 a

165 2243 310 2308 longe
331 2243 446 2293 hinc
476 2249 523 2293 et
550 2244 662 2294 inde
693 2245 929 2309 disperse,
959 2244 1024 2293 ita
1054 2246 1184 2309 quod
1213 2250 1328 2294 tunc
1362 2250 1525 2295 orator
1553 2263 1634 2295 eas
1661 2247 1824 2296 videre
1858 2262 1957 2295 non

84 2341 89 2344 ·
167 2330 356 2391 poterat
374 2346 384 2387 ;
409 2328 780 2393 superveniente
802 2329 863 2377 ad
884 2344 965 2378 eas
986 2332 1149 2377 tamen
1163 2334 1374 2391 oratore,
1390 2335 1738 2394 processerunt
1759 2330 1954 2395 singuli,

167 2409 288 2459 nihil
309 2411 440 2460 aliud
467 2412 512 2460 ei
539 2412 775 2462 dicentes
812 2415 985 2461 Orator
1012 2414 1181 2462 habuit
1210 2414 1466 2463 servitores
1499 2415 1708 2478 quinque
1748 2418 1953 2472 tantum,

167 2498 216 2543 et
246 2509 359 2543 cum
397 2510 456 2544 eo
497 2500 601 2544 erat
636 2497 693 2543 D.
740 2496 974 2560 Georgius
1016 2495 1330 2555 BucciardUS,
1375 2497 1695 2546 consobrinus
1741 2498 1956 2563 episcopi

164 2577 478 2638 Arelatensis,
517 2579 663 2628 etiam
700 2578 939 2644 interpres
978 2596 1091 2628 suus
1122 2596 1231 2630 cum
1275 2580 1587 2629 servitoribus
1624 2582 1830 2629 duobus.
1870 2583 1957 2631 Hic

167 2662 402 2726 Georgius
431 2663 577 2711 verba
604 2663 843 2726 capitanei
871 2664 1049 2712 oratori
1077 2664 1315 2729 exposuit,
1357 2669 1405 2713 et
1432 2666 1535 2729 ejus
1562 2665 1759 2714 nomine
1782 2665 1956 2714 deinde

167 2759 453 2809 responsum
474 2745 621 2794 dedit.
659 2747 830 2794 Orator
855 2747 985 2794 venit
1014 2747 1202 2795 medius
1228 2747 1355 2796 inter
1384 2748 1690 2812 capitaneum
1718 2765 1747 2796 a
1776 2749 1955 2797 dextris

167 2831 216 2877 et
233 2827 388 2877 fflium
410 2830 538 2893 Pape
567 2845 596 2877 a
618 2828 824 2877 sinistris
847 2845 874 2878 a
890 2830 999 2878 loco
1019 2831 1237 2895 predicto
1268 2848 1420 2896 usque
1447 2832 1508 2880 ad
1529 2833 1729 2881 domum
1758 2832 1954 2896 hospitii

165 2911 281 2969 dieti
316 2911 519 2961 oratoris
560 2929 570 2960 :
606 2916 844 2961 venerunt
883 2913 1029 2962 etiam
1064 2919 1197 2962 extra
1237 2919 1427 2978 portam
1462 2917 1728 2980 predictam
1767 2916 1954 2963 obviam

166 2997 346 3046 oratori
371 2996 590 3061 predicto
620 3000 838 3045 oratores
865 2996 973 3044 laici
1003 2997 1130 3061 regis
1159 2999 1375 3058 Polonie,
1406 2999 1607 3047 dominii
1635 3002 1951 3058 Venetorum,

167 3079 302 3129 ducis
345 3081 626 3140 Mediolani,
679 3080 942 3129 Florentini
984 3084 1031 3128 et
1075 3082 1320 3130 Senensis.
1372 3082 1607 3132 Venimus
1656 3087 1819 3130 autem
1861 3083 1955 3131 hoc

167 3163 336 3212 ordine
361 3180 371 3212 z
397 3165 630 3228 precessit
647 3165 840 3228 quidam
857 3164 1142 3212 caballerius
1161 3167 1289 3228 Pape
1315 3165 1359 3212 in
1376 3166 1604 3214 continuo
1620 3166 1733 3214 dicti
1751 3166 1954 3214 oratoris

167 3247 310 3295 Turci
359 3248 590 3309 existens,
634 3265 780 3313 quem
820 3248 1148 3312 sequebantur
1188 3249 1367 3296 familie
1414 3250 1729 3298 cardinalium
1769 3253 1817 3298 et
1846 3250 1954 3299 illos

165 3330 346 3379 familia
365 3332 569 3381 oratoris
587 3333 813 3398 predicti;
839 3338 941 3380 tum
962 3332 1064 3397 ipse
1089 3331 1214 3380 inter
1235 3333 1540 3397 capitaneum
1555 3338 1603 3382 et
1622 3333 1948 3391 Franciscum,

164 3430 286 3478 quos
313 3415 641 3479 sequebantur
673 3419 894 3465 oratores
924 3415 1001 3464 alii
1037 3415 1316 3480 supradicti,
1349 3421 1396 3466 et
1421 3416 1500 3465 alii
1532 3417 1720 3466 nobiles
1752 3417 1951 3466 eosdem

351 3522 384 3547 τ.
408 3523 432 3547 1.
1715 3513 1757 3550 31
