2262 3958
231 324 497 372 [Fevrier1492]
689 326 858 366 RERUM
891 324 1195 366 URBANARUM
1227 326 1577 367 COMMENTARII.
1941 330 2011 369 445

219 429 406 495 judico,
429 433 477 478 et
498 428 819 494 indulgentias
850 447 967 496 quas
996 434 1079 482 SS.
1109 435 1166 481 D.
1194 435 1248 481 N.
1275 433 1517 482 concessit
1538 433 1779 497 plenarias
1805 452 1814 482 :
1842 450 2011 483 ascen-

227 512 296 562 dit
314 513 551 578 pulpitum
568 519 616 563 et
636 520 745 579 post
765 515 990 565 ultimum
1010 516 1212 580 gradum
1234 516 1419 580 capelle
1442 517 1531 564 sub
1557 515 1746 565 tribuna
1766 516 1928 565 altaris
1950 517 2009 564 ad

223 594 475 646 dexteram
502 596 724 647 intrantis
758 598 846 647 sibi
885 604 1108 663 paratum
1138 603 1185 648 et
1221 600 1335 649 fecit
1369 616 1665 660 sermonem,
1703 616 1802 649 non
1847 605 2010 649 tamen

226 684 534 744 expectatum
563 681 691 746 quod
719 681 996 730 estimatum
1033 686 1106 730 est
1137 686 1336 746 propter
1365 684 1598 748 temporis
1631 684 1692 732 ad
1716 700 2012 748 componen-

226 761 340 811 dum
370 756 652 813 brevitatem
679 763 914 813 evenisse.
943 763 1098 811 Finito
1131 779 1356 813 sermone
1388 770 1612 815 cantores
1647 767 1931 831 inceperunt
1962 773 2010 815 et

224 847 471 911 prosecuti
508 850 619 896 sunt
652 847 886 911 hymnum
919 846 984 894 Te
1017 847 1171 895 Deum
1203 847 1456 896 laudamus
1470 866 1491 907 ,·
1516 849 1691 898 deinde
1728 853 1857 913 Papa
1893 851 2009 898 dixit

222 929 374 980 Pater
385 938 542 979 noster
561 929 656 978 alta
674 945 791 978 voce
816 929 948 993 quod
966 934 1155 985 secrete
1173 929 1405 994 implevit,
1430 930 1604 979 deinde
1628 932 1702 979 Et
1720 948 1779 979 ne
1798 949 1901 991 7208,
1920 941 2004 980 etc,

223 1027 335 1062 cum
361 1013 467 1062 aliis
497 1012 747 1063 versiculis
778 1016 920 1077 prout
949 1029 1095 1078 supra
1123 1013 1269 1063 etiam
1288 1014 1392 1076 *fuit
1424 1015 1746 1074 observatum,
1786 1016 2008 1064 eamdem

225 1095 495 1146 orationem
521 1095 701 1145 ibidem
729 1095 937 1160 positam
966 1096 1292 1163 subjungens3
1327 1115 1420 1162 qua
1448 1098 1591 1158 dicta,
1625 1099 1871 1163 subjunxit
1905 1118 1913 1146 :
1937 1098 2015 1146 Sit

217 1194 390 1230 nomen
410 1179 618 1242 Domini,
649 1187 757 1242 ete„
793 1197 849 1230 ac
885 1180 1066 1246 populo
1100 1182 1383 1231 solemniter
1414 1182 1679 1231 benedixit.
1717 1185 1821 1239 Quo
1858 1183 2005 1241 fact0‚

217 1261 462 1329 predictus
484 1266 542 1313 D.
569 1267 740 1314 Petrus
762 1265 845 1330 qui
867 1281 1021 1330 usque
1042 1269 1159 1315 tunc
1179 1266 1229 1315 in
1249 1266 1435 1331 pulpito
1458 1282 1569 1314 cum
1588 1283 1743 1331 cappa
1764 1282 1851 1315 sua
1872 1282 2009 1315 more

218 1348 403 1413 capelle
437 1353 773 1414 expectaverat
816 1349 1155 1415 pronunciavit
1197 1350 1524 1414 indulgentias
1551 1350 1792 1415 plenarias
1826 1350 2007 1414 populo

217 1448 330 1484 cum
375 1432 537 1483 debita
586 1433 846 1484 devotione
893 1434 1203 1484 interessenti
1251 1450 1512 1483 concessas
1554 1450 1565 1482 ε
1610 1439 1710 1482 tum
1759 1433 2003 1498 pontifex,

216 1514 416 1566 dimisso
435 1516 627 1583 pluviali
645 1522 694 1568 et
712 1517 873 1578 mitra,
894 1519 1098 1584 capucio
1120 1518 1229 1567 albo
1262 1522 1528 1582 resumpto,
1557 1533 1644 1582 per
1670 1510 1923 1581 parionem
1946 1517 2006 1566 ad

215 1601 448 1666 palatium
469 1606 543 1652 est
560 1617 799 1653 reversus,
826 1602 961 1653 Ultra
986 1607 1187 1667 pontem
1216 1603 1354 1667 juxta
1374 1606 1587 1651 castrum
1609 1618 1648 1649 s.
1676 1601 1848 1665 Angeli
1875 1601 2006 1650 dedit

213 1683 461 1737 licentiam
481 1685 804 1737 cardinalibus
826 1686 997 1737 domos
1016 1686 1304 1736 revertendi.
1328 1688 1542 1737 Venerat
1561 1689 1722 1734 autem
1744 1685 1805 1733 ad
1827 1685 2004 1734 dictam

214 1769 473 1820 ecclesiam
501 1787 590 1835 per
620 1771 746 1821 viam
772 1775 956 1820 rectam
973 1787 1142 1820 versus
1159 1770 1350 1819 Turrim
1374 1769 1722 1834 Sanguineam,
1748 1774 1795 1818 et
1823 1769 1871 1817 in
1894 1785 2008 1817 area

213 1853 388 1904 domus
407 1854 790 1905 Rechanatensis
811 1855 1001 1904 divertit
1016 1860 1150 1904 recta
1168 1854 1244 1903 via
1261 1854 1322 1902 ad
1343 1853 1603 1903 ecclesiam
1624 1853 1878 1918 hospitalis
1899 1869 2007 1917 pre-

212 1938 390 1989 dictam
406 1956 500 2005 que
520 1945 690 2005 parata
710 1938 795 1989 fuit
823 1939 920 1989 hoc
943 1939 1112 1988 ordine
1139 1956 1149 1987 :
1177 1939 1318 1988 sedes
1342 1941 1468 2002 Pape
1490 1953 1602 1986 cum
1625 1936 1745 1986 solio
1776 1937 1825 1985 in
1853 1952 2005 1986 cornu

209 2023 446 2088 evangelii
465 2024 626 2073 locata
648 2023 738 2073 fuit
764 2039 875 2073 cum
902 2023 1099 2072 sedibus
1127 2022 1282 2072 bassis
1310 2022 1370 2070 ad
1395 2021 1639 2070 sinistram
1666 2036 1753 2085 pro
1779 2011 2008 2069 assisten-

212 2106 359 2167 tibus,
381 2107 442 2156 ad
463 2106 715 2157 dexteram
739 2123 872 2167 ver0,
904 2107 1046 2155 sedes
1071 2122 1158 2170 pro
1189 2104 1429 2169 episcopis
1455 2110 1504 2152 et
1529 2103 1826 2168 presbyteris
1852 2104 2006 2152 cardi-

214 2190 418 2250 nalibuS‚
442 2190 492 2239 in
511 2191 733 2256 opposito
754 2206 842 2255 pro
861 2189 1076 2239 diaconis
1093 2188 1434 2250 cardinalibus,
1458 2190 1561 2236 Una
1577 2186 1766 2235 bancha
1776 2187 2006 2236 humilior

208 2275 346 2339 juxta
366 2275 574 2324 bancum
594 2275 992 2339 presbyterorum
1012 2273 1061 2321 in
1086 2278 1414 2321 transversum
1436 2288 1524 2336 pro
1547 2271 1820 2320 oratoribus
1843 2271 1998 2320 laicis.

211 2357 413 2407 Inferius
431 2362 592 2407 autem
615 2358 663 2406 in
685 2359 830 2422 plano
853 2357 1059 2407 ecclesie
1088 2373 1116 2405 a
1137 2356 1366 2421 gradibus
1394 2354 1578 2420 capelle
1602 2355 1820 2419 predicte
1853 2372 2002 2419 usque

208 2441 270 2490 ad
296 2441 562 2491 secundam
592 2442 871 2491 columnam
898 2441 958 2489 ad
982 2441 1195 2490 medium
1224 2439 1363 2489 tertie
1391 2442 1558 2503 parate
1589 2438 1785 2487 fuerunt
1812 2438 1927 2487 hinc
1956 2443 2004 2488 et

207 2524 320 2574 inde
341 2525 550 2590 triplicia
567 2542 785 2576 scamma
801 2541 888 2591 pro
909 2525 1106 2589 prelatis
1135 2528 1182 2573 et
1209 2523 1289 2571 illa
1317 2523 1448 2571 circa
1476 2522 1730 2571 columnas
1758 2522 1917 2587 posita
1941 2539 1997 2571 ac

210 2612 479 2660 transversa
513 2610 657 2675 lignis
684 2627 712 2659 a
740 2614 870 2659 retro
898 2609 1091 2658 confixa
1121 2612 1168 2656 et
1200 2607 1249 2655 in
1281 2607 1430 2655 altum
1462 2612 1688 2671 reparata
1720 2607 1998 2656 fueruntne

207 2693 414 2759 populus
445 2695 607 2744 videre
642 2699 809 2758 posset
841 2693 890 2741 in
926 2693 1156 2757 prelatOS‚
1183 2697 1229 2741 et
1255 2693 1314 2742 ab
1349 2691 1440 2739 illis
1472 2691 1599 2739 circa
1630 2689 1882 2739 columnas
1906 2690 2000 2740 duo

207 2792 423 2826 scamma
450 2782 725 2826 transversa
752 2777 801 2824 in
827 2776 984 2840 capite
1005 2776 1262 2833 habentes,
1285 2775 1345 2823 ad
1365 2775 1520 2823 instar
1541 2778 1679 2838 porte
1710 2775 1996 2829 custodiam,

208 2875 296 2926 pro
318 2859 448 2910 exitu
470 2864 517 2909 et
535 2860 735 2909 introitu
758 2862 904 2924 Pape,
930 2858 1246 2907 cardinalium
1268 2863 1316 2915 et
1337 2859 1658 2923 prelatorum.
1685 2857 1994 2917 Subdiaconi‚

208 2944 475 3004 auditoreS‚
506 2944 669 2994 clerici
698 2959 910 3001 camere,
945 2942 1175 3007 acolythi,
1213 2942 1514 3001 cubicularii,
1546 2946 1663 2999 etc„
1703 2940 1930 2989 sederunt
1950 2941 2000 2989 in

211 3028 404 3078 terrain
421 3028 607 3093 capella
620 3027 792 3092 pannis
810 3027 1038 3075 viridibus
1053 3030 1300 3090 cooperta.
1317 3026 1512 3074 Missam
1530 3024 1790 3073 celebravit
1810 3024 2000 3073 archie-

208 3109 438 3175 piscopus
467 3110 764 3160 Arelatensis
791 3111 850 3159 de
880 3109 1058 3174 Spiritu
1096 3114 1265 3157 sancto
1299 3123 1409 3156 cum
1447 3124 1543 3156 uua
1563 3108 1782 3156 oratione
1814 3110 1997 3155 tantum

211 3195 394 3258 absque
417 3194 591 3258 aliqua.
1113 3194 1126 3205 '

265 3275 427 3325 Gratie
455 3276 672 3341 predicte
703 3281 815 3325 sunt
842 3275 1161 3341 omnipotenti
1192 3277 1293 3323 Deo
1322 3275 1507 3324 reddite
1541 3291 1627 3340 pro
1653 3275 1853 3325 victoria
1878 3290 1997 3326 con-

210 3366 286 3409 tra
305 3359 525 3409 infideles
544 3360 764 3420 obtenta3
785 3364 1018 3410 venerunt
1040 3359 1170 3409 enim
1192 3374 1311 3408 nove
1335 3375 1504 3424 nuper,
1525 3358 1745 3408 videlicet
1764 3359 1894 3423 quod
1913 3376 1997 3408 rex

208 3443 438 3509 Hispanie
462 3444 700 3494 habuerat
726 3445 975 3494 victoriam
997 3449 1165 3494 contra
1191 3443 1431 3492 civitatem
1456 3439 1680 3503 (ii-anate,
1704 3448 1751 3492 et
1778 3447 1803 3491 2
1823 3444 1994 3508 janua-
