2262 3958
384 328 454 362 270
990 327 1223 364 ιΙΟΗΑΝΝΙΞ
1255 329 1549 376 BURCHARDI,
1942 332 2035 372 [Juin
2050 331 2142 373 1487]

448 429 585 476 Feria
607 433 790 491 quarta,
821 432 876 476 13
902 428 1042 492 junii,
1080 430 1239 493 vigilia
1275 431 1490 494 corporis
1533 432 1722 492 Christi,
1757 432 1806 480 in
1836 449 1995 493 mane,
2035 432 2145 482 dedi

385 512 666 559 schedulam
709 510 939 574 magistro
988 528 1238 560 cursorum
1287 513 1599 562 intimationis
1657 514 1814 565 fiende
1859 515 2144 565 officialibus

384 610 582 642 romane
611 593 742 641 curie
767 595 895 656 quod
920 611 1024 643 cras
1046 595 1238 644 veniant
1259 597 1317 644 ad
1338 596 1699 660 processionem
1717 598 1802 647 sub
1820 614 1946 663 pena
1962 604 2009 648 et
2027 599 2147 648 hora

383 676 554 739 prout
543 693 592 722 1n
613 676 693 723 illa
713 676 987 726 continetu1
1016 695 1107 742 que
1134 679 1386 743 registrata
1413 685 1485 727 est
1517 679 1564 726 in
1593 679 1712 727 libro
1744 680 1898 744 primo
1931 697 2146 731 ceremo-

383 759 569 806 niarum
590 775 734 807 manu
756 776 865 808 mea
886 761 1081 826 scripto,
1105 762 1208 811 fol.

449 843 626 891 Eadem
665 842 759 904 die,
803 843 998 892 fuerunt
1028 860 1226 909 vespere
1259 845 1493 909 papales'
1482 862 1531 892 ln
1566 844 1749 909 capella
1779 860 1955 909 magna
1985 807 2146 911 palatii

387 926 514 990 apud
534 942 574 973 s
594 928 784 974 Petrum
796 930 947 992 ‚Papa
966 933 1191 991 presente
1215 933 1261 976 et
1284 928 1496 977 officium
1515 928 1721 977 faciente
1741 944 1875 978 more
1894 935 2142 979 consueto.

449 1009 585 1058 Feria
605 1009 785 1073 quinta,
811 1011 986 1059 festum
1009 1012 1223 1076 corporis
1245 1012 1437 1073 Christi,
1467 1015 1524 1059 14
1541 1012 1682 1076 junii,
1708 1011 1756 1059 in
1776 1028 1936 1072 mane,
1956 1013 2076 1062 hora
2095 1029 2146 1062 lx

387 1093 459 1140 vel
481 1092 625 1153 circa,
658 1095 742 1142 SS.
772 1096 830 1142 D.
860 1097 916 1143 N.
954 1100 1145 1159 paratus
1179 1096 1402 1144 omnihus
1430 1093 1721 1160 paramentis
1755 1095 1892 1157 albis,
1932 1096 2064 1145 venit
2085 1096 2146 1145 ad

386 1192 578 1239 parvam
608 1177 858 1239 capellam,
884 1178 964 1226 ubi
985 1195 1130 1243 super
1155 1178 1288 1227 altari
1308 1183 1527 1242 paratum
1556 1183 1658 1227 erat
1684 1183 2038 1233 sacramentum
2057 1169 2148 1243 'per

377 1274 570 1322 parvam
590 1263 779 1323 portam
796 1260 1015 1311 videlicet
1036 1279 1126 1325 que
1152 1261 1212 1311 ad
1243 1262 1503 1310 secundam
1530 1263 1689 1311 aulam
1712 1263 1988 1328 respondet.
2019 1263 2142 1311 Ante

377 1342 543 1402 altare,
568 1343 787 1407 deposita
814 1345 973 1405 mitra,
1008 1346 1155 1394 oravit
1182 1346 1230 1393 in
1261 1345 1541 1405 faldistorio,
1573 1346 1775 1395 surrexit
1805 1351 1854 1394 et
1882 1349 2013 1394 stans
2035 1346 2140 1395 sine

373 1425 515 1474 mitra
534 1426 764 1490 imposuit
787 1427 1040 1476 incensum
1062 1428 1111 1476 in
1140 1429 1281 1477 ambo
1309 1429 1568 1488 thuribula,
1594 1428 1893 1477 ministrante
1915 1432 2054 1478 Rmo.
2080 1431 2136 1477 Ι).

371 1509 615 1558 cardinale
636 1510 984 1560 Mediolanensi
1005 1512 1163 1576 priore
1192 1512 1581 1577 presbyterorum
1609 1512 1921 1562 cardinalium
1947 1513 2139 1562 navicu-

369 1591 465 1639 lam
499 1608 607 1640 cum
642 1593 842 1656 genibus
871 1594 1023 1643 flexis.
1051 1597 1100 1642 In
1125 1596 1272 1659 gradu
1294 1596 1454 1643 altaris
1475 1595 1736 1645 incensavit
1757 1601 2135 1656 sacramentum;

373 1691 467 1738 quo
498 1675 765 1738 incensato,
808 1677 1031 1742 imposita
1061 1678 1150 1726 fuit
1180 1694 1267 1742 per
1306 1679 1534 1727 diaconos
1568 1679 1834 1730 cardinales
1873 1681 1933 1729 ad
1965 1679 2140 1729 collum

372 1759 613 1822 pontificis
639 1761 865 1825 mappula
891 1766 938 1810 et
967 1762 1058 1810 alia
1086 1778 1231 1826 parva
1259 1763 1484 1827 mappula
1508 1763 1618 1827 pedi
1646 1752 1937 1813 tabernaculi
1965 1763 2014 1811 in
2046 1779 2139 1827 quo

373 1848 725 1891 sacramentum
780 1849 881 1893 erat
931 1845 1323 1894 circumvolutum
1370 1862 1460 1909 per
1494 1850 1684 1895 Rmum.
1738 1850 1794 1894 D.
1847 1845 2139 1894 cardinalem

372 1928 638 1975 Senensem
659 1927 739 1990 qui
762 1928 921 1976 statim
942 1929 1158 1993 pontifici
1186 1929 1441 1992 genuflexo
1472 1929 1602 1977 dedit
1633 1932 1987 1978 sacramentum
2009 1927 2137 1991 quod

373 2012 501 2073 Papa
534 2011 755 2074 portavit,
792 2012 982 2060 detecto
1020 2012 1193 2076 capite,
1224 2029 1373 2076 usque
1404 2017 1538 2061 extra
1578 2012 1810 2076 capellam
1836 2011 1916 2060 ubi
1948 2010 2138 2074 accepit

365 2093 576 2141 biretum
608 2098 655 2142 et
680 2095 895 2143 ascendit
922 2096 1089 2144 sedem
1122 2112 1259 2144 suam
1295 2095 1345 2142 in
1375 2112 1465 2159 qua
1497 2095 1676 2161 portari
1702 2093 2047 2144 soletainferius
2077 2091 2139 2140 ad

366 2177 515 2240 pedes
537 2178 772 2227 scalarum
792 2178 872 2226 ubi
894 2179 1159 2227 cardinales
1182 2179 1394 2242 equitare
1422 2178 1576 2227 solent
1597 2194 1606 2237 3
1640 2177 1862 2242 imposita
1887 2175 1976 2224 fuit
1996 2175 2138 2224 mitra

365 2260 598 2324 pontifici.
639 2261 835 2310 Interim
879 2261 1097 2310 ordinata
1130 2262 1218 2310 fuit
1256 2261 1502 2326 processio
1535 2265 1669 2310 extra
1703 2264 1892 2326 portam
1930 2258 2137 2323 primam

370 2342 531 2406 palatii
558 2360 646 2407 per
675 2347 864 2392 Rmum.
904 2348 962 2392 D.
1003 2345 1296 2393 cardinalem
1329 2344 1647 2393 camerarium
1674 2348 1720 2392 et
1752 2359 1830 2392 mo
1866 2346 1914 2391 et
1946 2345 2132 2390 Rmam.

366 2425 744 2475 dominationem
774 2444 927 2487 suam,
961 2444 1045 2476 seu
1083 2444 1161 2477 me
1196 2443 1282 2476 suo
1311 2427 1507 2476 nomine
1543 2427 1822 2476 mandatum
1859 2429 1910 2474 ut
1936 2424 2135 2488 quisque

368 2524 455 2557 suo
475 2509 585 2557 loco
607 2510 856 2560 incederet
877 2511 962 2560 sub
983 2527 1108 2575 pena
1129 2511 1339 2575 quinque
1361 2511 1660 2559 ducatorum.

437 2594 537 2641 Hoc
559 2597 720 2642 autem
744 2594 910 2642 ordine
932 2594 1221 2643 incedebant
1242 2610 1252 2642 z

430 2675 610 2736 Prim0,
635 2677 917 2726 collectores
950 2678 1130 2742 plumbi
1153 2677 1446 2726 solicitarum
1476 2677 1723 2726 literarum
1745 2676 2132 2741 apostolicarum,

364 2759 537 2808 notarii
580 2759 850 2809 auditorum
883 2766 1006 2822 rote,
1041 2765 1376 2825 procuratores
1414 2760 1765 2825 penitentiarie,
1803 2763 2137 2825 procuratores

366 2842 790 2904 contradictarum,
835 2845 1094 2909 scriptores
1123 2844 1478 2910 penitentiarie,
1515 2844 1869 2893 abbreviatores
1898 2844 1957 2893 de
1983 2842 2138 2907 prima

366 2925 527 2975 visura
547 2931 594 2975 et
625 2942 771 2990 parco
805 2925 995 2987 minori,
1035 2926 1290 2991 scriptores
1328 2926 1596 2991 apostolici,
1639 2924 1854 2990 magistri
1887 2923 2136 2986 utriusque

369 3009 579 3073 registri,
630 3009 983 3059 abbreviatores
1029 3010 1087 3058 de
1134 3026 1277 3075 parco
1329 3011 1539 3074 maJore,
1588 3009 1875 3067 bullatores,
1922 3005 2137 3071 magistri

367 3092 566 3156 plumbi,
591 3097 927 3157 procuratores
950 3093 1188 3154 ordinum,
1219 3097 1556 3158 procuratores
1575 3091 1863 3156 principum,
1892 3088 2136 3139 secretarii

370 3181 416 3223 et
432 3176 647 3225 advocati
667 3162 871 3236 mixtim,
896 3177 1175 3226 cubicularii
1197 3180 1328 3226 extra
1348 3190 1607 3235 cameram,
1634 3178 1850 3223 oratores
1868 3172 2136 3238 principum

369 3263 415 3307 et
434 3259 659 3320 barones,
685 3264 926 3321 cantores,
950 3261 1156 3326 acolythi
1179 3261 1280 3309 sine
1296 3259 1467 3318 cereis,
1487 3258 1647 3307 clerici
1663 3274 1871 3318 camere,
1895 3256 2135 3305 auditores

371 3347 492 3403 rote,
531 3342 626 3392 duo
659 3344 868 3410 acolythi
913 3361 1023 3393 cum
1063 3343 1378 3403 candelabriS,
1422 3342 1609 3391 diaconi
1654 3357 1766 3391 cum
1805 3356 1948 3390 cruce
1992 3352 2143 3403 quam·

374 3426 562 3474 medius
580 3427 793 3491 ipsorum
813 3432 988 3491 portet,
1006 3425 1346 3491 penitentiarii7
1373 3425 1588 3486 abbateS,
1614 3423 1845 3489 episcopi,
1870 3420 2135 3485 archiepis-
