2262 3958
174 310 312 354 [luillet
331 309 422 350 1485]
616 306 785 344 RERUM
821 306 1126 344 [JRBANARUM
1159 306 1513 346 COMMENTARII.
1894 309 1974 345 149*

170 409 545 463 Mediolanensis
583 414 630 459 et
672 409 997 458 Ferrariensis
1041 411 1243 469 ducum,
1281 413 1339 458 27
1379 409 1560 459 mensis
1594 410 1706 458 maii
1743 410 1960 475 proxime

170 495 387 563 preteriti
408 494 609 559 recepti,
636 494 811 542 diutius
839 493 1084 558 publicum
1114 494 1456 542 consistorium
1480 498 1679 559 propter
1703 498 1892 558 pestem
1913 495 1962 542 in

170 581 297 631 Urbe
316 579 565 644 ingentem
588 582 846 642 expectare
870 577 1112 635 nolenteS,
1143 577 1352 625 maxime
1385 594 1494 626 cum
1525 578 1740 642 pontifex
1766 582 1964 643 propter

168 664 499 723 infirmitatem
530 662 578 711 in
606 661 853 727 publicum
880 660 1043 707 venire
1073 676 1170 707 non
1200 665 1385 724 posset,
1417 661 1743 710 obedientiam
1773 662 1963 710 solitam

175 753 223 799 et
243 752 527 798 consuetam
548 745 862 811 prestiterunt
883 742 1035 791 tribus
1058 743 1372 804 orationibuS,
1398 761 1599 808 quarum
1621 746 1827 810 primam
1849 746 1964 795 fecit

179 837 342 882 orator
369 834 601 889 VenetuS,
645 827 907 876 secundam
945 829 1106 874 orator
1135 826 1527 887 Mediolanensis‚
1565 829 1757 878 tertiam
1799 820 1965 897 orator

178 913 503 966 Ferrariensis
525 912 627 961 sine
645 909 952 970 intermedi0‚
969 909 1160 973 aliquali
1176 927 1326 974 pausa
1341 912 1555 977 dempta.
1572 896 1966 962 Tertia'oratione

181 999 325 1058 sacta,
365 997 449 1045 SS.
475 997 532 1043 D.
572 996 635 1042 N.
679 992 810 1041 brevi
842 992 1060 1042 oratione
1098 994 1346 1058 respondit
1377 995 1601 1043 omnibus
1635 995 1684 1043 in
1719 997 1967 1045 communi

173 1087 221 1131 et
240 1081 545 1130 recesserunt
572 1093 760 1126 omnes.

239 1163 381 1213 Feria
403 1166 590 1227 quarta,
617 1165 676 1211 29
701 1162 884 1210 mensis
902 1161 1046 1226 junii,
1069 1161 1230 1226 vigilia
1248 1164 1576 1228 apostolorum
1594 1165 1722 1213 Petri
1746 1168 1792 1214 et
1815 1165 1966 1223 Pauli,

176 1248 371 1298 fuerunt
402 1261 602 1310 vespere
646 1245 843 1310 papales
882 1245 931 1293 in
960 1245 1158 1294 basilica
1193 1246 1426 1312 principis
1460 1249 1807 1312 apostolorum,
1842 1251 1972 1313 Papa

178 1332 398 1391 absente,
441 1329 762 1379 cardinalibus
795 1330 1121 1394 presentibus.
1158 1333 1332 1379 Rmus.
1371 1334 1425 1380 D.
1467 1333 1723 1381 cardinalis
1752 1333 1973 1397 Andega-

181 1415 340 1465 vensis
365 1415 480 1464 fecit
507 1414 738 1473 officium,
763 1414 846 1478 qui
878 1418 925 1462 et
956 1413 1034 1462 die
1056 1415 1298 1478 sequenti,
1324 1416 1448 1464 festo
1478 1416 1702 1466 videlicet
1734 1417 1973 1466 dictorum

180 1499 528 1565 apostolorum,
573 1498 753 1547 ibidem
793 1498 1053 1547 celebravit
1092 1498 1290 1547 missam
1333 1500 1620 1561 solemnem,
1659 1503 1789 1566 Papa
1827 1501 1973 1549 etiam

186 1582 407 1642 absente,
422 1581 743 1631 cardinalibus
758 1582 1084 1646 presentibuS,
1101 1586 1148 1631 et
1162 1599 1260 1631 non
1281 1584 1367 1632 fuit
1390 1599 1568 1633 sermo.
1587 1585 1693 1634 Alia
1707 1590 1817 1634 sunt
1838 1601 1973 1634 more

185 1666 325 1715 solito
348 1666 617 1715 observata.

248 1750 478 1809 Sabbato,
498 1753 526 1797 2
548 1749 730 1797 mensis
747 1750 871 1814 julii,
893 1751 1017 1799 festo
1032 1751 1315 1799 visitationis
1337 1751 1476 1801 beate
1489 1753 1639 1802 Marie
1654 1753 1869 1818 virginis,
1889 1756 1975 1804 SS.

182 1837 240 1884 D.
264 1836 344 1894 N„
368 1837 565 1899 paratus
590 1833 787 1894 amictu,
813 1835 937 1896 alba,
964 1835 1176 1900 cingulo,
1203 1836 1325 1884 stola
1351 1842 1399 1886 et
1426 1837 1712 1902 capuccino,
1744 1837 1975 1901 equitavit

187 1921 275 1970 sub
296 1919 482 1984 capello
507 1919 566 1968 de
598 1919 872 1968 cremesino
901 1920 961 1968 de
982 1920 1160 1984 palatio
1182 1920 1448 1985 apostolico
1467 1921 1529 1968 ad
1549 1920 1808 1969 ecclesiam
1834 1921 1976 1970 beate

185 2003 334 2055 Mat-ie
363 2003 423 2052 de
448 2003 649 2068 Popu10‚
678 2018 823 2052 cruce
845 2007 893 2052 et
914 2004 1235 2052 cardinalibus
1257 2003 1414 2068 ipsum
1436 2004 1828 2068 precedentibuS,
1853 2005 1979 2052 facta

185 2088 446 2154 peripsum
467 2086 685 2136 oratione
701 2090 812 2136 ante
831 2087 999 2136 altare.
1019 2087 1368 2147 Cubicularius,
1387 2087 1586 2136 missam
1604 2087 1835 2148 dicturus,
1850 2088 1980 2137 venit

187 2171 248 2222 ad
263 2170 508 2220 sinistram
523 2173 651 2234 Pape
663 2175 773 2235 post
785 2171 1044 2219 diaconum
1059 2188 1087 2220 a
1098 2171 1302 2220 sinistris
1319 2174 1447 2235 Pape
1458 2171 1785 2230 assistentem,
1805 2175 1853 2219 et
1870 2187 1979 2220 cum

186 2255 415 2321 pontifice
437 2254 554 2303 dixit
571 2254 948 2314 confessionem,
969 2256 1143 2305 deinde
1162 2256 1361 2304 missam
1383 2270 1519 2303 more
1537 2254 1694 2303 solito.
1714 2255 1768 2303 Ei
1790 2256 1981 2304 servivit

186 2340 308 2390 alius
330 2338 653 2388 cubicularius
682 2339 1018 2403 superpellicio
1041 2343 1227 2388 tantum
1249 2340 1460 2388 indutus,
1493 2341 1624 2403 Papa
1645 2339 1911 2403 genuflexit
1932 2339 1980 2385 in

191 2421 478 2483 faldistorio,
527 2426 638 2471 ante
681 2422 898 2470 medium
941 2422 1104 2471 altaris
1151 2427 1198 2472 et
1237 2422 1458 2470 infimum
1490 2422 1615 2470 illius
1651 2422 1853 2486 gradum
1894 2422 1982 2470 sibi

188 2510 356 2572 parato
382 2524 392 2555 :
419 2509 466 2555 et
489 2510 598 2571 post
634 2522 747 2555 eum
775 2506 871 2555 duo
902 2507 1093 2556 diaconi
1123 2507 1408 2566 cardinales,
1439 2506 1547 2566 sibi,
1574 2510 1626 2554 ut
1658 2506 1807 2570 prius,
1843 2505 1984 2554 assis-

189 2594 374 2650 tentes;
398 2595 507 2655 post
536 2590 660 2651 illos,
691 2590 889 2645 hincxet
916 2590 1046 2652 inde,
1078 2591 1301 2640 videlicet
1328 2607 1356 2639 a
1379 2591 1559 2639 dextris
1588 2593 1716 2654 Pape
1744 2590 1984 2654 genuflexi

193 2673 410 2739 episcopi
431 2678 479 2723 et
495 2674 783 2740 presbyteri,
809 2690 836 2723 a
858 2674 1063 2723 sinistris
1085 2675 1275 2724 diaconi
1298 2675 1587 2724 cardinales·

256 2757 413 2807 Finito
445 2758 712 2822 evangelio,
760 2758 1016 2807 cardinalis
1067 2760 1430 2824 Neapolitanus,
1470 2760 1604 2825 prior
1646 2760 1981 2820 cardinalium,

195 2846 395 2907 propter
413 2841 577 2889 vicarii
598 2845 712 2891 tunc
733 2842 1020 2902 absentiam,
1051 2849 1254 2908 accepto
1275 2844 1398 2893 libro
1419 2845 1599 2893 missali
1622 2845 1680 2893 de
1703 2861 1848 2893 manu
1873 2844 1985 2892 dicti

199 2924 481 2975 cubicularii
501 2924 550 2972 in
578 2924 726 2973 missa
753 2925 1004 2974 servientis
1028 2927 1168 2990 juxta
1194 2927 1304 2976 dicti
1333 2927 1496 2976 altaris
1527 2928 1748 2976 infimum
1783 2927 1985 2991 gradum

202 3009 293 3058 sibi
312 3013 557 3074 porrecto,
578 3008 711 3056 illum
731 3008 950 3073 pontifici
962 3009 1277 3058 osculandum
1291 3012 1507 3075 porrexit
1521 3028 1530 3071 ;
1551 3011 1722 3060 obtulit
1737 3015 1837 3058 tum
1851 3010 1985 3058 illum

202 3093 251 3141 in
272 3092 446 3141 eodem
466 3092 573 3142 loco
595 3092 813 3157 predicto
837 3093 1081 3153 servienti,
1102 3093 1322 3152 restituit,
1343 3094 1471 3142 dicta
1486 3094 1702 3142 oratione
1730 3110 1740 3142 :
1761 3094 1983 3153 Domine,

199 3175 316 3224 Jesu
341 3175 541 3238 Christe,
566 3184 651 3225 etc.
675 3177 808 3226 ldem
830 3177 1086 3226 cardinalis
1108 3180 1145 3226 N
1152 3177 1467 3241 eapolitanuS,
1493 3183 1694 3242 accepto
1713 3193 1738 3225 e
1762 3177 1984 3225 manibus

197 3260 402 3325 predicti
424 3260 703 3309 cubicularii
726 3261 977 3310 servientis
995 3261 1120 3325 apud
1143 3261 1344 3324 gradum
1365 3261 1636 3325 predictum
1658 3260 1791 3324 pacis
1814 3260 1990 3308 instru-

198 3348 382 3404 mento,
435 3343 548 3392 illud
588 3345 804 3409 pontifici
853 3345 1045 3394 tradidit
1087 3344 1420 3403 osculandum,
1461 3344 1590 3408 quod
1628 3359 1718 3408 ego
1755 3343 1929 3392 deinde
1964 3360 1991 3392 a

199 3427 421 3475 manibus
445 3427 663 3491 ejusdem
686 3429 943 3477 cardinalis
969 3429 1232 3492 accipiens,
1258 3428 1385 3476 dicto
1415 3427 1643 3476 cardinali
1675 3427 1989 3492 Neapolitano
