2262 3958
962 289 1248 329 APPENDICE.
1926 292 1994 328 561

209 389 260 431 ni
278 389 457 432 tametsi
485 390 709 432 neminem
730 403 810 433 sua
832 391 1012 444 quidem
1030 394 1072 435 vi
1093 394 1312 448 iugulant,
1336 393 1547 446 quoniam
1579 396 1728 434 tamen
1754 393 1996 435 acutissimi

208 457 328 507 sunt,
351 455 484 497 etiam
503 456 599 497 iure
628 458 933 499 molestissimi
961 459 1264 511 perhibentur.
1294 459 1379 500 Sed
1406 460 1523 500 enim
1552 459 1598 500 in
1628 460 1877 510 Laurentio,
1906 460 1995 501 fato

206 531 265 563 ne
285 519 482 576 dixerim,
503 533 562 563 an
581 523 768 573 inscitia,
795 524 1053 576 incuriaque
1080 524 1354 566 medentium
1375 524 1420 565 id
1441 525 1601 575 evenit,
1631 527 1680 565 ut
1700 525 1807 566 dum
1827 525 1994 565 curatio

208 585 437 628 doloribus
468 587 717 638 adhibetur,
754 588 891 630 febris
923 601 1010 630 una
1053 590 1252 630 omnium
1290 590 1631 631 insidiosissima
1669 593 1888 631 contracta
1922 590 1992 639 sit,

207 662 322 704 quae
346 652 514 694 sensim
539 653 714 706 illapsa,
742 665 832 695 non
861 655 1041 706 quidem
1075 655 1120 695 in
1155 656 1354 705 arterias,
1383 659 1460 696 aut
1489 667 1642 705 venaS,
1673 656 1802 696 sicuti
1823 658 1995 698 ceterae

208 718 367 767 solent,
388 719 499 760 sed
487 730 534 760 111
553 722 692 770 artus,
720 720 766 760 in
785 719 968 769 viscera,
995 720 1041 760 in
1065 731 1245 769 neruos,
1274 721 1319 760 in
1349 732 1452 762 ossa
1485 732 1679 773 quoque,
1709 725 1751 762 et
1777 720 1996 762 medullas

203 784 466 826 incubuerit.
489 785 548 826 Ea
565 796 670 826 vero
687 785 807 837 quod
825 785 1045 826 subtiliter
1063 796 1113 825 30
1135 785 1338 836 latenter,
1361 787 1579 838 quasique
1601 787 1777 828 lenibus
1794 786 1994 839 vestigiis

200 850 369 902 iri-epse
381 868 424 911 <4
473 861 633 902 parum
656 851 797 902 primo
828 849 1157 899 animaduersa,
1191 850 1292 891 dein
1313 863 1416 892 vero
1436 863 1536 892 cum
1563 852 1672 894 satis
1694 863 1904 906 magnam
1924 852 1993 892 sui

312 914 322 925 ·
512 927 576 956 -111
597 915 808 966 dedisset,
832 927 923 957 non
943 919 1093 956 tamen
1120 927 1200 968 pro
1231 928 1283 957 eo
1312 928 1364 957 ac
1394 917 1546 958 debuit
1573 918 1807 971 diligenter
1825 920 1992 966 curata,

206 981 270 1024 sic
296 974 388 1017 vex-³
417 972 467 1017 „TC
477 998 498 1018 ι
528 980 837 1023 debilitauerat
853 993 1038 1033 prorsus
1060 985 1196 1034 atque
1223 982 1454 1034 afflixerat,
1477 986 1525 1024 ut
1546 994 1636 1024 non
1654 983 1823 1025 viribus
1843 983 1991 1032 modo,

204 1045 289 1089 sed
305 1050 488 1099 corpore
508 1046 641 1088 etiam
657 1058 771 1099 pene
789 1048 910 1088 omni
942 1047 1108 1089 amisso
1147 1050 1190 1088 et
1220 1052 1480 1100 consumpto
1515 1048 1818 1090 dilabesceret.
1850 1050 1992 1099 Quare

202 1110 345 1164 pridie
362 1122 501 1165 quam
519 1115 706 1154 naturae
735 1112 1023 1163 satisfaceret,
1057 1125 1156 1154 cum
1190 1114 1371 1166 quidem
1397 1114 1443 1154 in
1470 1115 1573 1156 villa
1601 1115 1780 1168 Caregia
1811 1114 1994 1155 cubaret

201 1187 351 1231 aeger,
372 1177 432 1219 ita
449 1181 634 1230 repente
654 1179 840 1220 concidit
870 1182 1005 1230 totus,
1039 1179 1211 1220 nullam
1239 1183 1288 1220 ut
1308 1180 1397 1221 iam
1428 1191 1536 1221 suae
1569 1181 1725 1221 salutis
1747 1191 1872 1232 spem
1892 1180 1994 1221 reli—

202 1254 337 1297 quam
358 1243 628 1286 ostenderet.
652 1245 779 1296 Quod
797 1245 946 1295 homo,
970 1248 1019 1286 ut
1047 1256 1224 1297 semper
1256 1246 1556 1292 cautissimus,
1592 1246 1861 1299 intelligens,
1885 1246 1992 1286 nihil

203 1312 328 1364 prius
345 1312 518 1362 habuit,
537 1322 672 1364 quam
691 1314 740 1351 ut
770 1311 944 1352 animae
963 1311 1184 1352 medicum
1203 1315 1462 1361 accerseret,
1487 1312 1557 1352 cui
1574 1312 1629 1353 de
1647 1313 1880 1353 contractis
1901 1315 1991 1353 tota

202 1378 292 1420 vita
311 1378 456 1420 noxiis
477 1378 724 1420 Christiano
745 1377 833 1417 ritu
851 1375 1148 1418 confiteretur.
1180 1378 1319 1427 Quem
1347 1389 1429 1431 ego
1446 1378 1671 1419 hominem
1691 1381 1846 1429 postea
1866 1378 1992 1418 mira-

199 1443 416 1494 bundum,
437 1444 500 1485 sic
519 1454 655 1496 prope
670 1443 819 1484 audivi
836 1446 1103 1492 narrantem,
1128 1443 1236 1484 nihil
1257 1444 1342 1485 sibi
1360 1455 1559 1496 unquam
1575 1455 1721 1496 neque
1742 1444 1902 1494 maius,
1922 1455 1993 1485 ne-

201 1520 289 1563 que
309 1509 610 1551 incredibilius
624 1509 785 1559 visum,
805 1520 938 1561 quam
953 1509 1177 1560 quomodo
1198 1510 1458 1550 Laurentius
1476 1513 1700 1560 constans,
1721 1513 1991 1562 paratusque

201 1575 423 1618 aduersus
443 1577 646 1624 mortem,
668 1577 802 1626 atque
824 1574 1163 1626 imperterritus,
1192 1578 1235 1616 et
1267 1576 1604 1627 praeteritorum
1625 1576 1925 1626 meminisset3
1948 1579 1992 1616 et

203 1641 456 1692 praesentia
470 1640 797 1693 dispensasset3
821 1643 864 1680 et
891 1640 946 1681 de
966 1639 1128 1681 futuris
1145 1641 1250 1681 item
1270 1641 1605 1694 religiosissime
1623 1641 1990 1694 prudentissime-

201 1717 289 1759 que
308 1706 517 1748 cauisset.
539 1707 673 1748 Nocte
693 1705 796 1747 dein
815 1705 961 1746 media
976 1706 1234 1758 quiescenti,
1254 1706 1587 1759 meditantique,
1606 1707 1812 1748 sacerdos
1830 1707 1989 1748 adesse

199 1782 300 1813 cum
319 1775 598 1814 sacramento
614 1771 862 1813 nunciatur.
887 1772 951 1812 Ibi
971 1783 1075 1814 vero
1094 1783 1325 1823 excussus,
1352 1789 1368 1808 α
1393 1773 1560 1824 Procul,
1589 1773 1746 1826 inquit,
1771 1785 1796 1814 a
1816 1784 1888 1814 me
1907 1773 1989 1815 hoc

195 1837 314 1880 absit
335 1838 508 1890 :patiar
526 1840 576 1878 ut
596 1839 744 1879 Iesum
776 1849 942 1887 meum,
970 1838 1045 1889 qui
1067 1849 1139 1878 me
1168 1837 1309 1889 finxit,
1330 1839 1407 1891 qui
1433 1851 1504 1879 me
1537 1839 1738 1888 redimet,
1761 1838 1818 1880 ad
1842 1850 1988 1891 usque

198 1903 453 1952 cubiculum
468 1904 551 1945 hoc
569 1903 720 1944 venire
741 1916 751 1944 :
773 1903 912 1944 tollite
938 1903 1039 1943 hinc
1068 1903 1252 1945 obsecro
1278 1915 1349 1945 me
1376 1905 1720 1956 quamprimum,
1754 1906 1906 1955 tollite,
1941 1908 1991 1946 ut

201 1969 390 2011 Domino
419 1979 662 2011 occurram.
690 1985 706 2005 ι
729 1970 778 2010 Et
805 1981 904 2010 cum
935 1969 1048 2010 dicto
1083 1970 1328 2011 subleuans
1353 1970 1450 2022 ipse
1482 1981 1530 2011 se
1557 1973 1773 2022 quantum
1802 1974 1989 2023 poterat,

198 2036 334 2087 atque
351 2034 501 2077 animo
517 2035 713 2087 corporis
734 2035 1080 2076 imbecillitatem
1103 2038 1376 2085 sustentans,
1395 2036 1511 2077 inter
1529 2035 1808 2078 familiarium
1829 2048 1988 2078 manus

203 2100 384 2142 obuiam
403 2100 574 2142 Seniori
593 2101 652 2142 ad
670 2101 821 2142 aulam
841 2113 985 2153 usque
1003 2102 1214 2153 procedit,
1230 2102 1355 2142 cuius
1370 2102 1428 2143 ad
1440 2113 1588 2154 genua
1611 2113 1869 2154 prorepens,
1888 2114 1989 2154 sup-

198 2166 391 2220 plexque
422 2177 473 2208 ac
492 2166 743 2219 lacrymans
768 2179 778 2206 :
801 2182 818 2202 ι
853 2168 919 2207 Τ11
938 2178 995 2207 110
1014 2167 1172 2219 inquit,
1194 2167 1429 2208 mitissime
1461 2169 1573 2216 lesu,
1599 2172 1647 2209 tu
1665 2169 1987 2220 nequissimum

201 2232 320 2274 hunc
339 2243 522 2274 seruum
543 2235 670 2273 tuum
687 2232 883 2286 dignaris
904 2232 1128 2273 inuisere?
1148 2234 1217 2281 At,
1242 2232 1350 2284 quid
1370 2233 1475 2283 (lixi,
1496 2235 1706 2275 seruum?
1725 2235 1860 2275 immo
1881 2245 1986 2276 vero

198 2298 374 2339 hostem
406 2298 570 2350 potiuS,
606 2301 650 2339 et
679 2298 859 2350 quidem
897 2298 1264 2351 ingratissimum,
1304 2299 1380 2351 qui
1414 2300 1546 2340 tantis
1570 2300 1625 2341 ab
1660 2304 1703 2341 te
1735 2301 1985 2342 cumulatus

197 2362 442 2414 beneficiis,
460 2374 542 2406 nec
565 2364 643 2405 tibi
663 2364 779 2405 dicto
800 2375 999 2416 unquam
1018 2364 1206 2405 audiens
1223 2364 1398 2414 fuerim,
1422 2368 1465 2406 et
1486 2368 1609 2406 tuam
1627 2366 1758 2407 toties
1778 2366 1985 2407 maiesta-

195 2433 287 2472 tem
307 2430 527 2472 laeserim.
554 2430 681 2481 Quod
701 2441 785 2483 ego
805 2433 848 2471 te
866 2442 945 2482 per
965 2430 1101 2478 illam,
1126 2442 1213 2483 qua
1233 2442 1378 2483 genus
1398 2442 1527 2472 omne
1546 2432 1776 2473 hominum
1794 2432 1987 2484 comple-

195 2495 343 2546 cteris,
365 2495 638 2546 charitatem,
657 2507 862 2548 quaeque
877 2498 920 2536 te
937 2496 1120 2536 caelitus
1143 2496 1198 2536 ad
1227 2507 1309 2537 nos
1327 2497 1372 2537 in
1387 2500 1550 2538 terram
1571 2498 1767 2547 deduxit,
1791 2501 1988 2539 nostrae-

195 2572 283 2614 que
301 2561 590 2604 humanitatis
610 2561 754 2602 induit
773 2562 1033 2613 inuolucris‚
1055 2573 1170 2614 quae
1190 2561 1369 2612 famem,
1401 2574 1516 2615 quae
1538 2564 1671 2611 sitim,
1694 2575 1809 2616 quae
1829 2563 1985 2617 frigus,

195 2630 388 2678 aestum,
409 2628 603 2677 labores,
626 2628 797 2678 irrisus,
821 2629 1128 2677 contumelias,
1149 2629 1327 2682 flagella
1351 2633 1394 2670 et
1406 2630 1606 2679 verbera,
1630 2641 1745 2682 quae
1765 2633 1988 2682 postremo

196 2693 330 2735 etiam
349 2697 554 2744 mortem,
574 2705 837 2746 crucemque
865 2695 1016 2736 subire
1042 2697 1086 2735 te
1104 2696 1337 2747 compulit;
1367 2708 1446 2748 per
1470 2697 1583 2737 hanc
1607 2707 1691 2749 ego
1724 2699 1767 2737 te
1788 2695 1988 2737 salutifer

199 2760 302 2800 lesu
319 2769 506 2812 quaeso,
529 2759 829 2811 obtestorque,
853 2763 1030 2801 auertas
1055 2759 1211 2801 faciem
1240 2773 1265 2802 a
1295 2762 1486 2813 peccatis
1521 2762 1648 2811 meis,
1683 2765 1732 2802 ut
1758 2773 1856 2802 cum
1883 2764 1987 2802 ante

198 2823 392 2866 tribunal
418 2827 545 2866 tuum
574 2825 857 2874 constituero,
891 2836 980 2876 quo
1013 2837 1085 2867 me
1114 2826 1375 2867 iamdudum
1407 2827 1529 2868 citari
1555 2828 1685 2879 plane
1719 2827 1876 2877 sentio,
1894 2838 1983 2867 non

196 2900 295 2931 mea
310 2888 451 2940 fraus,
467 2900 558 2932 non
573 2890 700 2941 culpa
717 2890 946 2942 plectatur,
968 2891 1047 2932 sed
1064 2895 1167 2932 tuae
1181 2893 1320 2933 crucis
1334 2893 1502 2934 meritis
1519 2893 1804 2934 condonetur.
1818 2892 1983 2942 Valeat,

197 2953 343 2996 valeat
373 2956 419 2996 in
449 2967 582 2997 causa
609 2966 708 2996 mea
742 2955 926 3008 sanguis
947 2956 1020 2997 ille
1049 2960 1170 3007 tuus,
1204 2959 1319 3008 Iesu,
1350 2958 1712 3010 pretiosissimus,
1744 2969 1878 3010 quem
1904 2969 1983 3009 pro

197 3021 452 3063 asserendis
473 3021 518 3062 in
547 3021 796 3062 libertatem
815 3021 1084 3073 hominibus,
1106 3023 1151 3062 in
1177 3034 1253 3063 ara
1275 3023 1348 3063 illa
1378 3023 1556 3064 sublimi
1586 3027 1764 3064 nostrae
1782 3023 1982 3074 redemp-

199 3086 334 3128 tionis
352 3086 560 3127 effudisti.
585 3102 604 3123 »
631 3088 719 3127 Hae
740 3088 872 3137 atque
892 3085 977 3126 alia
1001 3097 1101 3126 cum
1118 3087 1281 3127 diceret
1300 3087 1549 3139 lacrymans
1570 3087 1682 3138 ipse,
1702 3087 1981 3139 lacrymanti-

196 3151 372 3205 busque
393 3154 469 3205 qui
489 3154 674 3195 aderant
693 3152 930 3200 uniuersiS,
955 3152 1077 3192 iubet
1099 3164 1201 3193 eum
1230 3154 1409 3194 tandem
1441 3152 1647 3194 sacerdos
1669 3152 1823 3202 attolli,
1848 3155 1981 3203 atque

197 3217 243 3258 in
264 3214 476 3259 lectulum
492 3229 639 3268 suum,
661 3229 750 3270 quo
771 3221 1098 3259 sacramentum
1113 3219 1386 3259 commodius
1401 3219 1797 3267 administraretur,
1813 3218 1979 3259 referri.

200 3283 324 3332 Quod
341 3283 430 3333 ille,
449 3295 550 3324 011111
571 3282 830 3335 aliquandiu
848 3282 1066 3324 facturum
1086 3286 1310 3336 negasset,
1341 3288 1490 3325 tamen
1510 3295 1567 3324 ne
1588 3283 1749 3324 seniori
1770 3295 1850 3324 suo
1870 3283 1982 3325 foret

199 3348 346 3389 minus
364 3349 634 3401 obsequens,
659 3349 831 3390 exorari
849 3360 897 3389 se
926 3360 1104 3400 passus,
1134 3348 1302 3391 iteratis
1338 3350 1537 3391 eiusdem
1567 3349 1705 3390 ferme
1736 3350 1982 3398 sententiae

197 3414 363 3465 verbis,
383 3426 544 3467 corpus
563 3426 615 3456 ac
635 3415 900 3468 sanguinem
922 3413 1188 3455 dominicum
1206 3415 1364 3467 plenus
1382 3415 1469 3456 iam
1488 3414 1747 3463 sanctitatiS,
1771 3418 1814 3456 et
1832 3415 1981 3457 diuina

388 3510 420 3534 T.
453 3509 478 3533 1.
1746 3498 1794 3535 36
