2262 3958
196 273 301 316 [Mars
321 275 410 316 1486]
640 273 809 311 RERUM
842 273 1147 311 URBANARUM
1180 273 1533 312 COMMENTARII.
1914 277 1978 313 ¹93

191 375 320 425 sacta
340 379 414 425 est
445 376 575 440 quod
603 376 651 424 in
681 378 904 426 manibus
931 378 1121 427 diaconi
1149 378 1405 427 cardinalis
1433 383 1692 444 prestetur.
1721 382 1820 427 llec
1841 380 1976 443 jura-

190 463 355 509 menta
373 461 577 524 prestari
599 461 691 510 feci
712 462 761 509 in
780 461 1003 510 manibus
1025 466 1170 527 Pape,
1197 463 1310 526 quia
1332 463 1410 511 illa
1432 463 1647 512 nondum
1665 463 1977 527 prestiterant

188 541 238 591 in
270 543 493 593 manibus
523 545 696 609 prioris
729 546 1048 595 diaconorum
1082 546 1399 595 cardinalium
1432 552 1575 611 prout
1614 547 1719 596 fieri
1754 547 1895 606 solet,
1927 551 1973 594 et

188 626 313 676 bene
346 628 526 678 factum
558 630 662 678 fuit.
698 634 768 679 De
804 646 898 694 quo
931 631 1143 694 prefatus
1179 630 1435 694 episcopus
1468 630 1730 680 Aleriensis
1767 630 1970 678 multum

187 711 389 762 miratus
428 714 532 773 fuit,
569 719 799 778 tanquam
837 714 1114 777 hujusmodi
1154 714 1542 762 ceremoniarum
1585 719 1632 763 et
1668 713 1970 763 observantie

187 797 384 846 omnino
402 797 597 862 ignarus
619 802 666 846 et
678 797 882 857 alienus,
901 797 1068 845 dicens
1079 797 1361 861 hujusmodi
1372 799 1702 861 juramentum
1714 799 1763 847 in
1777 815 1972 848 camera

186 881 454 945 apostolica
483 881 687 946 prestari
726 880 935 939 debere;
974 880 1381 930 deindemutans
1412 881 1530 929 dixit
1562 887 1672 945 post
1712 898 1972 931 consecra-

188 964 369 1014 tionem
400 965 502 1013 fore
535 964 865 1028 prestandum,
909 964 1021 1028 quia
1058 964 1107 1012 in
1146 965 1354 1029 antiquis
1393 965 1749 1029 pontificalibus
1790 966 1838 1014 in
1878 967 1973 1014 fine

183 1047 564 1096 consecrationis
586 1052 808 1096 notatum
830 1053 978 1096 esset.
1010 1051 1178 1097 Rmus.
1198 1051 1255 1097 D.
1273 1049 1530 1097 cardinalis
1549 1066 1588 1097 s.
1611 1050 1762 1098 Marci
1783 1050 1901 1099 dixit
1923 1067 1974 1098 se

183 1130 360 1196 pluries
380 1131 543 1196 plures
570 1132 620 1180 in
648 1132 781 1181 curia
808 1147 1141 1192 consecrasse,
1173 1148 1271 1180 non
1301 1136 1461 1181 tamen
1489 1133 1735 1181 recordari
1763 1149 1815 1182 se
1840 1134 1977 1197 jura-

181 1219 402 1265 mentum
454 1215 735 1281 hujusmodi
781 1217 840 1266 ab
893 1216 1052 1280 aliquo
1103 1232 1354 1280 nunquam
1407 1217 1673 1281 accepisse.
1729 1217 1974 1283 Respondi

179 1299 516 1364 juramentum
554 1300 823 1365 predictum
867 1305 977 1349 ante
1025 1300 1385 1364 expeditionem
1425 1299 1665 1348 bullarum
1695 1304 1744 1348 et
1773 1299 1971 1348 omnino

181 1386 292 1432 ante
314 1384 735 1433 consecrationem
767 1385 818 1432 in
851 1385 1073 1434 manibus
1101 1384 1275 1449 prioris
1303 1385 1618 1433 diaconorum
1653 1384 1969 1433 cardinalium

180 1467 385 1532 prestari
405 1468 562 1517 solere
583 1473 631 1517 et
652 1484 747 1517 non
774 1468 823 1516 in
843 1468 1066 1517 manibus
1097 1468 1469 1529 consecratoris,
1500 1468 1693 1532 quando
1716 1484 1971 1516 consecra-
2019 1472 2021 1481 ⁴

178 1550 245 1599 tio
267 1550 408 1600 fieret
422 1551 472 1599 in
494 1567 697 1601 romana
717 1553 874 1612 curia3
894 1554 979 1602 sed
1000 1552 1113 1617 quia
1129 1553 1287 1602 hiduo
1310 1552 1629 1602 consecrandi
1639 1553 1968 1617 juramentum

178 1635 456 1701 hujusmodi
477 1639 695 1687 nondum
709 1637 1038 1702 prestiterant,
1060 1637 1174 1685 illud
1189 1637 1335 1686 modo
1353 1653 1403 1686 se
1419 1641 1529 1686 ante
1549 1637 1969 1686 consecrationem

174 1723 393 1784 prestare
433 1726 759 1785 opportunum
800 1720 965 1771 fuisse.
1004 1725 1173 1770 Rmus.
1214 1724 1271 1770 D.
1314 1721 1572 1770 cardinalis
1605 1721 1969 1786 Andegavensis

173 1801 292 1852 dixit
331 1819 383 1852 se
413 1803 578 1869 plures
606 1812 742 1854 extra
774 1821 1025 1854 romanam
1057 1804 1241 1853 curiam
1270 1820 1587 1854 consecrasse
1622 1805 1880 1869 episcopos
1910 1821 1970 1854 ex

174 1887 522 1937 commissione
543 1891 671 1954 Pape
694 1893 742 1938 et
771 1905 967 1955 semper
992 1893 1104 1938 ante
1135 1889 1558 1939 consecrationem
1583 1890 1720 1954 juxta
1742 1893 1967 1938 tenorem

169 1970 444 2022 litterarum
493 1974 868 2039 apostolicarum
917 1979 1255 2024 emanatarum
1308 1990 1453 2040 super
1498 1975 1592 2023 hoc
1630 1975 1965 2039 juramentum

170 2057 437 2123 accepisse,
467 2058 650 2108 factum
684 2076 847 2108 meum
879 2061 1174 2108 confirmans
1205 2059 1313 2124 quia
1343 2060 1390 2107 in
1426 2059 1494 2108 rei
1524 2059 1722 2109 veritate
1753 2058 1822 2107 sic
1858 2058 1962 2108 fieri

169 2140 333 2202 debet,
355 2146 403 2191 et
423 2142 548 2192 bene
570 2143 674 2193 fuit.
703 2144 896 2193 Electus
928 2144 1250 2192 Tornacensis
1271 2159 1400 2192 nunc
1425 2160 1524 2192 non
1552 2143 1762 2208 prestitit
1788 2143 1962 2206 hujus-

169 2224 301 2274 modi
322 2227 676 2290 juramentum,
700 2227 949 2291 quiaillud
975 2227 1057 2276 diu
1075 2232 1219 2276 antea
1245 2226 1522 2292 prestiterat
1542 2242 1679 2274 more
1703 2229 1958 2274 consueto.

236 2309 454 2358 Prestitis
464 2310 775 2375 juramentis,
794 2327 965 2361 omnes
979 2311 1208 2360 sederunt
1224 2312 1274 2359 in
1291 2311 1410 2360 locis
1431 2310 1527 2360 suis
1548 2326 1685 2359 more
1704 2314 1958 2369 consueto,

167 2397 216 2442 et
233 2393 319 2442 SS.
338 2395 396 2442 D.
415 2396 472 2443 N.
490 2394 671 2460 incepit
685 2399 734 2444 et
747 2401 1035 2460 prosecutus
1052 2401 1126 2445 est
1141 2412 1347 2445 examen
1363 2412 1448 2445 seu
1458 2395 1744 2455 scrutinum,
1764 2395 1957 2443 dicens:

165 2475 404 2543 Antiqua,
443 2486 552 2539 etc„
584 2483 632 2528 et
665 2480 728 2528 ibi
759 2480 809 2528 in
845 2481 1059 2530 scrutino
1098 2480 1377 2544 hujusmodi
1414 2480 1610 2546 ponitur
1653 2479 1962 2544 singulariter

164 2559 388 2611 videlicet
421 2579 431 2609 :
460 2562 822 2629 Interroqamics
854 2573 912 2625 te,
947 2566 1243 2614 dilectissime
1277 2566 1449 2631 frater,
1485 2581 1540 2613 ac
1571 2564 1746 2613 deinde
1773 2564 1822 2611 in
1856 2562 1960 2611 aliis

164 2643 286 2692 locis
312 2663 322 2693 ε
358 2645 456 2707 Vis,
481 2655 588 2707 etc„
621 2650 705 2697 SS.
732 2652 790 2697 D.
817 2652 992 2699 Noster
1013 2649 1210 2715 protulit
1231 2649 1280 2697 in
1304 2648 1494 2713 plurali,
1519 2648 1686 2696 dicens
1713 2665 1722 2694 :
1754 2645 1961 2694 Interro-

163 2743 336 2792 9amus
367 2727 476 2788 Vos,
497 2730 785 2780 dilectissimi
796 2734 991 2798 fratres,
1014 2742 1121 2795 eta,
1141 2750 1196 2783 ac
1222 2732 1394 2792 Vultis,
1419 2740 1529 2791 ete„
1555 2735 1603 2780 et
1625 2730 1766 2779 electi
1786 2745 1955 2779 omnes

164 2815 263 2860 tres
285 2811 427 2860 simul
447 2814 802 2878 responderunt
822 2815 904 2864 ita.

229 2893 336 2942 Dixi
365 2896 633 2945 scrutinum
665 2898 947 2962 hujusmodi
979 2901 1028 2949 in
1067 2901 1298 2967 singulari
1340 2902 1444 2951 fieri
1479 2905 1723 2967 oportere,
1758 2895 1947 2948 etiamsi

164 2977 328 3043 plures
349 2984 512 3030 essent
533 2982 851 3032 consecrandi
873 2997 929 3031 ac
951 3000 1102 3032 unum
1123 2990 1234 3049 post
1249 2986 1397 3034 alium
1415 2985 1640 3034 distincte
1666 2987 1711 3032 et
1735 2979 1956 3044 intelligi-

164 3061 324 3111 biliter
343 3065 639 3130 respondere
655 3066 852 3127 debere,
871 3067 981 3131 quia
994 3067 1108 3117 licet
1128 3068 1291 3133 plures
1313 3073 1475 3118 essent
1496 3083 1659 3117 coram
1684 3063 1952 3123 constituti,

162 3145 478 3212 interrogatio
496 3152 659 3199 tamen
674 3151 734 3200 ad
755 3168 1148 3218 unumquemque
1175 3152 1471 3217 singularem
1493 3167 1544 3201 se
1565 3151 1789 3200 referret.
1808 3151 1958 3197 Inter-

163 3232 349 3296 rogatio
374 3247 387 3280 ε
422 3232 592 3296 Vultis,
623 3251 913 3301 responsum
933 3237 1114 3286 habere
1135 3254 1144 3284 :
1187 3234 1428 3283 Volumus.
1461 3234 1558 3283 Sed
1583 3234 1697 3298 quia
1721 3248 1844 3281 unus
1868 3247 1955 3296 pro

166 3316 390 3365 omnibus
410 3319 703 3383 respondere
731 3337 828 3370 non
851 3325 1035 3387 posset,
1065 3336 1177 3370 cum
1200 3335 1277 3368 res
1309 3318 1577 3383 quemlibet
1601 3315 1957 3382 particulariter

164 3403 402 3464 tangeret,
438 3401 548 3452 ideo
587 3401 636 3451 in
669 3404 898 3470 singulari
939 3403 1226 3470 interrogari
1262 3408 1309 3452 et
1336 3419 1424 3468 per
1460 3402 1726 3467 quemlibet
1763 3415 1955 3450 succes-

350 3509 382 3534 ·r.
405 3512 430 3535 J..
1718 3498 1761 3534 13
