2262 3958
347 338 416 373 236
954 340 1185 378 JOHANNIS
1219 341 1512 389 BURCHARDI,
1847 346 2000 387 [Janvier
2020 349 2112 390 1487]

350 456 491 489 cruce
530 446 577 488 et
605 442 941 503 cardinalibus,
982 443 1204 506 equitavit
1236 458 1324 507 per
1359 444 1481 491 viam
1513 447 1666 509 campi
1707 448 1860 507 Flore,
1903 449 2108 511 plateam

344 524 600 586 judeorum
627 525 686 572 ad
714 542 751 572 s.
785 526 1009 585 Paulum3
1034 543 1128 590 quo
1161 527 1365 575 intrante
1394 529 1479 575 sub
1502 529 1704 590 porticu,
1727 531 1791 578 ibi
1813 533 1976 591 abbaS,
2000 548 2109 580 cum

349 607 598 654 monachis
641 606 1062 670 processionaliter
1112 607 1363 667 ordinatiS,
1420 624 1531 656 cum
1576 625 1717 658 cruce
1769 613 1921 660 stabat
1967 629 2108 676 quam

348 689 604 752 panniculo
628 705 713 754 per
734 689 954 738 abbatem
975 690 1251 739 mundatam
1275 696 1321 740 et
1341 692 1596 755 panniculo
1623 708 1710 755 per
1736 709 1847 741 eum
1874 695 2106 754 osculato,

350 776 476 836 Papa
497 789 522 820 e
538 773 757 821 manibus
779 773 902 821 Rmi.
928 776 984 821 D.
1005 774 1255 822 cardinalis
1276 774 1415 838 primi
1437 775 1622 823 diaconi
1641 775 1905 825 assistentis
1927 778 2110 826 oscula-

349 862 423 905 tus
457 860 545 916 est,
570 857 742 905 deinde
773 861 1023 905 cantarunt
1051 857 1114 904 illi
1147 876 1155 905 :
1185 858 1311 905 Ecce
1344 859 1572 918 sacerdos,
1608 867 1714 918 etc„
1741 859 1804 906 Te
1822 859 1998 918 Deum,
2022 868 2106 909 etc.

349 943 476 1004 Papa
495 939 729 1004 processit
744 939 803 987 ad
824 939 970 988 altare
989 941 1165 1004 majus,
1181 941 1259 987 ubi
1277 941 1578 1004 genuflexus,
1592 941 1641 988 in
1662 942 1924 990 faldistorio
1943 943 2108 1003 oravit,

350 1027 413 1082 et,
454 1039 512 1071 eo
552 1026 796 1086 surgente,
837 1025 892 1071 D.
930 1023 1251 1071 Bernardinus
1295 1028 1508 1072 secretus
1551 1024 1870 1072 cubicularius
1909 1025 2114 1089 projecit

349 1105 512 1153 nescio
535 1121 652 1168 quas
674 1105 904 1168 pecunias
928 1121 1073 1169 super
1092 1106 1263 1165 altare3
1285 1106 1457 1154 deinde
1487 1109 1614 1170 Papa
1640 1107 1721 1154 ivit
1743 1107 1801 1155 ad
1822 1107 1947 1155 aliud
1968 1108 2114 1156 altare

350 1189 398 1235 in
422 1188 609 1236 tribuno
630 1192 867 1252 paratum,
899 1190 998 1244 ubi,
1029 1195 1228 1254 accepto
1249 1191 1454 1253 pluviali,
1485 1191 1597 1239 fecit
1627 1191 1982 1239 confessionem
2004 1207 2114 1240 cum

354 1271 645 1331 celebrante,
687 1272 904 1319 ascendit
942 1272 1113 1321 deinde
1155 1274 1326 1321 solium
1370 1274 1447 1322 ubi
1484 1274 1749 1322 cardinales
1786 1279 2018 1323 venerunt
2057 1276 2117 1323 ad

351 1354 664 1401 reverentiam
684 1369 818 1401 more
852 1359 1103 1403 consueto.
1137 1356 1273 1404 Dicte
1307 1360 1414 1403 sunt
1441 1356 1533 1404 due
1565 1356 1823 1415 orationes,
1858 1357 2011 1419 prima
2030 1374 2118 1421 pro

351 1453 390 1484 s,
418 1437 564 1485 Paulo
587 1436 672 1484 sub
696 1454 783 1486 sua
804 1438 1132 1498 conclusione,
1155 1444 1255 1487 tum
1278 1440 1369 1488 alia
1392 1456 1478 1503 pro
1507 1458 1545 1488 s.
1570 1443 1712 1488 Petro
1734 1439 1876 1488 etiam
1899 1439 1986 1487 suh
2008 1456 2114 1500 sua;

351 1521 406 1565 R.
429 1520 481 1565 P.
508 1519 566 1565 D.
589 1518 866 1566 Leonardus
896 1519 1147 1583 episcopus
1171 1520 1570 1583 AlbenganensiS,
1602 1521 1803 1570 vicarius
1831 1525 1976 1586 Pape,
1998 1523 2137 1571 cele-'

351 1600 500 1648 bravit
529 1601 743 1648 missam.
781 1601 1056 1650 Cardinales
1097 1618 1194 1650 non
1223 1607 1456 1651 venerunt
1488 1604 1548 1651 ad
1585 1604 1816 1652 circulum
1850 1606 1935 1653 sed
1965 1606 2118 1653 solum

351 1688 660 1732 surrexerunt
714 1685 772 1731 ad
819 1685 1084 1745 introitum,
1138 1702 1294 1749 neque
1349 1687 1481 1750 prior
1526 1688 1918 1751 presbyterorum
1973 1688 2119 1736 astitit

352 1767 477 1828 Pape
498 1770 695 1828 propter
712 1767 807 1814 loci
829 1768 1122 1830 angustiam3
1149 1769 1234 1816 sed
1249 1785 1334 1817 suo
1356 1769 1414 1817 de
1434 1769 1542 1817 loco
1569 1770 1780 1830 veniens,
1800 1770 2113 1818 ministrabat.

353 1847 611 1896 Celebrans
645 1850 785 1896 etiam
815 1832 928 1897 diizit
959 1838 1122 1898 Credo.
1158 1853 1210 1898 ln
1245 1851 1340 1898 fine
1380 1851 1544 1910 misse,
1581 1854 1709 1914 Papa
1738 1852 1866 1899 dedit
1896 1851 2119 1900 benedic-

352 1930 531 1978 tionem
576 1935 622 1978 et
663 1931 901 1994 plenarias
943 1933 1263 1996 indulgentias
1315 1949 1432 1997 quas
1470 1933 1801 1997 pronunciavit
1848 1934 2113 1982 celebrans.

356 2016 460 2061 Non
478 2013 563 2061 fuit
581 2030 757 2062 sermo.
781 2017 908 2063 Loca
934 2032 1021 2079 pro
1047 2017 1269 2064 omnibus
1292 2020 1338 2064 et
1360 2018 1497 2064 sedes
1523 2020 1648 2080 Pape
1670 2017 1862 2064 fuerunt
1882 2017 2114 2076 ordinata,

354 2101 496 2161 prout
518 2097 738 2160 superius
757 2098 802 2145 in
827 2099 1128 2165 dedicatione
1149 2100 1455 2147 basilicarum
1474 2100 1776 2147 observatum
1799 2103 1888 2147 est.

418 2183 641 2228 Preterea
671 2181 746 2228 his
768 2181 934 2230 diebus
966 2182 1095 2230 venit
1124 2184 1183 2230 ad
1217 2182 1393 2231 Urbem
1426 2182 1768 2230 illustrissimus
1802 2186 1859 2231 D.
1894 2183 2117 2248 princeps

353 2263 698 2322 SalernitanUS,
735 2264 814 2327 qui
856 2280 883 2311 a
917 2265 1108 2312 familiis
1146 2268 1435 2312 RRmorum.
1471 2267 1571 2312 DD.
1613 2266 2044 2329 Neapolitanensis,
2073 2283 2111 2314 s.

357 2346 483 2393 Petri
506 2347 566 2394 ad
581 2347 803 2405 Vincula,
827 2347 886 2395 de
909 2348 1127 2407 Sabellis,
1152 2348 1209 2395 de
1234 2348 1464 2396 Columna
1497 2347 1806 2395 cardinalium
1827 2354 2048 2411 receptus
2070 2353 2118 2396 et

358 2444 510 2491 usque
547 2429 606 2476 ad
646 2433 921 2476 sanctorum
958 2430 1283 2492 apostolorum
1323 2431 1492 2477 domos
1529 2430 1651 2476 Rmi.
1691 2432 1748 2476 D.
1785 2429 2038 2477 cardinalis
2074 2447 2113 2478 s.

352 2510 478 2558 Petri
519 2511 579 2558 ad
611 2511 815 2561 Vincula
847 2512 1035 2574 prefati,
1073 2512 1153 2558 ubi
1191 2512 1399 2575 hospitio
1435 2516 1675 2574 receptus,
1718 2511 1976 2559 associatus
2016 2517 2114 2572 est3

353 2594 480 2642 inter
515 2609 656 2656 quem
695 2599 742 2642 et
774 2595 1000 2642 comitem
1037 2594 1270 2654 Tendille,
1312 2597 1552 2642 oratorem
1587 2593 1713 2656 regis
1745 2594 1988 2657 Hispania,
2025 2595 2118 2643 hoc

352 2692 496 2724 mane
520 2691 664 2740 super
679 2677 988 2740 precedentia
1009 2682 1114 2725 orta
1131 2681 1203 2725 est
1222 2677 1481 2725 contentio.
1506 2679 1625 2724 Nam
1641 2677 1874 2724 ambobus
1894 2676 1943 2724 in
1963 2677 2120 2740 platea

353 2775 392 2807 s.
418 2759 543 2808 Petri
573 2759 882 2808 existentibus
911 2763 958 2807 et
991 2762 1074 2808 SS.
1106 2762 1162 2807 D.
1196 2762 1252 2808 N.
1290 2759 1527 2807 associare
1562 2759 1842 2819 volentibus,
1878 2775 1955 2807 me
1991 2759 2119 2807 ordi-

352 2846 514 2902 nante,
559 2858 721 2890 comes
751 2843 1019 2906 principem
1046 2843 1171 2890 inter
1207 2859 1256 2890 se
1282 2846 1329 2891 et
1359 2845 1631 2891 senatorem
1668 2842 1823 2901 Urbis,
1863 2841 1942 2904 qui
1975 2842 2118 2890 etiam

354 2925 535 2984 aderat,
586 2926 798 2973 medium
842 2926 1058 2990 recipere
1100 2925 1335 2974 recusavit
1379 2925 1543 2973 dicens
1580 2941 1631 2972 se
1674 2924 1959 2987 digniorem,
2006 2924 2118 2987 quia

352 3008 594 3072 potentior
624 3008 699 3067 sit,
727 3008 784 3056 'ac
812 3009 938 3072 regis
972 3013 1211 3056 oratorem
1246 3024 1378 3067 esse3
1403 3012 1658 3070 propterea
1685 3007 1750 3053 illi
1783 3006 2111 3069 preferendus.

353 3091 595 3154 Respondi
634 3106 731 3137 non
764 3089 947 3137 divitias
985 3093 1031 3138 et
1066 3089 1331 3153 potentiam
1364 3088 1544 3135 attendi
1584 3092 1806 3150 oportere
1838 3088 1923 3135 sed
1956 3087 2115 3135 titulos

353 3174 612 3236 dignitatis„
635 3176 911 3235 Propterea,
937 3172 1203 3236 principem
1219 3171 1297 3233 qui
1313 3171 1468 3233 major
1485 3174 1556 3217 est
1568 3170 1741 3218 comite
1758 3173 1804 3217 et
1817 3168 2112 3226 marchione,

351 3258 369 3320 j
379 3261 489 3303 uxta
511 3256 645 3319 regni
669 3255 1066 3303 consuetudinem
1089 3254 1232 3302 etiam
1253 3244 1424 3299 d'ucem
1449 3252 1605 3315 ipsum
1626 3252 1887 3315 precedere
1909 3250 2083 3298 debere
2103 3266 2113 3307 3

357 3344 409 3386 ut
437 3339 664 3386 comitem
696 3338 839 3401 longe
870 3338 1041 3400 magis,
1077 3352 1175 3383 non
1207 3340 1257 3382 ut
1290 3339 1529 3382 oratorem
1566 3335 1711 3399 regis,
1747 3334 1858 3397 quia
1893 3337 1942 3379 ut
1974 3332 2114 3378 talem

362 3421 503 3467 etiam
521 3425 714 3468 senator
724 3421 862 3468 Urbis
877 3419 1145 3483 precederit
1160 3419 1315 3481 ipsum
1335 3434 1345 3464 :
1365 3417 1639 3480 opinionem
1663 3416 1848 3465 comitis
1864 3414 2119 3462 tuebantur
