<?xml version="1.0" encoding="UTF-8"?>
<!DOCTYPE html PUBLIC "-//W3C//DTD XHTML 1.0 Transitional//EN"
    "http://www.w3.org/TR/xhtml1/DTD/xhtml1-transitional.dtd">
<html xmlns="http://www.w3.org/1999/xhtml" xml:lang="en" lang="en">
 <head>
  <title>
</title>
<meta http-equiv="Content-Type" content="text/html;charset=utf-8" />
  <meta name='ocr-system' content='tesseract 3.04.00' />
  <meta name='ocr-capabilities' content='ocr_page ocr_carea ocr_par ocr_line ocrx_word'/>
</head>
<body>
  <div class='ocr_page' id='page_1' title='image "./diariumsivererum01burcuoft_0037.png"; bbox 0 0 2262 3958; ppageno 0'>
   <div class='ocr_carea' id='block_1_1' title="bbox 107 334 1891 382">
    <p class='ocr_par' dir='ltr' id='par_1_1' title="bbox 107 334 1891 382">
     <span class='ocr_line' id='line_1_1' title="bbox 107 334 1891 382; baseline -0.002 -9"><span class='ocrx_word' id='word_1_1' title='bbox 107 339 214 382; x_wconf 73' lang='lat' dir='ltr'>[Aont</span> <span class='ocrx_word' id='word_1_2' title='bbox 234 338 325 382; x_wconf 70' lang='lat'><strong>1484]</strong></span> <span class='ocrx_word' id='word_1_3' title='bbox 552 336 720 374; x_wconf 83' lang='lat' dir='ltr'>RERUM</span> <span class='ocrx_word' id='word_1_4' title='bbox 751 335 1057 374; x_wconf 69' lang='lat' dir='ltr'>URBANARUM</span> <span class='ocrx_word' id='word_1_5' title='bbox 1091 334 1441 374; x_wconf 76' lang='lat' dir='ltr'><strong>COMMENTARH.</strong></span> <span class='ocrx_word' id='word_1_6' title='bbox 1845 337 1891 371; x_wconf 75' lang='lat'>‘27</span> 
     </span>
    </p>
   </div>
   <div class='ocr_carea' id='block_1_2' title="bbox 3 438 1890 3528">
    <p class='ocr_par' dir='ltr' id='par_1_2' title="bbox 3 438 1890 2770">
     <span class='ocr_line' id='line_1_2' title="bbox 103 438 1890 506; baseline -0.002 -16"><span class='ocrx_word' id='word_1_7' title='bbox 103 457 217 491; x_wconf 91' lang='lat' dir='ltr'>eum</span> <span class='ocrx_word' id='word_1_8' title='bbox 257 441 431 506; x_wconf 85' lang='lat' dir='ltr'><strong>singuli</strong></span> <span class='ocrx_word' id='word_1_9' title='bbox 472 442 715 501; x_wconf 75' lang='lat' dir='ltr'>custodes,</span> <span class='ocrx_word' id='word_1_10' title='bbox 759 446 811 490; x_wconf 93' lang='lat' dir='ltr'>ut</span> <span class='ocrx_word' id='word_1_11' title='bbox 852 457 997 506; x_wconf 86' lang='lat' dir='ltr'>supra</span> <span class='ocrx_word' id='word_1_12' title='bbox 1035 440 1248 505; x_wconf 84' lang='lat' dir='ltr'>deputati</span> <span class='ocrx_word' id='word_1_13' title='bbox 1303 438 1483 486; x_wconf 80' lang='lat' dir='ltr'>ibidem</span> <span class='ocrx_word' id='word_1_14' title='bbox 1523 441 1792 503; x_wconf 77' lang='lat' dir='ltr'>presenteS,</span> <span class='ocrx_word' id='word_1_15' title='bbox 1843 443 1890 486; x_wconf 77' lang='lat' dir='ltr'>et</span> 
     </span>
     <span class='ocr_line' id='line_1_3' title="bbox 99 522 1884 592; baseline -0.003 -17"><span class='ocrx_word' id='word_1_16' title='bbox 99 525 359 592; x_wconf 85' lang='lat' dir='ltr'>genuflexi,</span> <span class='ocrx_word' id='word_1_17' title='bbox 398 524 534 591; x_wconf 88' lang='lat' dir='ltr'>tactis</span> <span class='ocrx_word' id='word_1_18' title='bbox 569 525 818 589; x_wconf 87' lang='lat' dir='ltr'>scripturis</span> <span class='ocrx_word' id='word_1_19' title='bbox 858 525 1076 589; x_wconf 88' lang='lat' dir='ltr'>ejusdem</span> <span class='ocrx_word' id='word_1_20' title='bbox 1118 523 1338 572; x_wconf 88' lang='lat' dir='ltr'>breviarii</span> <span class='ocrx_word' id='word_1_21' title='bbox 1382 522 1616 571; x_wconf 89' lang='lat' dir='ltr'>ambabus</span> <span class='ocrx_word' id='word_1_22' title='bbox 1646 522 1884 582; x_wconf 90' lang='lat' dir='ltr'>manibus,</span> 
     </span>
     <span class='ocr_line' id='line_1_4' title="bbox 97 605 1890 674; baseline -0.002 -17"><span class='ocrx_word' id='word_1_23' title='bbox 97 609 336 674; x_wconf 90' lang='lat' dir='ltr'>premissa</span> <span class='ocrx_word' id='word_1_24' title='bbox 378 625 428 656; x_wconf 92' lang='lat' dir='ltr'>se</span> <span class='ocrx_word' id='word_1_25' title='bbox 463 610 800 658; x_wconf 88' lang='lat' dir='ltr'>observaturos</span> <span class='ocrx_word' id='word_1_26' title='bbox 825 611 1125 674; x_wconf 87' lang='lat' dir='ltr'>juraverunt.</span> <span class='ocrx_word' id='word_1_27' title='bbox 1161 611 1282 655; x_wconf 90' lang='lat' dir='ltr'>Tum</span> <span class='ocrx_word' id='word_1_28' title='bbox 1309 607 1368 655; x_wconf 91' lang='lat' dir='ltr'>ad</span> <span class='ocrx_word' id='word_1_29' title='bbox 1399 624 1482 655; x_wconf 88' lang='lat' dir='ltr'>sua</span> <span class='ocrx_word' id='word_1_30' title='bbox 1508 607 1617 655; x_wconf 91' lang='lat' dir='ltr'>loca</span> <span class='ocrx_word' id='word_1_31' title='bbox 1643 605 1890 654; x_wconf 86' lang='lat' dir='ltr'>redierunt</span> 
     </span>
     <span class='ocr_line' id='line_1_5' title="bbox 97 692 1882 758; baseline -0.002 -17"><span class='ocrx_word' id='word_1_32' title='bbox 97 692 299 758; x_wconf 84' lang='lat' dir='ltr'>singuli,</span> <span class='ocrx_word' id='word_1_33' title='bbox 325 697 373 741; x_wconf 85' lang='lat' dir='ltr'>et</span> <span class='ocrx_word' id='word_1_34' title='bbox 395 694 561 742; x_wconf 90' lang='lat' dir='ltr'>RRmi.</span> <span class='ocrx_word' id='word_1_35' title='bbox 588 698 688 743; x_wconf 92' lang='lat' dir='ltr'>DD.</span> <span class='ocrx_word' id='word_1_36' title='bbox 714 693 1068 743; x_wconf 84' lang='lat' dir='ltr'>cardinalesad</span> <span class='ocrx_word' id='word_1_37' title='bbox 1096 709 1205 740; x_wconf 86' lang='lat' dir='ltr'>suas</span> <span class='ocrx_word' id='word_1_38' title='bbox 1239 709 1456 740; x_wconf 86' lang='lat' dir='ltr'>cameras</span> <span class='ocrx_word' id='word_1_39' title='bbox 1491 708 1541 739; x_wconf 88' lang='lat' dir='ltr'>se</span> <span class='ocrx_word' id='word_1_40' title='bbox 1576 693 1882 755; x_wconf 87' lang='lat' dir='ltr'>receperunt.</span> 
     </span>
     <span class='ocr_line' id='line_1_6' title="bbox 97 771 1886 838; baseline -0.003 -14"><span class='ocrx_word' id='word_1_41' title='bbox 97 774 281 825; x_wconf 85' lang='lat' dir='ltr'>Deinde</span> <span class='ocrx_word' id='word_1_42' title='bbox 315 779 483 824; x_wconf 89' lang='lat' dir='ltr'>Rmus.</span> <span class='ocrx_word' id='word_1_43' title='bbox 533 779 590 824; x_wconf 92' lang='lat' dir='ltr'>D.</span> <span class='ocrx_word' id='word_1_44' title='bbox 637 775 950 835; x_wconf 87' lang='lat' dir='ltr'>camerarius,</span> <span class='ocrx_word' id='word_1_45' title='bbox 993 778 1194 838; x_wconf 84' lang='lat' dir='ltr'>accepto</span> <span class='ocrx_word' id='word_1_46' title='bbox 1229 774 1492 833; x_wconf 88' lang='lat' dir='ltr'>intorticio‚</span> <span class='ocrx_word' id='word_1_47' title='bbox 1522 772 1662 820; x_wconf 88' lang='lat' dir='ltr'>nobis</span> <span class='ocrx_word' id='word_1_48' title='bbox 1696 771 1886 820; x_wconf 80' lang='lat' dir='ltr'>clericis</span> 
     </span>
     <span class='ocr_line' id='line_1_7' title="bbox 96 855 1884 925; baseline -0.002 -19"><span class='ocrx_word' id='word_1_49' title='bbox 96 859 483 907; x_wconf 83' lang='lat' dir='ltr'>ceremoniarum</span> <span class='ocrx_word' id='word_1_50' title='bbox 505 859 661 925; x_wconf 90' lang='lat' dir='ltr'>ipsum</span> <span class='ocrx_word' id='word_1_51' title='bbox 698 858 1058 916; x_wconf 76' lang='lat' dir='ltr'>comitantibus,</span> <span class='ocrx_word' id='word_1_52' title='bbox 1097 860 1249 906; x_wconf 84' lang='lat' dir='ltr'>totum</span> <span class='ocrx_word' id='word_1_53' title='bbox 1278 857 1504 904; x_wconf 86' lang='lat' dir='ltr'>conclave</span> <span class='ocrx_word' id='word_1_54' title='bbox 1541 855 1712 904; x_wconf 82' lang='lat' dir='ltr'>circuit</span> <span class='ocrx_word' id='word_1_55' title='bbox 1740 855 1884 904; x_wconf 86' lang='lat' dir='ltr'>etiam</span> 
     </span>
     <span class='ocr_line' id='line_1_8' title="bbox 94 938 1884 1007; baseline -0.003 -17"><span class='ocrx_word' id='word_1_56' title='bbox 94 957 184 1007; x_wconf 89' lang='lat' dir='ltr'>per</span> <span class='ocrx_word' id='word_1_57' title='bbox 223 943 467 992; x_wconf 86' lang='lat' dir='ltr'>caminum</span> <span class='ocrx_word' id='word_1_58' title='bbox 505 942 717 991; x_wconf 88' lang='lat' dir='ltr'>secunde</span> <span class='ocrx_word' id='word_1_59' title='bbox 756 941 892 1001; x_wconf 87' lang='lat' dir='ltr'>aule,</span> <span class='ocrx_word' id='word_1_60' title='bbox 928 944 975 988; x_wconf 85' lang='lat' dir='ltr'>et</span> <span class='ocrx_word' id='word_1_61' title='bbox 1014 940 1062 988; x_wconf 89' lang='lat' dir='ltr'>in</span> <span class='ocrx_word' id='word_1_62' title='bbox 1089 940 1276 987; x_wconf 89' lang='lat' dir='ltr'>duobus</span> <span class='ocrx_word' id='word_1_63' title='bbox 1311 938 1431 986; x_wconf 88' lang='lat' dir='ltr'>locis</span> <span class='ocrx_word' id='word_1_64' title='bbox 1462 954 1549 1002; x_wconf 87' lang='lat' dir='ltr'>pro</span> <span class='ocrx_word' id='word_1_65' title='bbox 1596 938 1884 986; x_wconf 84' lang='lat' dir='ltr'>necessariis</span> 
     </span>
     <span class='ocr_line' id='line_1_9' title="bbox 92 1022 1886 1091; baseline -0.003 -17"><span class='ocrx_word' id='word_1_66' title='bbox 92 1025 322 1087; x_wconf 85' lang='lat' dir='ltr'>dimissis,</span> <span class='ocrx_word' id='word_1_67' title='bbox 358 1043 419 1075; x_wconf 91' lang='lat' dir='ltr'>ne</span> <span class='ocrx_word' id='word_1_68' title='bbox 452 1027 558 1091; x_wconf 86' lang='lat' dir='ltr'>quis</span> <span class='ocrx_word' id='word_1_69' title='bbox 592 1026 772 1074; x_wconf 90' lang='lat' dir='ltr'>ibidem</span> <span class='ocrx_word' id='word_1_70' title='bbox 805 1030 933 1074; x_wconf 87' lang='lat' dir='ltr'>esset</span> <span class='ocrx_word' id='word_1_71' title='bbox 966 1024 1278 1073; x_wconf 88' lang='lat' dir='ltr'>absconditus</span> <span class='ocrx_word' id='word_1_72' title='bbox 1312 1023 1393 1086; x_wconf 90' lang='lat' dir='ltr'>qui</span> <span class='ocrx_word' id='word_1_73' title='bbox 1428 1022 1643 1070; x_wconf 90' lang='lat' dir='ltr'>conclavi</span> <span class='ocrx_word' id='word_1_74' title='bbox 1676 1037 1773 1069; x_wconf 90' lang='lat' dir='ltr'>non</span> <span class='ocrx_word' id='word_1_75' title='bbox 1805 1022 1886 1069; x_wconf 88' lang='lat' dir='ltr'>de-</span> 
     </span>
     <span class='ocr_line' id='line_1_10' title="bbox 90 1106 1884 1173; baseline -0.003 -14"><span class='ocrx_word' id='word_1_76' title='bbox 90 1109 228 1159; x_wconf 84' lang='lat' dir='ltr'>beret</span> <span class='ocrx_word' id='word_1_77' title='bbox 265 1108 520 1170; x_wconf 88' lang='lat' dir='ltr'>interesse‚</span> <span class='ocrx_word' id='word_1_78' title='bbox 556 1115 621 1171; x_wconf 88' lang='lat' dir='ltr'>et,</span> <span class='ocrx_word' id='word_1_79' title='bbox 663 1109 858 1159; x_wconf 88' lang='lat' dir='ltr'>nemine</span> <span class='ocrx_word' id='word_1_80' title='bbox 899 1112 1109 1173; x_wconf 87' lang='lat' dir='ltr'>reperto,</span> <span class='ocrx_word' id='word_1_81' title='bbox 1154 1108 1316 1156; x_wconf 86' lang='lat' dir='ltr'>clausa</span> <span class='ocrx_word' id='word_1_82' title='bbox 1355 1110 1427 1155; x_wconf 90' lang='lat' dir='ltr'>est</span> <span class='ocrx_word' id='word_1_83' title='bbox 1467 1106 1706 1154; x_wconf 86' lang='lat' dir='ltr'>conclavis</span> <span class='ocrx_word' id='word_1_84' title='bbox 1746 1110 1884 1171; x_wconf 87' lang='lat' dir='ltr'>porta</span> 
     </span>
     <span class='ocr_line' id='line_1_11' title="bbox 87 1189 1884 1258; baseline -0.003 -15"><span class='ocrx_word' id='word_1_85' title='bbox 87 1193 273 1243; x_wconf 82' lang='lat' dir='ltr'>duabus</span> <span class='ocrx_word' id='word_1_86' title='bbox 306 1193 560 1244; x_wconf 83' lang='lat' dir='ltr'>serraturis</span> <span class='ocrx_word' id='word_1_87' title='bbox 598 1196 763 1258; x_wconf 89' lang='lat' dir='ltr'>preter</span> <span class='ocrx_word' id='word_1_88' title='bbox 803 1191 1103 1257; x_wconf 86' lang='lat' dir='ltr'>sportellum,</span> <span class='ocrx_word' id='word_1_89' title='bbox 1149 1206 1352 1254; x_wconf 87' lang='lat' dir='ltr'>quarum</span> <span class='ocrx_word' id='word_1_90' title='bbox 1400 1190 1651 1238; x_wconf 89' lang='lat' dir='ltr'>ambarum</span> <span class='ocrx_word' id='word_1_91' title='bbox 1697 1189 1884 1238; x_wconf 90' lang='lat' dir='ltr'>clausu-</span> 
     </span>
     <span class='ocr_line' id='line_1_12' title="bbox 86 1273 1882 1339; baseline -0.001 -15"><span class='ocrx_word' id='word_1_92' title='bbox 86 1291 250 1326; x_wconf 84' lang='lat' dir='ltr'>rarum</span> <span class='ocrx_word' id='word_1_93' title='bbox 271 1276 429 1326; x_wconf 86' lang='lat' dir='ltr'>claves</span> <span class='ocrx_word' id='word_1_94' title='bbox 450 1276 676 1325; x_wconf 90' lang='lat' dir='ltr'>custodes</span> <span class='ocrx_word' id='word_1_95' title='bbox 698 1276 758 1324; x_wconf 91' lang='lat' dir='ltr'>ab</span> <span class='ocrx_word' id='word_1_96' title='bbox 780 1278 915 1323; x_wconf 83' lang='lat' dir='ltr'>extra</span> <span class='ocrx_word' id='word_1_97' title='bbox 943 1273 1061 1321; x_wconf 88' lang='lat' dir='ltr'>mihi</span> <span class='ocrx_word' id='word_1_98' title='bbox 1090 1273 1468 1337; x_wconf 86' lang='lat' dir='ltr'>assignaverunt.</span> <span class='ocrx_word' id='word_1_99' title='bbox 1505 1275 1723 1323; x_wconf 80' lang='lat' dir='ltr'>Habebat</span> <span class='ocrx_word' id='word_1_100' title='bbox 1744 1278 1882 1339; x_wconf 90' lang='lat' dir='ltr'>porta</span> 
     </span>
     <span class='ocr_line' id='line_1_13' title="bbox 86 1358 1879 1425; baseline -0.001 -16"><span class='ocrx_word' id='word_1_101' title='bbox 86 1359 190 1425; x_wconf 82' lang='lat' dir='ltr'>ipsa</span> <span class='ocrx_word' id='word_1_102' title='bbox 215 1360 362 1421; x_wconf 88' lang='lat' dir='ltr'>circa,</span> <span class='ocrx_word' id='word_1_103' title='bbox 393 1361 608 1409; x_wconf 91' lang='lat' dir='ltr'>medium</span> <span class='ocrx_word' id='word_1_104' title='bbox 642 1359 923 1425; x_wconf 91' lang='lat' dir='ltr'>sportellum</span> <span class='ocrx_word' id='word_1_105' title='bbox 960 1358 1094 1422; x_wconf 89' lang='lat' dir='ltr'>quasi</span> <span class='ocrx_word' id='word_1_106' title='bbox 1125 1358 1361 1421; x_wconf 91' lang='lat' dir='ltr'>quadrum</span> <span class='ocrx_word' id='word_1_107' title='bbox 1381 1359 1586 1406; x_wconf 88' lang='lat' dir='ltr'>duorum</span> <span class='ocrx_word' id='word_1_108' title='bbox 1607 1360 1879 1423; x_wconf 88' lang='lat' dir='ltr'>palmorum</span> 
     </span>
     <span class='ocr_line' id='line_1_14' title="bbox 84 1442 1878 1510; baseline -0.001 -18"><span class='ocrx_word' id='word_1_109' title='bbox 84 1443 432 1510; x_wconf 76' lang='lat' dir='ltr'>vel·ci1·ca,lpro</span> <span class='ocrx_word' id='word_1_110' title='bbox 453 1445 782 1494; x_wconf 83' lang='lat' dir='ltr'>ministrandis</span> <span class='ocrx_word' id='word_1_111' title='bbox 804 1443 998 1494; x_wconf 91' lang='lat' dir='ltr'>cibariis</span> <span class='ocrx_word' id='word_1_112' title='bbox 1020 1447 1066 1494; x_wconf 86' lang='lat' dir='ltr'>et</span> <span class='ocrx_word' id='word_1_113' title='bbox 1079 1442 1183 1494; x_wconf 89' lang='lat' dir='ltr'>aliis</span> <span class='ocrx_word' id='word_1_114' title='bbox 1210 1444 1518 1502; x_wconf 79' lang='lat' dir='ltr'>necessariis,</span> <span class='ocrx_word' id='word_1_115' title='bbox 1543 1444 1673 1507; x_wconf 89' lang='lat' dir='ltr'>quod</span> <span class='ocrx_word' id='word_1_116' title='bbox 1694 1444 1878 1492; x_wconf 90' lang='lat' dir='ltr'>duabus</span> 
     </span>
     <span class='ocr_line' id='line_1_15' title="bbox 86 1527 1876 1593; baseline 0 -17"><span class='ocrx_word' id='word_1_117' title='bbox 86 1528 321 1577; x_wconf 89' lang='lat' dir='ltr'>clausuris</span> <span class='ocrx_word' id='word_1_118' title='bbox 343 1530 637 1589; x_wconf 87' lang='lat' dir='ltr'>serrabatur,</span> <span class='ocrx_word' id='word_1_119' title='bbox 661 1546 756 1577; x_wconf 91' lang='lat' dir='ltr'>una</span> <span class='ocrx_word' id='word_1_120' title='bbox 777 1530 836 1578; x_wconf 92' lang='lat' dir='ltr'>ab</span> <span class='ocrx_word' id='word_1_121' title='bbox 859 1533 1011 1590; x_wconf 84' lang='lat' dir='ltr'>extra,</span> <span class='ocrx_word' id='word_1_122' title='bbox 1046 1530 1184 1593; x_wconf 85' lang='lat' dir='ltr'>cujus</span> <span class='ocrx_word' id='word_1_123' title='bbox 1214 1529 1397 1577; x_wconf 87' lang='lat' dir='ltr'>clavem</span> <span class='ocrx_word' id='word_1_124' title='bbox 1426 1528 1651 1576; x_wconf 89' lang='lat' dir='ltr'>custodes</span> <span class='ocrx_word' id='word_1_125' title='bbox 1673 1527 1876 1592; x_wconf 86' lang='lat' dir='ltr'>predicti</span> 
     </span>
     <span class='ocr_line' id='line_1_16' title="bbox 85 1612 1872 1676; baseline 0 -16"><span class='ocrx_word' id='word_1_126' title='bbox 85 1613 361 1672; x_wconf 86' lang='lat' dir='ltr'>servabant;</span> <span class='ocrx_word' id='word_1_127' title='bbox 403 1613 496 1662; x_wconf 87' lang='lat' dir='ltr'>alia</span> <span class='ocrx_word' id='word_1_128' title='bbox 533 1614 593 1660; x_wconf 91' lang='lat' dir='ltr'>ab</span> <span class='ocrx_word' id='word_1_129' title='bbox 635 1613 780 1673; x_wconf 85' lang='lat' dir='ltr'>intus,</span> <span class='ocrx_word' id='word_1_130' title='bbox 831 1613 965 1676; x_wconf 88' lang='lat' dir='ltr'>cujus</span> <span class='ocrx_word' id='word_1_131' title='bbox 1011 1613 1195 1661; x_wconf 89' lang='lat' dir='ltr'>clavem</span> <span class='ocrx_word' id='word_1_132' title='bbox 1235 1629 1325 1676; x_wconf 83' lang='lat' dir='ltr'>ego</span> <span class='ocrx_word' id='word_1_133' title='bbox 1359 1612 1551 1660; x_wconf 87' lang='lat' dir='ltr'>retinui.</span> <span class='ocrx_word' id='word_1_134' title='bbox 1591 1614 1693 1668; x_wconf 86' lang='lat' dir='ltr'>Quo</span> <span class='ocrx_word' id='word_1_135' title='bbox 1726 1612 1872 1671; x_wconf 90' lang='lat' dir='ltr'>fact0‚</span> 
     </span>
     <span class='ocr_line' id='line_1_17' title="bbox 80 1697 1873 1762; baseline 0.001 -18"><span class='ocrx_word' id='word_1_136' title='bbox 80 1700 316 1746; x_wconf 80' lang='lat' dir='ltr'>venerunt</span> <span class='ocrx_word' id='word_1_137' title='bbox 354 1701 554 1746; x_wconf 90' lang='lat' dir='ltr'>cornute</span> <span class='ocrx_word' id='word_1_138' title='bbox 595 1697 911 1745; x_wconf 79' lang='lat' dir='ltr'>cardinalium</span> <span class='ocrx_word' id='word_1_139' title='bbox 945 1700 1080 1745; x_wconf 87' lang='lat' dir='ltr'>extra</span> <span class='ocrx_word' id='word_1_140' title='bbox 1118 1698 1175 1745; x_wconf 92' lang='lat' dir='ltr'>ad</span> <span class='ocrx_word' id='word_1_141' title='bbox 1220 1697 1503 1762; x_wconf 89' lang='lat' dir='ltr'>sportellum</span> <span class='ocrx_word' id='word_1_142' title='bbox 1537 1713 1646 1744; x_wconf 85' lang='lat' dir='ltr'>cum</span> <span class='ocrx_word' id='word_1_143' title='bbox 1681 1697 1873 1745; x_wconf 89' lang='lat' dir='ltr'>cibariis</span> 
     </span>
     <span class='ocr_line' id='line_1_18' title="bbox 81 1779 1874 1843; baseline 0.001 -17"><span class='ocrx_word' id='word_1_144' title='bbox 81 1793 268 1839; x_wconf 83' lang='lat' dir='ltr'>eorum,</span> <span class='ocrx_word' id='word_1_145' title='bbox 297 1794 390 1842; x_wconf 91' lang='lat' dir='ltr'>que</span> <span class='ocrx_word' id='word_1_146' title='bbox 419 1795 507 1826; x_wconf 91' lang='lat' dir='ltr'>nos</span> <span class='ocrx_word' id='word_1_147' title='bbox 535 1779 716 1826; x_wconf 90' lang='lat' dir='ltr'>ibidem</span> <span class='ocrx_word' id='word_1_148' title='bbox 743 1779 1038 1843; x_wconf 86' lang='lat' dir='ltr'>accepimus,</span> <span class='ocrx_word' id='word_1_149' title='bbox 1070 1783 1117 1827; x_wconf 89' lang='lat' dir='ltr'>et</span> <span class='ocrx_word' id='word_1_150' title='bbox 1148 1779 1348 1842; x_wconf 83' lang='lat' dir='ltr'>singulis</span> <span class='ocrx_word' id='word_1_151' title='bbox 1377 1781 1693 1829; x_wconf 88' lang='lat' dir='ltr'>cardinalium</span> <span class='ocrx_word' id='word_1_152' title='bbox 1730 1782 1874 1830; x_wconf 89' lang='lat' dir='ltr'>servi-</span> 
     </span>
     <span class='ocr_line' id='line_1_19' title="bbox 78 1863 1872 1928; baseline 0.002 -16"><span class='ocrx_word' id='word_1_153' title='bbox 78 1863 264 1912; x_wconf 88' lang='lat' dir='ltr'>toribus</span> <span class='ocrx_word' id='word_1_154' title='bbox 285 1863 659 1912; x_wconf 85' lang='lat' dir='ltr'>ministravimus</span> <span class='ocrx_word' id='word_1_155' title='bbox 681 1879 739 1912; x_wconf 91' lang='lat' dir='ltr'>eo</span> <span class='ocrx_word' id='word_1_156' title='bbox 762 1864 948 1924; x_wconf 88' lang='lat' dir='ltr'>ordine,</span> <span class='ocrx_word' id='word_1_157' title='bbox 984 1880 1128 1928; x_wconf 90' lang='lat' dir='ltr'>quem</span> <span class='ocrx_word' id='word_1_158' title='bbox 1161 1864 1283 1912; x_wconf 88' lang='lat' dir='ltr'>infra</span> <span class='ocrx_word' id='word_1_159' title='bbox 1312 1863 1552 1924; x_wconf 82' lang='lat' dir='ltr'>dicemus3</span> <span class='ocrx_word' id='word_1_160' title='bbox 1585 1870 1632 1914; x_wconf 89' lang='lat' dir='ltr'>et</span> <span class='ocrx_word' id='word_1_161' title='bbox 1653 1867 1872 1915; x_wconf 86' lang='lat' dir='ltr'>fecerunt</span> 
     </span>
     <span class='ocr_line' id='line_1_20' title="bbox 75 1946 1869 2012; baseline 0.002 -17"><span class='ocrx_word' id='word_1_162' title='bbox 75 1946 331 2012; x_wconf 80' lang='lat' dir='ltr'>prandium</span> <span class='ocrx_word' id='word_1_163' title='bbox 351 1947 518 1995; x_wconf 92' lang='lat' dir='ltr'>RRmi.</span> <span class='ocrx_word' id='word_1_164' title='bbox 539 1949 639 1995; x_wconf 93' lang='lat' dir='ltr'>DD.</span> <span class='ocrx_word' id='word_1_165' title='bbox 665 1947 958 2005; x_wconf 78' lang='lat' dir='ltr'>cardinales3</span> <span class='ocrx_word' id='word_1_166' title='bbox 983 1947 1156 1995; x_wconf 83' lang='lat' dir='ltr'>deinde</span> <span class='ocrx_word' id='word_1_167' title='bbox 1181 1948 1438 1996; x_wconf 85' lang='lat' dir='ltr'>servitores</span> <span class='ocrx_word' id='word_1_168' title='bbox 1461 1948 1551 2009; x_wconf 91' lang='lat' dir='ltr'>sui,</span> <span class='ocrx_word' id='word_1_169' title='bbox 1579 1952 1626 1997; x_wconf 90' lang='lat' dir='ltr'>et</span> <span class='ocrx_word' id='word_1_170' title='bbox 1647 1965 1735 1997; x_wconf 91' lang='lat' dir='ltr'>nos</span> <span class='ocrx_word' id='word_1_171' title='bbox 1757 1965 1869 1998; x_wconf 90' lang='lat' dir='ltr'>cum</span> 
     </span>
     <span class='ocr_line' id='line_1_21' title="bbox 74 2030 1868 2097; baseline 0.002 -19"><span class='ocrx_word' id='word_1_172' title='bbox 74 2030 208 2096; x_wconf 90' lang='lat' dir='ltr'>ipsis.</span> <span class='ocrx_word' id='word_1_173' title='bbox 242 2032 390 2080; x_wconf 84' lang='lat' dir='ltr'>Erant</span> <span class='ocrx_word' id='word_1_174' title='bbox 417 2031 547 2079; x_wconf 89' lang='lat' dir='ltr'>enim</span> <span class='ocrx_word' id='word_1_175' title='bbox 577 2031 626 2079; x_wconf 91' lang='lat' dir='ltr'>in</span> <span class='ocrx_word' id='word_1_176' title='bbox 645 2031 870 2097; x_wconf 32' lang='lat' dir='ltr'>Leonclavi</span> <span class='ocrx_word' id='word_1_177' title='bbox 898 2032 1064 2080; x_wconf 90' lang='lat' dir='ltr'>RRmi.</span> <span class='ocrx_word' id='word_1_178' title='bbox 1097 2034 1197 2080; x_wconf 90' lang='lat' dir='ltr'>DD.</span> <span class='ocrx_word' id='word_1_179' title='bbox 1229 2031 1498 2081; x_wconf 88' lang='lat' dir='ltr'>cardinales</span> <span class='ocrx_word' id='word_1_180' title='bbox 1533 2050 1634 2082; x_wconf 84' lang='lat' dir='ltr'>xxv</span> <span class='ocrx_word' id='word_1_181' title='bbox 1660 2049 1868 2097; x_wconf 87' lang='lat' dir='ltr'>quorum</span> 
     </span>
     <span class='ocr_line' id='line_1_22' title="bbox 11 2113 1866 2179; baseline 0.002 -16"><span class='ocrx_word' id='word_1_182' title='bbox 11 2113 14 2117; x_wconf 81' lang='grc'>’</span> <span class='ocrx_word' id='word_1_183' title='bbox 73 2113 275 2178; x_wconf 84' lang='lat' dir='ltr'>quilibet</span> <span class='ocrx_word' id='word_1_184' title='bbox 293 2115 416 2164; x_wconf 83' lang='lat' dir='ltr'>duos</span> <span class='ocrx_word' id='word_1_185' title='bbox 443 2116 701 2165; x_wconf 88' lang='lat' dir='ltr'>servitores</span> <span class='ocrx_word' id='word_1_186' title='bbox 727 2117 953 2175; x_wconf 80' lang='lat' dir='ltr'>habebat,</span> <span class='ocrx_word' id='word_1_187' title='bbox 985 2115 1199 2179; x_wconf 86' lang='lat' dir='ltr'>exceptis</span> <span class='ocrx_word' id='word_1_188' title='bbox 1226 2115 1575 2165; x_wconf 90' lang='lat' dir='ltr'>Mediolanensi</span> <span class='ocrx_word' id='word_1_189' title='bbox 1602 2121 1650 2166; x_wconf 86' lang='lat' dir='ltr'>et</span> <span class='ocrx_word' id='word_1_190' title='bbox 1677 2120 1866 2167; x_wconf 89' lang='lat' dir='ltr'>Gerun-</span> 
     </span>
     <span class='ocr_line' id='line_1_23' title="bbox 73 2198 1865 2263; baseline 0.002 -16"><span class='ocrx_word' id='word_1_191' title='bbox 73 2198 210 2247; x_wconf 90' lang='lat' dir='ltr'>densi</span> <span class='ocrx_word' id='word_1_192' title='bbox 243 2199 565 2248; x_wconf 88' lang='lat' dir='ltr'>cardinalibus</span> <span class='ocrx_word' id='word_1_193' title='bbox 598 2200 820 2259; x_wconf 88' lang='lat' dir='ltr'>infirmis,</span> <span class='ocrx_word' id='word_1_194' title='bbox 864 2217 1068 2263; x_wconf 90' lang='lat' dir='ltr'>quorum</span> <span class='ocrx_word' id='word_1_195' title='bbox 1101 2200 1303 2263; x_wconf 87' lang='lat' dir='ltr'>quisque</span> <span class='ocrx_word' id='word_1_196' title='bbox 1338 2205 1435 2249; x_wconf 89' lang='lat' dir='ltr'>tres</span> <span class='ocrx_word' id='word_1_197' title='bbox 1468 2203 1694 2251; x_wconf 89' lang='lat' dir='ltr'>habebat.</span> <span class='ocrx_word' id='word_1_198' title='bbox 1734 2204 1865 2252; x_wconf 89' lang='lat' dir='ltr'>Ultra</span> 
     </span>
     <span class='ocr_line' id='line_1_24' title="bbox 3 2282 1861 2347; baseline 0.004 -18"><span class='ocrx_word' id='word_1_199' title='bbox 3 2293 7 2297; x_wconf 84' lang='lat'>·</span> <span class='ocrx_word' id='word_1_200' title='bbox 72 2297 195 2347; x_wconf 88' lang='lat' dir='ltr'>quos</span> <span class='ocrx_word' id='word_1_201' title='bbox 234 2282 552 2332; x_wconf 87' lang='lat' dir='ltr'>interfuerant</span> <span class='ocrx_word' id='word_1_202' title='bbox 590 2284 738 2332; x_wconf 86' lang='lat' dir='ltr'>abbas</span> <span class='ocrx_word' id='word_1_203' title='bbox 786 2284 938 2332; x_wconf 90' lang='lat' dir='ltr'>sancti</span> <span class='ocrx_word' id='word_1_204' title='bbox 995 2284 1290 2343; x_wconf 79' lang='lat' dir='ltr'>Sebastiam,</span> <span class='ocrx_word' id='word_1_205' title='bbox 1339 2286 1562 2347; x_wconf 88' lang='lat' dir='ltr'>sacrista,</span> <span class='ocrx_word' id='word_1_206' title='bbox 1613 2303 1726 2335; x_wconf 91' lang='lat' dir='ltr'>cum</span> <span class='ocrx_word' id='word_1_207' title='bbox 1765 2304 1861 2336; x_wconf 89' lang='lat' dir='ltr'>uno</span> 
     </span>
     <span class='ocr_line' id='line_1_25' title="bbox 70 2365 1860 2434; baseline 0.003 -20"><span class='ocrx_word' id='word_1_208' title='bbox 70 2365 267 2427; x_wconf 86' lang='lat' dir='ltr'>famu10,</span> <span class='ocrx_word' id='word_1_209' title='bbox 297 2367 428 2431; x_wconf 89' lang='lat' dir='ltr'>quod</span> <span class='ocrx_word' id='word_1_210' title='bbox 460 2371 623 2416; x_wconf 88' lang='lat' dir='ltr'>tamen</span> <span class='ocrx_word' id='word_1_211' title='bbox 655 2368 744 2416; x_wconf 88' lang='lat' dir='ltr'>fuit</span> <span class='ocrx_word' id='word_1_212' title='bbox 784 2373 948 2433; x_wconf 88' lang='lat' dir='ltr'>preter</span> <span class='ocrx_word' id='word_1_213' title='bbox 981 2369 1193 2424; x_wconf 82' lang='lat' dir='ltr'>solitum,</span> <span class='ocrx_word' id='word_1_214' title='bbox 1232 2374 1280 2417; x_wconf 84' lang='lat' dir='ltr'>et</span> <span class='ocrx_word' id='word_1_215' title='bbox 1312 2369 1527 2418; x_wconf 89' lang='lat' dir='ltr'>debitum</span> <span class='ocrx_word' id='word_1_216' title='bbox 1554 2388 1562 2417; x_wconf 92' lang='lat'><strong>:</strong></span> <span class='ocrx_word' id='word_1_217' title='bbox 1589 2371 1700 2434; x_wconf 90' lang='lat' dir='ltr'>quia</span> <span class='ocrx_word' id='word_1_218' title='bbox 1732 2372 1860 2420; x_wconf 82' lang='lat' dir='ltr'>solus</span> 
     </span>
     <span class='ocr_line' id='line_1_26' title="bbox 67 2449 1857 2519; baseline 0.002 -20"><span class='ocrx_word' id='word_1_219' title='bbox 67 2449 275 2500; x_wconf 87' lang='lat' dir='ltr'>debebat</span> <span class='ocrx_word' id='word_1_220' title='bbox 310 2451 572 2519; x_wconf 85' lang='lat' dir='ltr'>interesse;</span> <span class='ocrx_word' id='word_1_221' title='bbox 615 2453 804 2517; x_wconf 85' lang='lat' dir='ltr'>accepit</span> <span class='ocrx_word' id='word_1_222' title='bbox 841 2457 1002 2502; x_wconf 91' lang='lat' dir='ltr'>autem</span> <span class='ocrx_word' id='word_1_223' title='bbox 1040 2453 1192 2514; x_wconf 89' lang='lat' dir='ltr'>illum,</span> <span class='ocrx_word' id='word_1_224' title='bbox 1243 2458 1294 2502; x_wconf 90' lang='lat' dir='ltr'>ut</span> <span class='ocrx_word' id='word_1_225' title='bbox 1339 2454 1428 2502; x_wconf 90' lang='lat' dir='ltr'>sibi</span> <span class='ocrx_word' id='word_1_226' title='bbox 1468 2454 1642 2503; x_wconf 88' lang='lat' dir='ltr'>flascos</span> <span class='ocrx_word' id='word_1_227' title='bbox 1682 2459 1730 2503; x_wconf 92' lang='lat' dir='ltr'>et</span> <span class='ocrx_word' id='word_1_228' title='bbox 1769 2456 1857 2504; x_wconf 89' lang='lat' dir='ltr'>alia</span> 
     </span>
     <span class='ocr_line' id='line_1_27' title="bbox 66 2534 1856 2603; baseline 0.003 -21"><span class='ocrx_word' id='word_1_229' title='bbox 66 2534 318 2600; x_wconf 86' lang='lat' dir='ltr'>colligeret</span> <span class='ocrx_word' id='word_1_230' title='bbox 349 2552 444 2600; x_wconf 88' lang='lat' dir='ltr'>que</span> <span class='ocrx_word' id='word_1_231' title='bbox 488 2537 547 2585; x_wconf 90' lang='lat' dir='ltr'>de</span> <span class='ocrx_word' id='word_1_232' title='bbox 581 2537 849 2586; x_wconf 87' lang='lat' dir='ltr'>munitione</span> <span class='ocrx_word' id='word_1_233' title='bbox 878 2537 1194 2586; x_wconf 85' lang='lat' dir='ltr'>cardinalium</span> <span class='ocrx_word' id='word_1_234' title='bbox 1226 2543 1526 2603; x_wconf 88' lang='lat' dir='ltr'>superesset;</span> <span class='ocrx_word' id='word_1_235' title='bbox 1565 2543 1611 2588; x_wconf 89' lang='lat' dir='ltr'>et</span> <span class='ocrx_word' id='word_1_236' title='bbox 1648 2540 1740 2587; x_wconf 93' lang='lat' dir='ltr'>duo</span> <span class='ocrx_word' id='word_1_237' title='bbox 1768 2556 1856 2588; x_wconf 87' lang='lat' dir='ltr'>nos</span> 
     </span>
     <span class='ocr_line' id='line_1_28' title="bbox 65 2617 1854 2686; baseline 0.003 -20"><span class='ocrx_word' id='word_1_238' title='bbox 65 2617 230 2667; x_wconf 89' lang='lat' dir='ltr'>clerici</span> <span class='ocrx_word' id='word_1_239' title='bbox 263 2620 653 2670; x_wconf 90' lang='lat' dir='ltr'>ceremoniarum</span> <span class='ocrx_word' id='word_1_240' title='bbox 687 2625 734 2670; x_wconf 90' lang='lat' dir='ltr'>et</span> <span class='ocrx_word' id='word_1_241' title='bbox 767 2622 862 2670; x_wconf 93' lang='lat' dir='ltr'>duo</span> <span class='ocrx_word' id='word_1_242' title='bbox 885 2621 1080 2681; x_wconf 90' lang='lat' dir='ltr'>medici,</span> <span class='ocrx_word' id='word_1_243' title='bbox 1105 2638 1311 2686; x_wconf 91' lang='lat' dir='ltr'>quorum</span> <span class='ocrx_word' id='word_1_244' title='bbox 1340 2623 1558 2671; x_wconf 90' lang='lat' dir='ltr'>omnium</span> <span class='ocrx_word' id='word_1_245' title='bbox 1584 2623 1780 2671; x_wconf 88' lang='lat' dir='ltr'>nomina</span> <span class='ocrx_word' id='word_1_246' title='bbox 1807 2628 1854 2672; x_wconf 86' lang='lat' dir='ltr'>et</span> 
     </span>
     <span class='ocr_line' id='line_1_29' title="bbox 62 2705 854 2770; baseline 0.003 -18"><span class='ocrx_word' id='word_1_247' title='bbox 62 2705 354 2770; x_wconf 85' lang='lat' dir='ltr'>cognomina</span> <span class='ocrx_word' id='word_1_248' title='bbox 373 2705 573 2755; x_wconf 85' lang='lat' dir='ltr'>inferius</span> <span class='ocrx_word' id='word_1_249' title='bbox 594 2708 854 2756; x_wconf 81' lang='lat' dir='ltr'>annotabO.</span> 
     </span>
    </p>

    <p class='ocr_par' dir='ltr' id='par_1_3' title="bbox 61 2790 1851 2942">
     <span class='ocr_line' id='line_1_30' title="bbox 126 2790 1851 2851; baseline 0.003 -15"><span class='ocrx_word' id='word_1_250' title='bbox 126 2790 334 2838; x_wconf 84' lang='lat' dir='ltr'>Joannes</span> <span class='ocrx_word' id='word_1_251' title='bbox 357 2790 532 2839; x_wconf 93' lang='lat' dir='ltr'>Paulus</span> <span class='ocrx_word' id='word_1_252' title='bbox 553 2792 612 2840; x_wconf 90' lang='lat' dir='ltr'>de</span> <span class='ocrx_word' id='word_1_253' title='bbox 642 2792 822 2851; x_wconf 88' lang='lat' dir='ltr'>Bossis,</span> <span class='ocrx_word' id='word_1_254' title='bbox 856 2793 1004 2841; x_wconf 89' lang='lat' dir='ltr'>abbas</span> <span class='ocrx_word' id='word_1_255' title='bbox 1038 2791 1317 2841; x_wconf 89' lang='lat' dir='ltr'>monasterii</span> <span class='ocrx_word' id='word_1_256' title='bbox 1347 2809 1386 2840; x_wconf 89' lang='lat' dir='ltr'>s.</span> <span class='ocrx_word' id='word_1_257' title='bbox 1419 2790 1687 2840; x_wconf 88' lang='lat' dir='ltr'>Sebastiani</span> <span class='ocrx_word' id='word_1_258' title='bbox 1717 2794 1851 2842; x_wconf 76' lang='lat' dir='ltr'>extra</span> 
     </span>
     <span class='ocr_line' id='line_1_31' title="bbox 61 2873 1240 2942; baseline 0.004 -23"><span class='ocrx_word' id='word_1_259' title='bbox 61 2887 224 2920; x_wconf 90' lang='lat' dir='ltr'>muros</span> <span class='ocrx_word' id='word_1_260' title='bbox 245 2873 404 2933; x_wconf 85' lang='lat' dir='ltr'>Urbis,</span> <span class='ocrx_word' id='word_1_261' title='bbox 430 2875 631 2924; x_wconf 90' lang='lat' dir='ltr'>sacrista</span> <span class='ocrx_word' id='word_1_262' title='bbox 652 2876 835 2940; x_wconf 89' lang='lat' dir='ltr'>capelle</span> <span class='ocrx_word' id='word_1_263' title='bbox 859 2878 906 2925; x_wconf 91' lang='lat' dir='ltr'>S.</span> <span class='ocrx_word' id='word_1_264' title='bbox 934 2880 990 2925; x_wconf 92' lang='lat' dir='ltr'>D.</span> <span class='ocrx_word' id='word_1_265' title='bbox 1017 2879 1072 2926; x_wconf 92' lang='lat' dir='ltr'>N.</span> <span class='ocrx_word' id='word_1_266' title='bbox 1098 2892 1240 2942; x_wconf 88' lang='lat' dir='ltr'>pape.</span> 
     </span>
    </p>

    <p class='ocr_par' dir='ltr' id='par_1_4' title="bbox 57 2957 1845 3109">
     <span class='ocr_line' id='line_1_32' title="bbox 123 2957 1845 3024; baseline 0.001 -20"><span class='ocrx_word' id='word_1_267' title='bbox 123 2957 224 3021; x_wconf 87' lang='lat' dir='ltr'>Ego</span> <span class='ocrx_word' id='word_1_268' title='bbox 257 2957 502 3006; x_wconf 90' lang='lat' dir='ltr'>Johannes</span> <span class='ocrx_word' id='word_1_269' title='bbox 524 2960 831 3008; x_wconf 90' lang='lat' dir='ltr'>Burchardus</span> <span class='ocrx_word' id='word_1_270' title='bbox 861 2962 1229 3024; x_wconf 81' lang='lat' dir='ltr'>Argentinensis</span> <span class='ocrx_word' id='word_1_271' title='bbox 1257 2965 1304 3009; x_wconf 88' lang='lat' dir='ltr'>et</span> <span class='ocrx_word' id='word_1_272' title='bbox 1330 2961 1576 3009; x_wconf 87' lang='lat' dir='ltr'>Johannes</span> <span class='ocrx_word' id='word_1_273' title='bbox 1609 2959 1758 3007; x_wconf 89' lang='lat' dir='ltr'>Maria</span> <span class='ocrx_word' id='word_1_274' title='bbox 1787 2959 1845 3006; x_wconf 87' lang='lat' dir='ltr'>de</span> 
     </span>
     <span class='ocr_line' id='line_1_33' title="bbox 57 3039 1343 3109; baseline 0.003 -21"><span class='ocrx_word' id='word_1_275' title='bbox 57 3039 207 3088; x_wconf 90' lang='lat' dir='ltr'>Podio</span> <span class='ocrx_word' id='word_1_276' title='bbox 229 3040 393 3089; x_wconf 87' lang='lat' dir='ltr'>clerici</span> <span class='ocrx_word' id='word_1_277' title='bbox 414 3043 802 3091; x_wconf 88' lang='lat' dir='ltr'>ceremoniarum</span> <span class='ocrx_word' id='word_1_278' title='bbox 824 3044 1007 3108; x_wconf 88' lang='lat' dir='ltr'>capelle</span> <span class='ocrx_word' id='word_1_279' title='bbox 1029 3044 1263 3109; x_wconf 87' lang='lat' dir='ltr'>predicte.</span> <span class='ocrx_word' id='word_1_280' title='bbox 1339 3063 1343 3065; x_wconf 94' lang='lat'>·</span> 
     </span>
    </p>

    <p class='ocr_par' dir='ltr' id='par_1_5' title="bbox 55 3123 1838 3276">
     <span class='ocr_line' id='line_1_34' title="bbox 122 3123 1838 3189; baseline 0.002 -19"><span class='ocrx_word' id='word_1_281' title='bbox 122 3123 242 3170; x_wconf 90' lang='lat' dir='ltr'>Cum</span> <span class='ocrx_word' id='word_1_282' title='bbox 262 3126 400 3172; x_wconf 91' lang='lat' dir='ltr'>Rmo.</span> <span class='ocrx_word' id='word_1_283' title='bbox 427 3128 484 3174; x_wconf 91' lang='lat' dir='ltr'>D.</span> <span class='ocrx_word' id='word_1_284' title='bbox 510 3127 751 3176; x_wconf 87' lang='lat' dir='ltr'>cardinale</span> <span class='ocrx_word' id='word_1_285' title='bbox 773 3128 1186 3189; x_wconf 87' lang='lat' dir='ltr'>vicecancellario,</span> <span class='ocrx_word' id='word_1_286' title='bbox 1213 3131 1313 3177; x_wconf 91' lang='lat' dir='ltr'>DD.</span> <span class='ocrx_word' id='word_1_287' title='bbox 1341 3129 1550 3176; x_wconf 90' lang='lat' dir='ltr'>Jacobus</span> <span class='ocrx_word' id='word_1_288' title='bbox 1581 3130 1838 3187; x_wconf 88' lang='lat' dir='ltr'>Casanova,</span> 
     </span>
     <span class='ocr_line' id='line_1_35' title="bbox 55 3205 1386 3276; baseline 0.008 -25"><span class='ocrx_word' id='word_1_289' title='bbox 55 3207 102 3252; x_wconf 89' lang='lat' dir='ltr'>et</span> <span class='ocrx_word' id='word_1_290' title='bbox 123 3205 366 3255; x_wconf 86' lang='lat' dir='ltr'>Johannes</span> <span class='ocrx_word' id='word_1_291' title='bbox 388 3210 545 3273; x_wconf 88' lang='lat' dir='ltr'>Lopez</span> <span class='ocrx_word' id='word_1_292' title='bbox 566 3211 924 3260; x_wconf 88' lang='lat' dir='ltr'>abbreviatores</span> <span class='ocrx_word' id='word_1_293' title='bbox 945 3213 1004 3260; x_wconf 85' lang='lat' dir='ltr'>de</span> <span class='ocrx_word' id='word_1_294' title='bbox 1026 3228 1172 3276; x_wconf 89' lang='lat' dir='ltr'>parco</span> <span class='ocrx_word' id='word_1_295' title='bbox 1195 3213 1386 3261; x_wconf 87' lang='lat' dir='ltr'>minori.</span> 
     </span>
    </p>

    <p class='ocr_par' dir='ltr' id='par_1_6' title="bbox 51 3290 1838 3528">
     <span class='ocr_line' id='line_1_36' title="bbox 119 3290 1838 3361; baseline 0.005 -26"><span class='ocrx_word' id='word_1_296' title='bbox 119 3290 236 3336; x_wconf 90' lang='lat' dir='ltr'>Cum</span> <span class='ocrx_word' id='word_1_297' title='bbox 268 3292 405 3339; x_wconf 89' lang='lat' dir='ltr'>Rmo.</span> <span class='ocrx_word' id='word_1_298' title='bbox 432 3294 488 3340; x_wconf 88' lang='lat' dir='ltr'>D.</span> <span class='ocrx_word' id='word_1_299' title='bbox 524 3294 764 3343; x_wconf 82' lang='lat' dir='ltr'>cardinale</span> <span class='ocrx_word' id='word_1_300' title='bbox 796 3296 1129 3361; x_wconf 84' lang='lat' dir='ltr'>Neapolitano,</span> <span class='ocrx_word' id='word_1_301' title='bbox 1163 3300 1263 3344; x_wconf 90' lang='lat' dir='ltr'>DD.</span> <span class='ocrx_word' id='word_1_302' title='bbox 1300 3295 1679 3344; x_wconf 84' lang='lat' dir='ltr'>Colathomasius</span> <span class='ocrx_word' id='word_1_303' title='bbox 1708 3298 1838 3344; x_wconf 94' lang='lat' dir='ltr'>Ron-</span> 
     </span>
     <span class='ocr_line' id='line_1_37' title="bbox 51 3371 1836 3443; baseline 0.004 -24"><span class='ocrx_word' id='word_1_304' title='bbox 51 3371 234 3420; x_wconf 84' lang='lat' dir='ltr'>chellus</span> <span class='ocrx_word' id='word_1_305' title='bbox 258 3374 384 3421; x_wconf 86' lang='lat' dir='ltr'>sedis</span> <span class='ocrx_word' id='word_1_306' title='bbox 406 3378 670 3439; x_wconf 87' lang='lat' dir='ltr'>apostolice</span> <span class='ocrx_word' id='word_1_307' title='bbox 691 3381 1068 3443; x_wconf 84' lang='lat' dir='ltr'>protonotarius,</span> <span class='ocrx_word' id='word_1_308' title='bbox 1093 3385 1140 3429; x_wconf 86' lang='lat' dir='ltr'>et</span> <span class='ocrx_word' id='word_1_309' title='bbox 1172 3381 1413 3428; x_wconf 79' lang='lat' dir='ltr'>Mattheus</span> <span class='ocrx_word' id='word_1_310' title='bbox 1445 3382 1647 3427; x_wconf 85' lang='lat' dir='ltr'>Mannus</span> <span class='ocrx_word' id='word_1_311' title='bbox 1673 3379 1836 3427; x_wconf 86' lang='lat' dir='ltr'>litera-</span> 
     </span>
     <span class='ocr_line' id='line_1_38' title="bbox 51 3458 794 3528; baseline 0.012 -25"><span class='ocrx_word' id='word_1_312' title='bbox 51 3472 154 3504; x_wconf 90' lang='lat' dir='ltr'>rum</span> <span class='ocrx_word' id='word_1_313' title='bbox 175 3458 549 3523; x_wconf 86' lang='lat' dir='ltr'>apostolicarum</span> <span class='ocrx_word' id='word_1_314' title='bbox 572 3464 794 3528; x_wconf 87' lang='lat' dir='ltr'>scriptor.</span> 
     </span>
    </p>
   </div>
  </div>
 </body>
</html>
