2262 3958
342 325 411 360 360
960 321 1192 357 JOHANNIS
1226 320 1520 365 BURCHARDI,
1906 323 1999 364 [Juin
2018 323 2109 365 1489]

345 425 478 473 altari
517 424 705 488 publice
732 423 922 471 affixam
958 422 1006 470 in
1043 438 1137 485 qua
1171 428 1216 470 et
1253 422 1311 469 de
1352 422 1499 471 missa
1531 424 1738 473 crastina
1761 424 1938 473 ibidem
1975 424 2105 473 cele-

343 509 524 556 branda
555 507 642 555 sibi
674 506 866 554 licentia
895 505 1112 553 dabatur.
1146 505 1414 568 Registrata
1444 510 1517 554 est
1541 506 1669 555 dicta
1703 506 1832 555 bulla
1864 507 1913 554 111
1946 506 2106 570 primo

344 590 587 638 meolibro
609 588 990 636 ceremoniarum
1012 605 1157 637 11161111
1179 605 1288 638 11166
1316 589 1514 653 scripto,
1546 590 1629 638 fol.
1661 594 1767 650 148,
1793 591 2110 640 cardinalibus

344 672 643 736 presentibus
670 690 678 719 :
701 672 862 720 omnia
884 672 1132 721 observata
1147 678 1256 721 sunt
1277 673 1324 721 in
1346 672 1424 720 his
1439 673 1651 737 vesperis
1670 678 1811 737 prout
1831 674 1880 722 in
1895 689 2113 724 ceremo-

346 755 456 803 niali
480 755 742 803 ordinatur.

411 838 547 887 Feria
584 839 811 898 secunda,
856 842 914 886 29
955 840 1094 903 Junii,
1139 840 1315 888 festum
1349 839 1679 903 apostolorum
1719 839 1847 887 Petri
1877 843 1924 888 et
1957 841 2108 902 Pauli,

346 920 630 983 magnificus
652 921 873 970 Nicolaus
897 922 1111 977 Ursinus,
1141 922 1343 970 Pitiliani
1365 937 1547 980 comes,
1574 921 1622 968 in
1648 937 1789 970 mane
1811 927 1919 986 post
1940 920 2111 973 horam

347 1020 542 1061 nonam,
574 1020 682 1052 611111
716 1008 855 1067 gente
890 1021 974 1052 sua
1002 1005 1103 1052 sine
1129 1005 1290 1065 armis,
1326 1006 1452 1053 venit
1477 1005 1536 1053 ad
1559 1004 1804 1068 palatium,
1836 1005 2010 1056 deinde
2043 1006 2111 1056 sic

348 1088 523 1137 reversi
559 1091 668 1136 sunt
715 1088 775 1136 ad
815 1088 1025 1151 hospitia
1067 1104 1168 1147 sua,
1209 1089 1289 1137 ubi
1319 1105 1370 1138 se
1403 1095 1664 1150 armarunt,
1705 1090 1910 1154 demptis
1949 1094 2111 1138 tamen

348 1171 604 1230 nobilibus,
632 1171 843 1233 quicum
864 1171 1039 1219 comite
1067 1176 1347 1220 manserunt
1374 1172 1600 1233 inermeS,
1630 1189 1716 1222 suo
1738 1175 1954 1237 tempore
1982 1187 2114 1221 arma

349 1253 618 1316 accepturi:
644 1253 816 1301 deinde
833 1255 916 1302 SS.
943 1257 999 1301 D.
1021 1257 1077 1302 N.
1098 1259 1292 1318 paratus
1313 1270 1447 1303 more
1465 1256 1622 1316 501110,
1646 1255 1773 1304 venit
1788 1256 1848 1304 ad
1868 1255 2114 1304 basilicam

348 1335 574 1400 principis
597 1335 940 1399 apostolorum,
965 1336 1140 1384 comite
1159 1336 1353 1385 Nicolao
1372 1338 1587 1401 predicto
1610 1337 1824 1385 fimbrias
1843 1353 1902 1385 ex
1921 1351 2114 1386 camera

348 1418 584 1482 papagalli
623 1418 683 1466 ad
717 1419 907 1467 tertiam
940 1419 1114 1478 aulam,
1157 1421 1237 1467 ubi
1277 1424 1406 1484 Papa
1454 1421 1619 1469 sedem
1656 1420 1890 1479 ascendit,
1929 1420 1976 1467 in
2019 1436 2114 1484 qua

348 1506 563 1565 portatus
603 1507 690 1561 est,
742 1502 1005 1550 deferente.
1056 1505 1221 1551 Rmus.
1270 1506 1326 1551 D.
1377 1503 1632 1551 cardinalis
1676 1503 1828 1554 sancti
1873 1502 1995 1551 Petri
2029 1502 2110 1552 -ad

349 1585 550 1635 Vincula
581 1585 836 1633 celebravit
868 1585 1065 1633 missam
1102 1586 1367 1635 solemnem
1395 1587 1444 1635 in
1476 1587 1769 1651 paramentis
1795 1586 1954 1635 rubeis
1979 1587 2114 1636 more

352 1668 506 1716 solito.
529 1667 683 1716 Finita
703 1668 967 1717 elevatione
991 1670 1294 1730 sacramenti,
1318 1675 1572 1734 postquam
1594 1673 1652 1720 D.
1676 1674 1841 1718 noster
1861 1669 1923 1718 ad
1943 1669 2113 1719 solium

350 1751 506 1810 rediit,
536 1766 698 1798 comes
722 1751 963 1814 predictus
986 1766 1094 1799 cum
1116 1751 1354 1799 nobilibus
1379 1753 1476 1800 suis
1504 1754 1582 1816 qui
1608 1770 1772 1803 secum
1794 1759 1947 1813 erant,
1974 1754 2116 1803 exivit

352 1835 584 1897 capellam
620 1838 667 1881 et
693 1834 774 1881 ivit
797 1833 858 1882 ad
884 1849 1100 1882 cameras
1135 1834 1443 1883 habitationis
1477 1838 1533 1883 R.
1570 1838 1625 1884 D.
1665 1836 1786 1885 Celsi
1818 1837 1876 1885 116
1906 1836 2113 1885 Μ61111115

352 1916 563 1981 episcopi
599 1916 861 1976 Feretrani,
902 1916 982 1964 ubi
1018 1932 1150 1964 arma
1187 1917 1371 1980 accepit
1406 1922 1663 1976 consueta,
1698 1919 1871 1982 quibus
1900 1919 2110 1980 indutus,

351 1999 491 2047 rediit
512 1999 571 2047 ad
593 1998 824 2062 capellam
854 2003 1015 2047 tamen
1044 1999 1157 2047 satis
1187 1999 1338 2059 tarde,
1372 2001 1483 2063 quia
1518 2001 1598 2049 diu
1620 2006 1779 2060 antea,
1814 2002 1962 2050 missa
1979 1994 2121 2051 finita

353 2084 471 2139 erat,
490 2080 538 2127 in
557 2080 691 2143 cujus
708 2080 803 2127 fine
824 2083 990 2128 Rmus.
1016 2084 1072 2129 D.
1096 2082 1349 2130 cardinalis
1370 2083 1521 2131 sancti
1541 2083 1667 2132 Petri
1684 2085 1744 2132 ad
1765 2083 1969 2135 Vincula
1985 2084 2115 2132 cele—

352 2163 493 2211 brans
515 2163 840 2226 pronuntiavit
868 2164 1045 2227 populo
1067 2164 1304 2227 plenarias
1330 2165 1649 2229 indulgentias
1675 2183 1763 2231 per
1785 2170 1964 2231 Papam
1994 2181 2123 2216 con--¹

353 2262 530 2294 cessas,

418 2332 530 2377 Post
559 2330 763 2377 reditum
799 2331 986 2378 comitis
1024 2331 1084 2379 ad
1117 2333 1368 2396 capellam,
1413 2337 1467 2381 D.
1510 2335 1752 2382 Johannes
1783 2336 1974 2383 Gerona
2004 2349 2127 2382 cum

352 2412 520 2459 vexillo
542 2428 785 2460 armorum
809 2416 954 2476 Pape,
978 2418 1025 2462 et
1046 2417 1102 2461 D.
1136 2415 1366 2474 Sinulfus,
1389 2431 1579 2464 camere
1609 2416 1868 2479 apostolice
1887 2416 2109 2475 clericus,

354 2511 461 2544 cum
492 2495 662 2543 vexillo
702 2511 947 2543 armorum
980 2497 1191 2544 Ecclesie
1227 2513 1368 2560 super
1399 2498 1611 2557 brachia,
1654 2513 1763 2545 cum
1799 2497 2112 2547 baculoalbo

354 2578 401 2625 in
422 2582 742 2626 transversum
784 2579 990 2641 desuper
1035 2579 1189 2642 posito
1220 2579 1337 2642 ‚quia
1377 2580 1443 2628 ita
1483 2580 1662 2643 placuit
1711 2583 1768 2627 D.
1815 2580 2111 2628 Bernardino

355 2660 645 2711 cubiculario
681 2666 866 2708 secreto
898 2660 1050 2725 (cujus
1083 2676 1246 2710 amore
1276 2662 1324 2709 id
1359 2662 1463 2711 fieri
1494 2663 1705 2726 permisi,
1730 2662 1846 2710 alias
1875 2679 1974 2710 non
2001 2678 2115 2711 con-

355 2743 572 2792 veniebat
611 2758 669 2791 60
706 2743 849 2790 modo
882 2748 1071 2806 portare
1111 2744 1334 2793 baculum
1371 2761 1479 2793 cum
1514 2760 1611 2792 non
1648 2744 1707 2792 sit
1739 2743 2123 2808 benedicendus)

356 2827 678 2875 ascenderunt
698 2828 758 2874 ad
777 2826 1070 2889 pontificem,
1101 2827 1180 2889 qui
1206 2827 1287 2875 illa
1309 2827 1553 2875 benedixit
1579 2829 1719 2890 prout
1749 2826 1798 2874 in
1824 2825 2112 2889 pontificali;

356 2910 528 2958 deinde
573 2910 798 2973 imposuit
836 2909 1103 2969 incensum,
1154 2910 1454 2958 ministrante
1503 2912 1641 2957 Rmo.
1686 2912 1742 2957 D.
1795 2908 2118 2957 cardinales.

356 2993 542 3057 Angeli,
575 2993 777 3057 aspersit
802 2997 847 3041 et
874 2993 1136 3042 incensavit
1160 3008 1294 3041 more
1322 2993 1491 3050 solito;
1526 2992 1718 3051 deinde,
1748 2991 1923 3041 comite
1954 3007 2117 3040 coram

358 3093 408 3125 se
430 3077 800 3140 genuflectente,
831 3076 911 3124 illa
937 3076 1203 3125 successive
1233 3076 1320 3124 sibi
1343 3075 1549 3134 tradidit,
1580 3075 1734 3138 primo
1765 3090 1919 3134 suum,
1950 3078 2120 3138 postea

358 3160 566 3208 Ecclesie
588 3159 757 3207 vexilla
777 3160 862 3206 sub
884 3160 1037 3207 verbis
1057 3160 1105 3207 in
1126 3159 1386 3223 pontificali
1402 3157 1656 3215 annotatiS,
1683 3157 1873 3205 tandem
1895 3157 2117 3204 baculum

357 3243 514 3290 album
543 3243 888 3306 supradictum,
918 3242 997 3305 qui
1032 3241 1342 3306 longitudinis
1376 3244 1477 3288 erat
1515 3240 1784 3303 palmorum
1813 3245 2016 3303 quatuor
2043 3239 2115 3288 vel

357 3324 479 3371 circa
501 3340 509 3381 ;
535 3324 581 3370 in
601 3326 735 3387 cujus
766 3324 1015 3372 traditione
1051 3327 1193 3387 Papa,
1222 3323 1323 3370 sine
1347 3322 1487 3381 librO,
1514 3322 1812 3385 hujusmodi,
1846 3322 1915 3370 vel
1943 3321 2116 3369 similia

358 3406 499 3453 verba
537 3408 730 3468 protulit
764 3426 772 3454 :
799 3408 974 3469 Accipe
1012 3406 1227 3453 baculum
1264 3404 1567 3462 auctoritatis,
1591 3405 1835 3466 potestatis
1867 3411 1914 3450 et
1935 3417 2113 3450 correc-
