2262 3958
232 265 338 307 [um-s
364 263 451 305 1492]
671 261 839 298 RERUM
874 261 1179 300 URBANARUM
1212 263 1562 302 COMMENTARII.
1942 269 2013 305 453

228 367 394 416 habitu
415 365 699 415 cardinalari
717 364 906 413 intravit
933 364 1224 414 Florentiam
1261 369 1307 413 et
1331 370 1443 413 aute
1468 366 1725 416 ecclesiam
1748 374 2011 418 conventus

227 449 530 499 Annunciate-
568 465 593 497 e
627 448 759 497 mula
777 448 1080 496 descendens
1113 448 1302 497 intravit
1325 449 1547 498 eamdem
1577 451 1835 499 ecclesiam
1870 452 2009 501 beate

225 533 374 583 Marie
392 533 604 597 virginiS,
626 547 713 596 pro
742 531 980 580 beneficio
1013 532 1190 595 gratias
1221 547 1389 595 agens.
1423 534 1641 579 Ascensa
1665 531 1839 580 deinde
1859 534 2006 592 mula,

227 616 458 681 equitavit
475 617 535 664 ad
552 615 781 680 palatium
803 614 1052 663 vexilliferi
1075 614 1260 678 justitie
1290 621 1336 662 et
1366 615 1584 678 priorum
1613 615 1775 678 populi
1812 617 2011 665 Floren-

229 699 332 758 tini,
356 699 437 748 ubi
456 699 759 748 descendens
775 701 823 746 et
840 697 901 745 ad
914 697 1020 744 illos
1043 697 1331 755 ascendens,
1353 697 1501 745 etiam
1524 697 1638 760 ipsis
1660 713 1748 761 pro
1771 698 2010 748 favoribus

227 782 406 847 gratias
424 782 609 840 retulit;
630 785 730 828 tum
753 780 814 828 ad
831 780 1027 827 domum
1047 780 1289 828 Laurentii
1310 779 1459 843 patris
1482 780 1554 827 sui
1579 782 1824 844 equitavit.

291 864 545 913 Dominica
562 863 799 928 sequenti,
826 866 876 909 11
901 862 1013 910 dicti
1027 863 1209 910 mensis
1224 862 1402 922 martii,
1426 863 1680 911 cardinalis
1693 872 2006 925 memoratuS,

224 947 488 996 associatus
509 963 538 996 a
557 945 892 1011 copiosissimo
918 961 1121 993 numero
1145 946 1319 994 civium
1335 945 1745 1005 Florentinorum,
1770 950 2010 997 mantellis

222 1031 435 1081 rosaceis
469 1035 518 1079 et
555 1031 724 1078 subtus
760 1029 944 1077 vestitis
980 1044 1040 1076 ex
1070 1029 1224 1077 serico
1261 1028 1456 1077 violatio
1505 1032 1763 1092 propterea
1795 1030 1853 1078 de
1887 1047 2009 1078 novo

220 1114 356 1164 factis
388 1114 684 1173 indutorum,
715 1114 842 1162 venit
874 1114 934 1161 ad
965 1112 1223 1161 ecclesiam
1257 1116 1420 1160 sancte
1457 1115 1696 1176 Reparate
1734 1116 2012 1179 metropoli-

219 1201 331 1246 tane
363 1197 659 1265 Florentiae,
694 1198 775 1246 ubi
815 1197 1031 1245 interfuit
1064 1197 1213 1246 misse
1250 1196 1455 1244 solemni
1499 1212 1587 1259 per
1625 1197 1911 1261 episcopum
1952 1203 2007 1247 R.

217 1280 267 1328 in
305 1281 496 1330 Christo
525 1281 674 1346 patris
716 1283 772 1329 D.
815 1281 1183 1346 Archiepiscopi
1230 1281 1494 1330 Florentini
1541 1281 1590 1328 in
1650 1282 2009 1346 pontificalibus

216 1363 446 1413 vicarium
468 1365 730 1425 celebrate,
756 1366 834 1413 cui
857 1366 1001 1414 etiam
1025 1365 1344 1414 interfuerunt
1370 1364 1729 1413 confalonerius
1751 1371 1799 1414 et
1822 1367 2007 1431 priores

218 1449 383 1515 populi
411 1448 696 1514 supradicti;
728 1465 823 1513 qua
845 1449 983 1498 finita
1010 1449 1266 1498 cardinalis
1297 1448 1498 1497 visitavit
1535 1449 1692 1512 primo
1717 1451 1868 1499 sancti
1888 1454 2008 1500 Lau-

219 1531 359 1580 rentii
405 1531 683 1592 ecclesiam,
728 1537 831 1580 tum
887 1532 948 1580 ad
1001 1532 1199 1580 domum
1255 1532 1459 1596 patriam
1512 1547 1732 1580 reversus
1785 1538 1875 1593 est,
1926 1535 2004 1583 ubi

218 1615 473 1679 prandium
493 1620 716 1679 paratum
739 1619 841 1664 erat
860 1632 947 1680 pro
970 1615 1319 1674 confaloneriO,
1354 1614 1593 1679 prioribus
1627 1617 1932 1680 supradictis,
1958 1624 2006 1666 et

218 1699 400 1754 civibus
421 1699 482 1748 de
503 1699 793 1763 regimento,
812 1715 1017 1747 numero
1037 1699 1387 1763 quinquaginta
1400 1698 1472 1747 vel
1492 1698 1638 1746 circa.

282 1782 491 1832 Prandio
513 1783 775 1847 completo,
795 1783 869 1830 vel
891 1782 1038 1831 etiam
1055 1783 1249 1831 interim
1267 1784 1486 1847 projecte
1508 1786 1703 1833 fuerunt
1725 1789 1860 1834 extra
1878 1790 2006 1834 stan-

214 1867 342 1916 tibus
359 1866 550 1931 populis
569 1866 902 1915 confectiones
918 1866 1190 1915 successive
1210 1867 1290 1914 illa
1307 1867 1384 1915 die
1399 1868 1520 1915 libre
1534 1868 1728 1917 circiter
1743 1872 1899 1917 10500
1918 1888 1931 1916 -:
1957 1876 2004 1918 et

213 1949 470 2000 cardinalis
491 1949 540 1998 in
562 1950 770 2014 quadam
791 1950 975 2014 gelosia
1003 1956 1153 2009 stanS,
1178 1949 1355 2014 dejecit
1378 1951 1523 1999 etiam
1546 1951 1832 2015 quibusdam
1856 1968 2004 2001 cano-

212 2032 333 2082 nicis
366 2032 464 2080 suis
497 2033 654 2081 bireta
692 2049 821 2081 nova
857 2048 1086 2082 rosaccea
1120 2037 1168 2081 et
1195 2032 1376 2096 aliquot
1413 2034 1584 2082 anulos
1616 2051 1790 2084 aureos
1827 2036 2001 2084 valoris

212 2115 419 2165 duorum
435 2115 510 2164 vel
531 2115 677 2164 trium
699 2116 983 2164 ducatorum
1005 2116 1203 2165 cuilibet
1225 2132 1284 2164 ex
1306 2117 1399 2175 eis3
1419 2118 1507 2165 fuit
1529 2118 1674 2166 etiam
1695 2123 1861 2182 parata
1881 2136 2001 2169 cena

211 2215 298 2265 pro
320 2200 694 2263 consanguineis
716 2199 970 2248 cardinalis
993 2199 1132 2247 die...

274 2283 610 2347 Feriaquinta,
637 2286 697 2331 22
729 2282 843 2331 dicti
877 2283 1059 2331 mensis
1092 2283 1271 2343 martii,
1308 2285 1582 2348 significato
1626 2285 1833 2333 adventu
1869 2288 1994 2334 Rmi.

208 2367 258 2416 in
279 2367 468 2416 Christo
491 2369 544 2415 P.
571 2370 628 2415 D.
655 2366 838 2415 domini
852 2367 1103 2425 JohanniS,
1126 2371 1291 2416 sancte
1308 2369 1456 2417 Marie
1475 2369 1523 2416 in
1543 2369 1789 2417 dominica
1808 2370 1998 2419 diaconi

208 2448 482 2510 cardinalis,
499 2448 558 2497 de
570 2448 768 2498 Medicis
784 2449 1043 2512 vulgariter
1059 2450 1320 2513 nuncupati
1334 2452 1418 2499 SS.
1440 2455 1497 2500 D.
1519 2458 1704 2513 nostro,
1726 2454 1785 2503 de
1800 2455 1995 2517 speciali

208 2532 552 2582 commissione
576 2532 850 2581 Sanctitatis
873 2548 958 2580 sue
980 2532 1192 2580 intimari
1209 2533 1302 2582 feci
1322 2534 1474 2582 illum.
1498 2536 1690 2585 RRmis.
1712 2540 1813 2586 DD.
1837 2539 1996 2586 cardi-

207 2617 396 2667 nalibus
424 2622 472 2666 et
500 2617 771 2666 oratoribus
800 2617 1072 2681 principum
1098 2633 1153 2666 ac
1183 2622 1522 2681 potentatuum
1554 2620 1602 2668 in
1631 2621 1755 2670 Urbe
1784 2622 1995 2671 existen-

209 2702 347 2763 tium,
372 2717 461 2766 per
473 2716 699 2749 cursores
718 2701 891 2764 quibus
909 2700 1020 2749 dedi
1039 2701 1236 2749 cedulas
1264 2703 1446 2750 tenoris
1469 2704 1811 2768 subsequentis
1837 2723 1846 2754 :

269 2806 292 2830 «
331 2787 400 2834 De
418 2785 646 2833 mandato
681 2785 765 2833 SS.
800 2786 856 2831 D.
888 2786 944 2832 N.
974 2800 1096 2848 pape
1130 2784 1384 2832 intimetur
1405 2786 1629 2833 omnibus
1659 2787 1854 2834 RRmis.
1890 2790 1987 2836 DD.

207 2867 548 2922 cardinalibuS‚
573 2867 702 2931 quod
726 2882 833 2914 cras
854 2881 1016 2926 mane,
1045 2871 1157 2915 ante
1183 2867 1356 2915 horam
1387 2869 1661 2916 consistorii
1686 2875 1988 2931 consuetam,

210 2951 491 3016 equitabunt
512 2951 570 2998 ad
602 2940 864 2998 claustrum
887 2948 1092 2997 ecclesie
1120 2949 1258 2998 beate
1283 2950 1432 3000 Marie
1464 2952 1522 2999 de
1559 2952 1743 3016 Populo
1775 2953 1834 3001 de
1864 2955 1989 3003 Urbe

208 3033 267 3082 ad
288 3033 621 3098 recipiendum
648 3032 829 3082 ibidem
860 3034 1052 3081 Rmum.
1078 3035 1136 3081 D.
1158 3034 1455 3082 cardinalem
1475 3035 1533 3083 de
1559 3035 1776 3094 Medicis,
1811 3041 1858 3084 et
1879 3037 1990 3084 inde

206 3132 357 3181 usque
385 3117 446 3166 ad
471 3117 703 3180 palatium
734 3115 1054 3180 apostolicum
1086 3117 1476 3177 conducendum,
1515 3118 1592 3165 ubi
1628 3118 1715 3166 erit
1744 3119 1989 3182 publicum

208 3200 575 3260 consistorium
601 3215 697 3263 quo
710 3200 864 3260 finito,
890 3199 1209 3249 associabitur
1228 3200 1356 3248 idem
1376 3201 1636 3250 cardinalis
1657 3202 1891 3265 usque-ad
1911 3219 1992 3267 pa-

206 3285 374 3333 latium
394 3300 478 3333 sue
499 3283 810 3332 habitationis
833 3284 880 3331 in
903 3299 1075 3347 campo
1098 3283 1255 3344 Flore,
1279 3299 1415 3332 more
1429 3290 1475 3333 et
1492 3285 1659 3333 ordine
1676 3290 1934 3334 consueto.
1966 3306 1986 3330 υ

269 3369 372 3415 Hoc
395 3382 504 3415 sero
525 3372 880 3431 proposuerunt
902 3372 1119 3415 oratores
1140 3366 1411 3431 principum
1434 3371 1768 3432 potentatuum
1799 3368 1847 3417 in
1864 3370 1989 3419 Urbe
