2262 3958
133 322 354 366 [Septembre
375 319 465 362 1489]
578 318 746 356 RERUM
778 316 1084 355 URBANARUM
1117 314 1468 353 COMMENTARII.
1842 315 1914 352 365

201 422 428 482 Sabbato,
469 423 526 469 12
573 420 755 469 mensis
805 419 1112 484 septembris,
1163 416 1557 466 anniversarium*
1586 414 1913 464 coronationis

132 511 279 574 Pape,
300 508 386 556 SS.
413 507 471 554 D.
498 507 554 554 N.
581 508 775 569 paratus
797 519 934 552 more
962 503 1104 552 solito
1128 501 1256 551 venit
1277 501 1337 549 ad
1363 500 1598 565 capellam
1621 499 1908 564 predictam,

130 592 182 651 in
207 605 306 655 qua
334 589 497 639 officio
518 588 714 654 publico
749 591 795 637 et
825 586 1029 636 solemni
1057 585 1272 635 interfuit
1293 586 1423 649 quod
1451 584 1713 634 celebravit
1744 587 1911 632 Rmus.

133 677 191 730 D.
217 673 474 724 cardinalis
503 675 869 722 Beneventanus
896 688 906 718 ε
931 670 990 718 ad
1016 685 1209 718 versum
1236 669 1449 717 Alleluia
1475 668 1765 733 predictum,
1789 671 1918 733 Papa

131 758 260 807 venit
287 757 350 807 ad
378 757 695 806 faldistorium
721 759 769 805 et
799 758 1027 803 cantores
1053 754 1276 802 dixerunt
1304 751 1478 800 deinde
1508 767 1730 815 prosam;
1757 755 1804 800 et
1825 751 1919 801 alia

133 842 284 906 etiam,
317 846 539 906 utsupra
568 845 679 890 sunt
708 840 978 888 observata.
1015 837 1135 885 Huic
1164 835 1311 884 misse
1340 834 1554 882 interfuit
1579 837 1644 881 D.
1681 835 1918 883 Antonius

133 930 297 976 orator
321 924 622 990 Neapolitani
645 923 771 988 regis
799 921 848 970 in
868 922 978 970 loco
1001 938 1087 970 suo
1123 920 1264 969 solito
1299 924 1447 978 stanS,
1483 917 1722 966 sententia
1751 923 1918 968 contra

131 1008 383 1059 dominum
405 1022 542 1056 suum
571 1021 756 1071 regem,
787 1008 838 1053 ut
858 1020 1019 1070 supra,
1045 1019 1140 1052 non
1164 1002 1403 1052 obstante.

197 1091 465 1152 Dominica,
491 1094 548 1140 13
571 1088 1088 1155 mensisseptembriS,
1124 1088 1249 1136 hora
1273 1086 1522 1152 vigesima,
1557 1087 1628 1136 vel
1656 1087 1800 1148 circa,
1830 1104 1919 1152 per

127 1181 316 1243 portam
359 1174 570 1224 viridarii
610 1174 848 1223 intrarunt
897 1173 1077 1222 Urbem
1123 1171 1411 1236 magnificus
1458 1174 1514 1221 D.
1560 1173 1823 1222 Gulielmus
1857 1173 1916 1223 de

128 1259 335 1310 Pictavia
361 1259 519 1318 miles,
551 1262 715 1307 orator
742 1255 1038 1306 serenissimi
1067 1259 1366 1304 Francorum
1398 1256 1544 1320 regis,
1581 1256 1656 1305 cui
1684 1261 1918 1306 venerunt

127 1344 316 1395 obviam
337 1343 518 1393 familie
540 1345 833 1391 RRmorum.
859 1330 1166 1389 dominorum
1189 1339 1509 1404 Neapolitani,
1532 1340 1913 1405 AndegavensiS,

127 1426 188 1476 de
210 1429 362 1487 Eum,
386 1429 434 1475 et
465 1425 524 1474 de
558 1424 761 1473 Sabellis
795 1423 1130 1482 cardinalium,
1158 1428 1206 1472 et
1237 1424 1320 1472 SS.
1348 1425 1405 1470 D.
1440 1426 1496 1473 N.
1535 1441 1683 1489 pape3
1715 1440 1771 1473 ac
1806 1440 1917 1473 ora-

128 1514 258 1559 tores
278 1525 449 1575 regum
477 1509 696 1569 Francie,
732 1508 980 1573 Hispanie,
1011 1508 1330 1573 Neapolitani,
1363 1509 1544 1557 ducum
1575 1508 1833 1557 Mediolani
1869 1512 1917 1557 et

128 1594 364 1655 Ferraria,
391 1609 447 1642 ac
478 1592 774 1642 marchionis
811 1592 1239 1651 Monferratensis3
1271 1598 1319 1642 et
1346 1592 1506 1658 ipsum
1536 1598 1826 1658 receperunt
1859 1609 1915 1642 ac

126 1677 357 1738 medium,
379 1676 508 1726 inter
528 1676 950 1741 archiepiscopum
977 1677 1313 1726 Arelatensem
1344 1681 1392 1726 et
1419 1677 1702 1743 episcopum
1732 1680 1916 1726 Torna-

125 1778 326 1812 censem
346 1762 407 1811 ad
422 1761 690 1826 hospitium
712 1777 798 1810 sue
820 1760 1152 1819 habitationiS,
1177 1761 1400 1810 videlicet
1427 1761 1488 1810 ad
1510 1762 1634 1812 Solis
1662 1763 1914 1812 tabernam

122 1846 261 1911 juxta
279 1861 504 1911 campum
535 1846 695 1906 Flore,
715 1844 1014 1893 associarunt
1036 1862 1171 1895 more
1194 1850 1447 1896 consuetO.

171 1929 325 1995 *Feria
341 1930 573 1997 secunda,
605 1928 797 1983 14dicti
819 1928 1001 1977 mensis
1031 1930 1340 1995 septembriS,
1370 1930 1526 1980 dictus
1548 1929 1833 1979 Franciscus
1855 1930 1914 1979 de

125 2013 274 2070 Husio
307 2014 538 2080 magister
579 2012 771 2078 registri
817 2012 1068 2063 literarum
1112 2015 1487 2080 apostolicarum
1529 2032 1585 2064 ac
1630 2016 1914 2064 earumdem

122 2098 371 2154 literarum
397 2099 605 2163 scriptor
633 2101 681 2146 et
714 2097 1124 2147 rescribendarius
1151 2100 1232 2164 qui
1259 2105 1403 2149 nocte
1431 2099 1662 2164 preterita
1692 2099 1914 2163 spiritum

127 2181 335 2232 reddidit
358 2182 573 2232 Creatori
607 2183 736 2232 circa
769 2184 943 2232 horam
973 2199 1055 2231 xix
1085 2183 1145 2231 ad
1172 2183 1421 2232 basilicam
1452 2200 1491 2232 s.
1527 2183 1655 2232 Petri
1681 2181 1914 2246 principis

127 2265 456 2331 apostolorum
476 2265 536 2314 de
559 2265 686 2314 Urbe
709 2282 737 2314 a
766 2265 1082 2331 scriptoribus
1111 2270 1159 2313 et
1180 2265 1284 2313 aliis
1309 2266 1576 2315 associatus
1597 2268 1814 2330 portatus
1840 2271 1915 2314 est

126 2364 184 2419 ac
205 2348 256 2397 in
286 2349 459 2399 eadem
491 2337 697 2398 basilica*
723 2365 821 2397 non
853 2349 997 2413 longe
1032 2349 1092 2397 ab
1120 2349 1258 2398 altari
1294 2349 1434 2399 beate
1459 2349 1608 2399 Marie
1648 2364 1913 2414 pauperum

126 2432 359 2503 sepultus
404 2433 590 2483 Eodem
630 2433 757 2483 dicto
799 2433 1057 2482 Francisco
1105 2433 1154 2482 in
1202 2433 1482 2483 infirmitate
1523 2434 1802 2492 constituto,
1852 2436 1908 2481 D.

123 2517 360 2586 Antonius
395 2518 454 2567 de
487 2517 787 2567 Mumacellis
823 2518 937 2567 fecit
971 2533 1060 2582 pro
1101 2533 1159 2567 eo
1194 2518 1408 2574 officium
1453 2517 1913 2567 rescribendariatus

125 2601 333 2657 taxando
356 2605 404 2667 et
431 2602 666 2667 signando
695 2602 850 2650 bullas
878 2617 1014 2650 more
1037 2602 1199 2663 solito,
1232 2603 1313 2666 qui
1341 2606 1452 2668 post
1479 2603 1664 2652 obitum
1692 2602 1914 2667 ejusdem

124 2685 308 2749 absque
329 2686 422 2735 alia
441 2686 751 2752 deputatione
774 2686 993 2735 officium
1019 2687 1299 2751 hujusmodi
1329 2703 1481 2751 usque
1510 2687 1571 2736 ad
1598 2687 1746 2736 finem
1767 2688 1914 2753 hujus

125 2765 307 2814 mensis
325 2768 615 2832 septembris
637 2770 948 2821 continuavit.

193 2849 278 2898 His
317 2849 504 2911 diebuS,
545 2853 770 2903 videlicet
807 2859 948 2904 nocte
987 2861 1221 2920 sequente
1269 2856 1511 2905 dominica
1549 2857 1695 2921 hujus
1731 2856 1913 2905 mensis

127 2935 434 3000 septembris,
474 2937 751 2987 Dominicus
810 2939 1040 3003 magister
1083 2940 1285 2990 Gentilis
1337 2942 1397 2990 de
1452 2941 1668 2991 Viterbio
1712 2941 1916 3005 scriptor

127 3020 438 3084 apostolicus,
478 3023 762 3072 Franciscus
797 3023 1040 3072 Maldente
1072 3025 1335 3073 canonicus
1359 3025 1695 3074 Foroliviensis
1718 3029 1764 3073 et
1789 3027 1915 3074 Con-

128 3103 272 3152 radus
312 3108 359 3153 et
392 3104 567 3154 deinde
608 3107 822 3171 Baptista
859 3107 918 3156 de
950 3107 1111 3172 Spello
1150 3107 1365 3157 notarius
1399 3124 1591 3157 camere
1631 3109 1912 3173 apostolice,

128 3188 416 3236 Laurentius
438 3189 741 3254 Signorettus
766 3191 973 3255 scriptor
1004 3192 1050 3238 in
1083 3191 1287 3255 registro
1316 3192 1552 3241 bullarum
1590 3198 1636 3241 et
1663 3193 1916 3242 Bartholo-

128 3287 266 3321 meus
304 3272 527 3322 Budellus
559 3279 845 3338 procurator
878 3275 1216 3339 penitentiarie
1257 3277 1530 3325 successive
1567 3277 1693 3341 capti
1729 3277 1919 3327 fuerunt

130 3356 246 3405 etin
269 3361 426 3406 castro
450 3358 602 3407 sancti
622 3360 793 3424 Angcli
815 3360 997 3409 detenti
1019 3377 1107 3424 pro
1136 3359 1472 3408 falsificatione
1496 3360 1747 3409 literarum
1775 3377 1919 3426 apos-

134 3440 386 3490 tolicarum
407 3457 501 3506 que
524 3442 639 3508 ipsis
662 3443 1004 3508 imputabatur.
1032 3447 1088 3493 D.
1108 3444 1389 3494 Dominicus
1408 3444 1653 3509 predictus
1668 3446 1918 3495 confessus
