2262 3958
186 314 503 356 [Decemhre1484]
632 313 801 351 RERUM
835 312 1141 350 L'RssANARUM
1175 312 1526 351 COMMENTARH.
1909 317 1976 353 115

248 418 388 467 Feria
406 418 566 478 tertia,
597 422 653 467 16
685 418 798 466 dicti
827 418 1008 467 mensis
1032 418 1328 478 novembris,
1362 419 1490 468 dicta
1524 418 1617 467 fuit·
1643 418 1812 467 ultima
1833 419 1980 467 missa

184 502 378 567 publica
404 502 666 567 exequialis
688 519 775 567 pro
803 502 964 550 anima
988 501 1158 566 prefati
1188 503 1431 565 quondam
1465 503 1724 552 cardinalis
1756 503 1982 551 Mediola-

185 586 368 648 nensis,
392 603 537 652 quam
558 586 606 634 in
634 587 762 635 dicta
791 585 975 650 capella
1003 589 1293 635 RRmorum.
1324 590 1424 635 DD.
1463 587 1798 647 cardinalium,
1826 588 1982 652 prela-

185 674 346 720 torum
379 675 428 720 et
459 671 666 720 aliorum
693 670 942 719 curialium
973 671 1218 734 presentia
1247 671 1506 720 celebravit
1537 674 1703 719 Rmus.
1737 674 1794 720 D.
1827 672 1978 720 cardi-

186 755 310 804 nalis
331 755 668 805 Ulixbonensis
686 759 734 803 et
757 769 866 803 cum
893 757 1096 816 quatuor
1123 755 1227 803 aliis
1259 755 1599 804 cardinalibus.
1626 753 1778 803 Finita
1806 755 1971 816 missa,

188 840 406 902 absolvit,
443 845 492 890 et
517 840 611 888 alia
637 839 799 888 omnia
827 842 937 887 sunt
962 838 1215 888 observata
1242 855 1378 888 more
1407 843 1659 887 consuetO.
1679 841 1974 889 Executores

187 924 382 974 suerunt
430 923 706 973 testamenti
763 922 935 987 prefati
989 924 1235 988 quondam
1288 923 1547 973 cardinalis
1599 922 1974 974 Mediolanensis

186 1008 354 1057 RRmi.
380 1009 481 1056 DD.
507 1006 775 1056 cardinales
798 1023 836 1054 S·
862 1007 1011 1055 Marci
1035 1012 1082 1056 et
1105 1009 1352 1067 Senensis.

253 1089 461 1140 Sabbato
500 1093 561 1139 20
588 1091 702 1139 dicti
743 1091 925 1140 mensis
957 1093 1248 1154 novembris,
1276 1092 1323 1139 in
1351 1091 1528 1156 palatio
1557 1089 1826 1156 apostolico
1848 1090 1977 1156 apud

185 1189 226 1223 s.
259 1177 457 1224 Petrum
495 1175 543 1223 in
574 1176 729 1240 prima
749 1176 857 1224 aula
877 1192 1053 1241 magna
1079 1177 1299 1226 habitum
1329 1180 1402 1226 est
1429 1175 1773 1224 consistorium
1802 1176 1851 1223 in
1881 1192 1975 1240 quo

181 1259 596 1324 prestantissimus
619 1262 677 1309 D.
710 1260 996 1309 Franciscus
1021 1261 1080 1309 de
1106 1262 1284 1321 Padua,
1320 1260 1579 1309 advocatus
1607 1259 1971 1320 consistorialis,

181 1342 374 1407 publice
407 1343 625 1393 recitavit
650 1344 794 1393 vitam
829 1349 876 1394 et
906 1346 1138 1394 miracula
1164 1345 1290 1394 beati
1324 1345 1574 1409 Leopoldi,
1611 1349 1782 1409 petens
1802 1344 1852 1392 in
1876 1345 1972 1394 fine

181 1427 338 1492 ipsum
369 1427 665 1489 canonizari3
704 1429 842 1493 cujus
874 1430 1092 1479 oratione
1122 1429 1273 1489 finita,
1309 1433 1455 1494 Papa,
1494 1434 1546 1477 ut
1570 1429 1676 1477 fieri
1711 1429 1850 1488 solet,
1887 1445 1974 1493 per

182 1527 400 1560 errorem
420 1528 519 1562 non
539 1513 805 1577 respondit,
830 1529 988 1579 neque
1021 1515 1289 1563 cardinales
1318 1518 1365 1562 et
1391 1514 1602 1578 prelatos
1629 1517 1790 1562 oratus
1819 1517 1891 1562 est
1913 1513 1973 1562 ad

180 1595 456 1662 prandium,
492 1601 540 1646 et
572 1597 702 1661 quod
746 1598 795 1645 in
835 1598 929 1647 alio
967 1597 1255 1647 consistorio
1299 1613 1469 1646 eorum
1517 1601 1683 1646 votum
1725 1596 1972 1645 auditurus

178 1682 331 1740 esset;
357 1680 444 1730 sed
463 1681 681 1730 absolute
704 1682 910 1730 surrexit
925 1686 972 1731 et
998 1681 1140 1729 rediit
1161 1681 1209 1729 in
1232 1698 1477 1732 cameram
1508 1697 1643 1730 suam
1666 1681 1745 1747 (1).

209 1791 211 1793 ·
246 1764 502 1814 Dominica
524 1768 575 1813 21
605 1765 720 1814 dicti
742 1765 925 1815 mensis
955 1767 1232 1815 novembris
1261 1767 1390 1816 circa
1417 1767 1591 1815 horam
1617 1782 1701 1815 xvl
1732 1769 1898 1814 Rmus.
1924 1763 1971 1814 in

179 1849 369 1900 Christo
403 1853 456 1898 P.
491 1853 539 1899 et
577 1852 633 1898 D.
668 1850 918 1899 Johannes
949 1851 1074 1900 tituli
1113 1867 1152 1898 s.
1191 1851 1391 1899 Balbine
1428 1851 1683 1916 presbyter
1715 1849 1974 1899 cardinalis

178 1933 508 1985 Gerundensis
547 1935 809 2000 vulgariter
846 1940 1171 2001 nuncupatus,
1220 1938 1397 1996 Rome,
1442 1936 1491 1983 in
1530 1934 1676 1984 domo
1713 1951 1796 1983 sue
1835 1934 1972 1983 solite

177 2018 439 2070 residentie
467 2020 687 2086 spiritum
713 2019 934 2069 >reddidit
966 2020 1174 2069 creatori
1204 2020 1283 2086 (2).
1322 2020 1508 2069 Deinde
1543 2019 1670 2068 circa
1696 2019 1870 2068 horam
1890 2035 1969 2079 xx,

177 2109 411 2154 venerunt
431 2105 492 2154 ad
517 2103 715 2154 domum
745 2104 962 2169 ejusdem
991 2104 1248 2153 cardinalis
1276 2105 1489 2153 defuncti
1518 2089 1684 2152 RRmi.
1718 2106 1820 2152 DD.
1851 2103 1973 2152 vice-

178 2189 513 2249 cancellariuS,
552 2187 917 2254 NeapolitanuS,
964 2207 1003 2238 s.
1037 2191 1206 2249 Marci,
1254 2188 1655 2247 RechanatensiS,
1701 2186 1968 2251 AgriensiS,

178 2273 438 2339 Aragonia,
465 2273 693 2323 Senensis
717 2277 763 2323 et
780 2274 840 2323 de
864 2274 1064 2323 Ursinis.
1096 2277 1311 2324 Fuerunt
1335 2274 1461 2323 dicte
1492 2273 1646 2337 vigilie
1669 2276 1971 2321 mortuorum

178 2371 266 2423 per
284 2362 548 2408 conventus
569 2357 618 2406 in
647 2357 755 2406 aula
785 2358 995 2408 defuncti
1028 2363 1076 2409 et
1102 2360 1206 2408 aliis
1231 2358 1457 2424 predictis
1487 2358 1810 2407 cardinalibus
1836 2374 1972 2407 more

180 2442 340 2503 solito,
365 2447 414 2492 et
439 2439 619 2491 ibidem
649 2443 852 2492 candele
879 2460 1022 2508 parve
1054 2444 1308 2493 distribute
1335 2461 1344 2492 :
1371 2443 1501 2492 circa
1527 2443 1700 2492 horam
1727 2460 1861 2503 xxm,
1887 2442 1974 2490 fuit

178 2531 396 2593 portatus
418 2525 479 2577 ad
496 2529 758 2578 ecclesiam
778 2528 920 2578 beate
942 2529 1092 2579 Marie
1122 2530 1180 2577 de
1217 2529 1402 2593 Populo
1431 2533 1478 2577 et
1505 2528 1685 2578 ibidem
1714 2528 1763 2576 in
1791 2527 1975 2591 capella

179 2615 307 2661 retro
325 2611 474 2661 altare
498 2611 723 2677 imaginis
748 2613 887 2662 beate
906 2613 1056 2662 Marie
1072 2612 1285 2677 Virginis
1298 2612 1590 2678 depositum,
1614 2612 1716 2661 solo
1729 2610 1973 2661 cardinale

229 2789 264 2830 1.
286 2789 336 2830 Ge
356 2789 524 2830 discours
553 2802 593 2830 se
621 2796 749 2831 trouve
769 2794 861 2831 dans
882 2793 914 2830 le
932 2795 964 2830 t.
986 2793 1001 2830 Ι
1021 2793 1087 2829 des
1107 2791 1326 2839 Scriptores
1356 2791 1497 2828 Rerum
1518 2792 1788 2828 Austricarum
1811 2790 1971 2839 (Lipsioe,

186 2852 293 2898 1721,
314 2852 402 2890 edit.
425 2850 469 2890 P.
497 2852 583 2901 Pez)
603 2864 640 2902 p.
660 2854 838 2899 5772592,
861 2864 949 2890 sous
970 2864 1011 2889 ce
1029 2852 1136 2890 titre:

229 2915 367 2954 Oratio
390 2914 438 2951 de
455 2914 598 2951 Sancto
620 2915 814 2962 Leopoldo
848 2913 1276 2958 AuscriaeMat-chione‚
1299 2913 1452 2950 sedente
1471 2912 1701 2948 Innocentio
1724 2917 1855 2947 octavo
1872 2909 1974 2945 Pon-

182 2976 286 3024 tifioe
317 2974 506 3021 Maximo,
542 2975 746 3011 Friderico
787 2975 898 3011 tertio
938 2973 1181 3019 Imperatore
1217 2973 1427 3018 Suadente,
1464 2974 1513 3009 ab
1540 2972 1749 3008 Francisco
1781 2970 1974 3016 appellato

183 3035 631 3082 Patavojurcsconsuleo
648 3041 764 3082 atque
783 3035 970 3070 advocato
992 3033 1260 3069 consistoriali
1286 3037 1322 3069 et
1343 3034 1585 3079 Paupermn,
1609 3033 1735 3078 equite
1763 3034 1798 3067 et
1826 3031 1973 3074 comite,

185 3101 352 3141 oratore,
375 3096 509 3132 habita
534 3097 598 3131 die
620 3096 851 3132 duodecima
877 3095 972 3130 Kal.
1001 3094 1236 3137 Decembris,
1259 3104 1365 3128 anno
1385 3093 1529 3128 salutis
1554 3092 1758 3128 millesimo
1780 3090 1976 3137 quadrina

183 3157 393 3203 yentesimo
419 3157 646 3203 octoqesimo
667 3162 823 3203 quarto,
846 3155 1001 3202 publico
1026 3155 1268 3190 consistorio.

234 3215 317 3254 Suit
336 3216 369 3253 le
388 3216 579 3253 sommaire
599 3215 644 3253 de
670 3217 705 3252 la
726 3215 978 3252 canonisation
1009 3215 1053 3251 de
1085 3213 1245 3262 Leopold
1267 3213 1320 3261 (p.
1351 3213 1422 3250 592
1443 3215 1464 3249 ἱι
1485 3212 1587 3259 671),
1610 3211 1645 3246 la
1665 3210 1760 3247 bulle
1782 3209 1912 3258 papale
1934 3208 1978 3244 de

184 3287 314 3314 canon.
337 3275 389 3324 (p.
424 3274 614 3324 671-678),
638 3276 690 3313 les
719 3276 899 3319 oraisons,
928 3275 981 3312 les
1008 3278 1209 3323 sequences
1237 3277 1272 3310 et
1303 3273 1464 3320 l'hymne
1498 3283 1542 3308 en
1576 3271 1767 3307 l'honneur
1800 3270 1845 3306 de
1879 3268 1978 3306 saint

184 3335 346 3385 Leopold
367 3338 423 3384 (p.
449 3336 640 3385 679-682).

231 3398 269 3432 2.
295 3397 411 3444 Apres
430 3408 500 3433 une
519 3395 702 3434 existence
722 3396 922 3434 honorable
949 3400 984 3434 et
1015 3396 1080 3433 des
1110 3394 1193 3444 plus
1228 3392 1413 3442 remplies‚
1450 3392 1473 3428 il
1501 3396 1648 3429 mourut
1677 3392 1722 3429 de
1748 3391 1783 3428 la
1803 3391 1937 3441 pierre,
1961 3390 1982 3426 a

186 3455 301 3495 Rome
323 3471 341 3491 «
362 3467 429 3494 con
449 3455 630 3505 dispiacer
649 3468 668 3494 e
688 3456 810 3495 danno
828 3457 863 3494 di
882 3460 976 3494 tutta
996 3456 1030 3493 la
1049 3460 1162 3494 corte.
1187 3469 1204 3488 »
1225 3453 1406 3499 Garimb.,
1429 3464 1513 3490 ouv.
1537 3452 1619 3499 cite,
1638 3464 1675 3501 p.
1699 3452 1783 3489 166.
