2262 3958
0 1687 7 1695 Ἀ
0 1427 22 1629 νῑψἪ-υ-ςι--Ὓ
0 1404 3 1418 <⁷

168 267 434 314 [suavior-1490]
624 269 793 307 RERUM
828 269 1134 308 URBANARUM
1172 271 1525 310 COMMENTARII.
1878 274 1950 310 383

165 375 295 423 esset
315 374 371 421 'et
400 370 699 421 concordare
727 372 884 434 vellet,
917 378 1018 422 tum
1052 374 1183 438 quod
1217 376 1522 426 consuetudo
1561 375 1745 440 capelle
1779 376 1948 425 obser-

165 459 358 506 varetur
385 458 434 504 et
462 454 543 503 illa
571 470 670 504 non
699 456 1027 516 excideretur;
1062 457 1121 507 de
1143 458 1315 522 quibus
1357 459 1477 508 nihil
1513 459 1644 508 dixit.
1687 463 1948 524 Postquam

93 542 99 548 '
165 557 194 589 a
214 538 520 601 sanctissimo
543 541 600 589 D.
625 541 682 588 N.
707 540 926 600 discessi,
954 547 1191 590 venerunt
1212 542 1274 591 ad
1301 543 1616 592 Sanctitatem
1639 560 1776 593 suam
1796 544 1948 593 cardi-

165 623 288 675 nalis
318 641 358 674 s,
391 624 643 674 Anastasie
679 629 727 674 et
751 624 1008 689 episcopus
1039 631 1202 674 orator
1223 627 1487 690 predictUS,
1523 628 1602 692 qui
1637 628 1947 678 obtinuerunt

165 725 194 758 a
231 709 495 760 Sanctitate
543 725 632 758 sua
659 709 788 774 quod
825 709 975 757 missa
1006 709 1065 757 de
1105 709 1350 758 dominica
1394 712 1625 774 preterita
1664 712 1853 762 dicatur
1885 713 1944 761 de

166 793 346 858 Spiritu
367 798 533 845 sancto
553 795 656 844 sine
677 794 836 858 aliqua
851 793 1342 842 commemoratione:
1358 795 1488 857 quod
1510 811 1621 844 cum
1639 796 1759 844 mihi
1780 797 1946 846 incon-

161 878 576 929 venientissimum
616 879 861 928 videretur
909 882 957 927 et
999 893 1163 927 coram
1205 878 1603 929 vicecancellario
1640 886 1689 929 et
1726 881 1944 945 predicto

160 963 401 1012 cardinale
417 979 456 1011 s.
472 962 726 1012 Anastasie
738 978 816 1010 me
833 977 1133 1027 opponerem
1146 978 1202 1012 ac
1215 961 1430 1011 dicerem
1446 963 1726 1028 hujusmodi
1744 965 1943 1014 missam

157 1049 207 1096 et
224 1049 386 1095 actum
410 1049 611 1110 propter
630 1061 774 1109 quem
805 1045 1048 1095 diceretur
1071 1046 1272 1096 minime
1298 1047 1574 1108 convenire,
1611 1048 1869 1097 cardinalis
1900 1065 1940 1097 s,

152 1128 407 1178 Anastasie
421 1129 539 1178 dixit
553 1131 638 1178 SS.
667 1131 726 1177 D.
751 1132 806 1179 N.
827 1145 971 1194 posse
992 1146 1166 1180 novam
1198 1131 1399 1180 missam
1432 1130 1680 1190 ordinare3
1700 1136 1767 1181 ‘et
1793 1148 1942 1196 quare

152 1228 251 1262 non
294 1229 383 1278 per
415 1213 548 1262 hunc
580 1218 743 1264 actum
788 1215 936 1264 missa
971 1216 1030 1265 de
1064 1216 1234 1282 spiritu
1268 1220 1432 1266 sancto
1472 1215 1660 1265 dicatur
1698 1216 1943 1266 commisit

150 1300 200 1347 et
218 1296 643 1348 vicecancellarius
664 1300 880 1364 predicto
898 1300 1128 1366 episcopo
1146 1302 1276 1366 quod
1295 1302 1494 1351 missam
1516 1302 1575 1351 de
1592 1301 1761 1366 spiritu
1775 1305 1941 1352 sancto

152 1381 351 1432 omnino
366 1387 421 1431 et
440 1399 539 1433 non
557 1383 701 1432 aliam
722 1385 1011 1446 celebraret,
1039 1386 1290 1435 ordinavit.

219 1454 489 1529 Dominica,
526 1471 552 1517 3
585 1468 700 1517 dicti
729 1469 913 1518 mensis
949 1470 1176 1534 januarii,
1216 1473 1300 1520 SS.
1327 1474 1385 1520 D.
1421 1473 1478 1520 N.
1507 1471 1637 1521 circa
1667 1471 1841 1521 horam
1867 1486 1941 1520 xv1

149 1554 345 1616 paratus
366 1552 564 1613 amictu,
589 1553 714 1614 alba,
734 1553 946 1619 cingulo,
969 1538 1092 1604 stola
1112 1556 1265 1604 rubea
1284 1555 1499 1621 pretiosa
1518 1556 1739 1605 ascendit
1761 1573 1941 1621 equum

151 1635 241 1686 sub
255 1636 470 1702 porticu3
497 1638 586 1686 sub
607 1654 803 1688 camera
816 1638 1082 1703 apostolica
1096 1655 1208 1688 cum
1226 1643 1418 1704 tempus
1439 1645 1569 1689 esset
1586 1640 1876 1705 pluviosum,
1893 1645 1942 1689 et

149 1720 524 1785 precedentibus
537 1738 682 1772 cruce
699 1727 748 1771 et
761 1723 1082 1772 cardinalibus
1099 1739 1154 1772 ac
1172 1724 1361 1773 duobus
1376 1724 1702 1774 cardinalibus
1721 1724 1938 1773 diaconis

148 1803 485 1856 assistentibus
504 1806 554 1855 in
571 1822 658 1856 suo
677 1807 788 1856 loco
808 1811 918 1872 post
934 1823 1105 1857 omnes
1121 1807 1390 1857 cardinales
1413 1808 1759 1873 equitantibUS,
1775 1812 1939 1858 tamen

148 1894 313 1957 preter
329 1907 494 1942 meam
521 1892 837 1942 voluntatem.
869 1891 1107 1943 Volebam
1143 1892 1273 1940 enim
1295 1896 1347 1942 ut
1368 1892 1586 1942 debitum
1607 1893 1779 1943 fuisset
1809 1892 1938 1958 quod

149 1975 420 2026 cardinales
450 1993 621 2027 omnes
649 1981 759 2042 post
783 1980 965 2042 Papam
995 1975 1270 2040 equitarent
1302 1977 1433 2041 quod
1460 1977 1622 2027 facere
1649 1981 1932 2027 renuerunt.

151 2059 388 2124 Equitavit
404 2061 623 2126 pontifex
641 2062 810 2111 ordine
832 2065 1065 2111 consueto
1086 2077 1239 2125 usque
1258 2061 1319 2109 ad
1355 2061 1613 2111 ecclesiam
1633 2062 1773 2111 beate
1789 2061 1939 2110 Marie

152 2142 213 2193 de
231 2144 417 2209 Populo
437 2143 514 2192 via
534 2148 668 2193 recta
682 2145 819 2209 juxta
838 2145 1018 2194 flumen
1049 2148 1160 2194 ante
1178 2144 1349 2193 turrim
1374 2147 1530 2205 None,
1555 2145 1755 2194 domum
1778 2145 1935 2193 cardi-

148 2227 270 2276 nalis
283 2227 578 2277 Parmensis.
605 2228 843 2288 Pontifex,
882 2244 992 2276 cum
1018 2227 1223 2276 intraret
1243 2226 1503 2277 ecclesiam
1521 2243 1620 2276 non
1640 2227 1728 2276 fuit
1752 2226 1797 2275 ei
1821 2243 1937 2291 por—

149 2316 283 2362 recta
302 2327 423 2362 crux
434 2312 718 2373 osculanda,
739 2312 853 2361 licet
864 2312 1036 2361 fratres
1053 2311 1461 2377 premonuissem.
1482 2310 1642 2360 Oravit
1655 2311 1704 2360 in
1722 2310 1939 2359 faldisto-

147 2395 219 2444 rio
234 2400 346 2445 ante
360 2395 578 2445 medium
593 2396 762 2457 altare,
789 2396 979 2461 accepit
1002 2396 1177 2445 deinde
1196 2396 1400 2460 pluviale
1416 2396 1623 2444 rubeum
1645 2395 1933 2460 pretiosum,

138 2478 344 2529 dimisso
363 2479 630 2546 capuccino
648 2484 852 2540 tantum,
887 2485 935 2530 et
962 2479 1076 2529 fecit
1097 2479 1457 2530 confessionem
1479 2495 1591 2528 cum
1620 2479 1898 2529 celebrante
1922 2497 1931 2527 :

143 2563 272 2613 facta
291 2564 617 2625 confessione,
643 2564 865 2614 ascendit
896 2563 1090 2626 solium,
1126 2563 1314 2629 accepit
1335 2563 1604 2613 cardinales
1631 2563 1694 2612 ad
1711 2579 1937 2613 reveren-

143 2647 284 2708 tiam3
309 2651 358 2697 et
377 2648 471 2698 alia
491 2648 656 2698 omnia
676 2652 787 2698 sunt
809 2649 1062 2698 observata
1081 2664 1221 2699 more
1242 2648 1400 2698 solito.
1421 2648 1685 2698 Cardinalis
1702 2665 1741 2697 s.
1763 2649 1935 2713 Angeli

142 2730 277 2797 prior
295 2731 690 2798 presbyterorum
709 2749 807 2781 non
822 2731 938 2782 fecit
964 2732 1292 2782 assistentiam
1313 2737 1512 2798 propter
1530 2732 1625 2781 loci
1641 2733 1931 2797 angustiam,

144 2816 232 2865 sed
252 2831 313 2865 ex
330 2831 388 2866 eo
405 2815 515 2866 loco
536 2816 662 2866 inter
683 2816 802 2866 alios
821 2817 1091 2866 cardinales
1123 2817 1321 2867 veniens
1355 2816 1640 2865 ministravit
1665 2815 1934 2865 naviculam

144 2903 192 2949 et
226 2899 359 2948 dedit
386 2899 603 2964 pontifici
649 2916 836 2965 pacem.
879 2901 1202 2950 Interfuerunt
1229 2917 1399 2950 omnes
1432 2901 1702 2950 cardinales
1733 2900 1781 2948 in
1804 2901 1932 2950 Urbe

142 2987 414 3048 presenteS,
439 2984 636 3049 dempto
660 2984 763 3033 solo
783 2985 1131 3049 Andegavense
1158 2985 1369 3033 infirmo,
1393 2987 1524 3049 Papa
1537 2985 1664 3033 venit
1686 2985 1746 3032 ad
1766 2984 1932 3033 faldis-

145 3067 322 3118 torium
342 3067 391 3116 in
409 3084 504 3133 quo
523 3068 786 3134 genuflexit
801 3069 861 3118 ad
873 3085 1067 3118 versum
1091 3068 1211 3118 Vem‘
1225 3077 1385 3118 sancte
1397 3070 1590 3134 spiritus
1605 3085 1751 3133 quem
1767 3074 1932 3119 tamen

143 3157 368 3202 cantores
388 3152 479 3218 ipsi
500 3153 802 3218 inceperunt.
834 3153 971 3203 Dicta
992 3159 1066 3203 est
1092 3169 1254 3219 prosa,
1297 3153 1425 3202 dicto
1446 3170 1535 3218 per
1567 3153 1827 3202 diaconum
1856 3151 1931 3201 Ite

143 3237 287 3286 missa
300 3244 370 3286 est
382 3241 429 3286 et
450 3253 538 3302 per
557 3242 781 3288 cantores
804 3254 1038 3304 responso
1062 3238 1164 3286 Deo
1183 3238 1366 3302 qratia-5
1389 3255 1406 3284 .·
1429 3241 1654 3286 cantores
1684 3236 1773 3302 ipsi
1793 3237 1928 3286 ince-

142 3326 317 3388 perunt
343 3326 391 3371 et
422 3321 566 3371 etiam
598 3323 843 3389 prosecuti
877 3327 991 3372 sunt
1013 3338 1165 3387 usque
1201 3321 1251 3370 in
1290 3322 1438 3370 tinem
1475 3321 1538 3369 Te
1572 3321 1726 3370 Deum
1761 3321 1927 3370 lauda-

141 3423 264 3468 mch,
306 3415 413 3467 etc„
456 3406 733 3457 celebrante
765 3406 959 3457 interim
988 3407 1035 3455 in
1072 3422 1223 3456 cornu
1258 3406 1460 3471 epistole
1490 3411 1656 3471 parato
1690 3410 1846 3456 stante
1868 3407 1927 3456 ad
