2262 3958
973 306 1256 345 APPENDICE.
1937 312 2011 349 563

222 417 313 446 eum
334 406 462 455 diem,
483 419 564 460 qao
584 413 772 449 vestram
796 408 924 459 plane
944 407 1234 451 bibliothecam
1247 411 1542 453 absoluz‘sscm.
1566 413 1629 454 Ne
1646 414 1810 454 multis.
1831 414 2011 456 Abierat

221 470 404 513 vixdum
447 472 589 522 Picus,
627 485 726 515 cum
761 474 1051 516 Ferrariensis
1086 476 1394 530 Hieronymus,
1431 478 1620 531 insignis
1659 482 1702 520 et
1744 479 1939 521 doctrina
1968 483 2011 521 et

223 536 514 578 sanctimonia
541 538 620 587 vir,
643 539 938 591 caelestisque
965 540 1188 582 doctrinae
1215 544 1491 594 praedicator
1514 545 1736 597 egregius,
1759 546 2011 587 cubiculum

222 601 486 656 ingreditur,
509 604 711 646 hortatur
727 608 776 646 ut
795 604 929 646 fidem
951 608 1101 646 teneat
1119 619 1127 646 :
1147 607 1221 648 ille
1241 619 1345 649 vero
1364 613 1515 650 tenere
1531 621 1578 650 se
1598 611 1658 651 ait
1672 612 1978 654 inconcussam
1998 625 2008 652 z

143 671 150 679 '
220 670 272 709 ut
291 679 424 720 quam
446 669 807 711 emendatissime
829 671 1012 722 posthac
1027 672 1175 712 viuere
1198 673 1417 723 destinet;
1441 675 1603 716 scilicet
1621 675 1835 717 facturum
1851 678 2011 719 obnixe

222 734 453 786 respondit
475 747 485 775 :
507 739 558 776 ut
576 739 765 776 mortem
787 735 992 787 denique,
1019 736 1055 776 si
1072 747 1266 782 necesse,
1278 739 1348 788 sit,
1369 750 1511 791 aequo
1526 741 1673 781 animo
1691 742 1885 791 tolleret3
1904 742 2012 783 nihil

222 810 344 849 vero,
375 800 518 853 inquit
543 801 632 850 ille,
664 800 918 849 iucundiuS‚
947 800 1167 852 siquidem
1198 802 1257 843 ita
1287 805 1378 844 Deo
1406 803 1632 845 decretum
1660 807 1730 846 sit.
1767 807 2014 848 Recedebat

222 864 357 906 homo
376 865 481 916 iam,
515 877 616 907 cum
649 865 908 906 Laurentius
943 878 952 905 :
984 867 1114 915 113115,
1138 867 1294 919 inquit,
1329 869 1681 910 benedictionem
1707 874 1845 922 pater,
1869 872 2014 924 prius-

225 941 361 985 quam
390 942 417 971 3
434 931 566 972 nobis
586 929 893 982 proficiscaris.
917 931 1057 971 Simul
1078 932 1271 974 demisso
1291 935 1432 985 capite
1453 934 1682 987 vultuque,
1703 939 1746 976 et
1766 936 1811 976 in
1835 948 2013 977 omnem

224 995 324 1048 piae
340 995 568 1048 religionis
587 995 828 1049 imaginem
850 996 1082 1048 formatus,
1107 998 1298 1040 subinde
1315 1000 1371 1041 ad
1389 1000 1523 1041 verba
1540 1000 1658 1041 illius
1679 1004 1723 1042 et
1744 1013 1911 1052 preces,
1931 1002 2013 1043 rite

226 1072 278 1102 ao
315 1061 573 1102 memoriter
603 1062 955 1114 responsitabat,
999 1074 1055 1104 ne
1095 1065 1318 1106 tantillum
1351 1065 1530 1118 quidem
1559 1065 1843 1107 familiarium
1874 1067 2010 1117 luctu,

219 1128 376 1178 aperto
395 1125 500 1176 iam,
522 1137 683 1179 neque,
704 1138 752 1168 se
768 1128 952 1170 ulterius
974 1129 1299 1181 dissimulante,
1322 1136 1571 1174 commotus
1589 1132 1663 1187 (1).
1683 1134 1859 1175 Diceres
1879 1134 2012 1176 indic-

224 1194 317 1233 tam
333 1192 506 1243 ceteris,
529 1204 619 1234 uno
641 1196 823 1245 excepto
845 1196 1095 1247 Laurentio,
1115 1200 1318 1238 mortem.
1338 1198 1405 1239 Sic
1423 1199 1586 1240 scilicet
1601 1210 1717 1240 unus
1735 1211 1787 1241 ex
1805 1200 2012 1243 omnibus

225 1257 321 1310 ipse
340 1257 510 1299 nullam
531 1258 712 1309 doloris,
735 1260 904 1301 nullam
925 1262 1287 1313 perturbationiS,
1311 1264 1480 1305 nullam
1508 1265 1711 1306 tristitiae
1729 1265 2013 1319 significatio-

223 1333 327 1365 nem
348 1323 498 1373 dabat,
518 1327 871 1378 consuetumque
903 1326 1038 1367 animi
1063 1328 1275 1381 vigorem,
1302 1331 1608 1381 constantiam,
1634 1332 2009 1384 aequabilitatem,

225 1388 595 1442 magnitudinem,
610 1390 667 1431 ad
681 1394 930 1432 extremum
942 1404 1085 1445 usque
1099 1394 1302 1446 spiritum
1313 1396 1601 1448 producebat.
1615 1398 1844 1439 Instabant
1857 1399 2012 1440 medici

226 1453 370 1497 adhuc
390 1457 556 1504 tamen,
580 1459 624 1497 et
643 1467 700 1497 ne
722 1457 831 1497 nihil
849 1469 982 1510 agere
1006 1459 1275 1510 viderentur,
1299 1460 1621 1504 officiosissime
1642 1463 1866 1505 hominem
1886 1475 2013 1505 vexa-

223 1522 347 1573 bant,
365 1523 475 1564 nihil
493 1523 567 1565 1113
585 1526 734 1565 13111311
759 1526 1003 1577 aspernari,
1032 1526 1140 1566 nihil
1172 1526 1417 1577 aduersari,
1452 1528 1572 1580 quod
1592 1528 1653 1568 illi
1674 1529 1806 1571 modo
1828 1530 2016 1571 obtulis-

227 1592 343 1640 sent,
366 1599 455 1630 non
473 1590 655 1642 quidem
673 1591 884 1643 quoniam
906 1603 984 1643 spe
1003 1591 1119 1632 vitae
1140 1591 1408 1633 blandientis
1423 1593 1684 1644 illeceretur,
1709 1594 1788 1635 sed
1805 1606 1862 1637 ne
1881 1607 2014 1647 quem

223 1653 335 1696 forte
367 1655 578 1706 1110113115,
601 1657 672 1698 vel
689 1656 917 1698 lenissime
946 1657 1276 1709 perstringeret.
1306 1657 1515 1709 Adeoque
1539 1657 1663 1699 fortis
1691 1658 1747 1700 ad
1767 1663 2014 1701 extremum

223 1721 430 1773 perstitit,
453 1724 502 1762 ut
522 1721 577 1762 de
594 1733 676 1763 sua
697 1733 874 1775 quoque
894 1722 1036 1774 ipsius
1057 1724 1199 1762 morte
1225 1722 1427 1763 nonnihil
1448 1724 1743 1774 cauillaretu1·‚
1768 1725 1896 1766 sicuti
1913 1737 2013 1767 cum

225 1786 467 1840 porrigenti
501 1787 677 1828 cuidam
705 1787 868 1836 cibum,
895 1789 1158 1840 rogantique
1184 1799 1288 1829 mox
1312 1800 1445 1841 quam
1475 1790 1729 1841 placuisset,
1758 1792 2011 1844 respondit;

223 1861 357 1903 quam
375 1853 479 1894 solet
499 1853 715 1893 morienti.
736 1853 840 1894 Post
857 1853 903 1894 id
923 1853 1084 1894 blande
1116 1853 1317 1906 singulos
1344 1854 1638 1906 amplexatus,
1662 1856 1887 1908 petitaque
1909 1868 2013 1908 sup—

223 1917 394 1970 pliciter
408 1918 552 1967 venia,
576 1918 614 1959 si
635 1918 703 1959 cui
723 1919 901 1972 gravior
919 1918 1047 1968 forte,
1078 1920 1115 1960 si
1140 1919 1368 1960 molestior
1386 1921 1530 1962 morbi
1550 1921 1654 1962 vitio
1676 1921 1847 1972 fuisset,
1870 1925 2013 1963 totum

222 1992 272 2024 se
290 1986 394 2035 post
411 1983 486 2025 illa
503 1984 780 2036 perunctioni
803 1995 1020 2035 summae,
1043 1985 1421 2038 demigrantisque
1438 1986 1613 2029 animae
1640 1988 2011 2030 commendationi

223 2046 404 2090 dedidit.
434 2049 620 2090 Recitari
643 2047 744 2089 dein
771 2050 1026 2103 euangelica
1050 2050 1232 2092 historia
1254 2055 1408 2103 coepta
1430 2056 1511 2101 est,
1535 2064 1622 2105 qua
1646 2054 1809 2095 scilicet
1829 2054 2010 2106 irrogati

227 2112 399 2155 Christo
419 2116 638 2155 cruciatus
659 2114 948 2166 explicantur,
972 2116 1098 2156 cuius
1120 2116 1193 2157 ille
1214 2127 1455 2169 agnoscere
1479 2129 1526 2159 se
1546 2118 1682 2160 verba
1703 2121 1746 2159 et
1767 2118 2010 2159 sententias

221 2190 360 2231 prope
391 2190 563 2229 omnes,
598 2180 731 2221 modo
762 2181 887 2221 labra
925 2182 1084 2222 tacitus
1129 2193 1334 2232 mouens,
1381 2183 1513 2224 modo
1551 2184 1817 2237 languentes
1858 2184 2008 2225 oculos

221 2247 415 2297 erigens,
436 2245 660 2286 interdum
680 2245 813 2286 etiam
832 2246 1070 2299 digitorum
1091 2251 1224 2300 gestu
1245 2247 1537 2301 significabat.
1562 2250 1789 2290 Postremo
1809 2249 2006 2302 sigillum

223 2309 417 2351 crucifixi
436 2314 715 2364 argenteum,
738 2312 989 2364 margaritis
1000 2314 1281 2366 gemmisque
1300 2313 1534 2367 magnifice
1552 2313 1832 2365 adornatum,
1853 2314 2009 2356 defixis

222 2385 550 2429 usquequaque
577 2376 716 2418 oculis
746 2377 940 2426 intuens,
964 2378 1295 2432 identidemque
1317 2379 1580 2431 deosculans
1608 2380 1839 2431 expirauit.
1862 2380 1936 2420 Vir
1955 2379 2012 2421 ad

224 2441 372 2482 omnia
395 2452 568 2482 summa
590 2445 739 2492 natus,
763 2446 806 2483 et
822 2443 898 2495 qui
918 2443 1100 2485 flantem
1123 2445 1443 2497 reflantemque
1461 2446 1591 2486 toties
1609 2445 1846 2495 fortunam,
1868 2457 2012 2498 usque

223 2506 335 2549 adeo
357 2496 600 2548 sit'alterna
618 2506 909 2550 velificatione
930 2509 1202 2559 moderatus,
1218 2513 1267 2551 ut
1284 2511 1460 2551 nescius
1481 2516 1630 2552 utrum
1652 2511 1856 2553 secundis
1876 2511 2010 2553 rebus

225 2573 507 2623 constantior,
527 2585 586 2614 an
604 2573 808 2615 aduersis
825 2576 1009 2627 aequior
1019 2587 1070 2616 ac
1089 2577 1406 2628 temperantior
1421 2577 1687 2629 apparuerit.
1712 2578 1892 2630 Ingenio
1907 2589 2010 2619 vero

226 2641 349 2680 tanto
379 2651 430 2680 ac
458 2642 550 2680 tam
580 2639 696 2680 facili
728 2643 773 2680 et
801 2642 1062 2693 perspicaci,
1098 2645 1146 2682 ut
1179 2643 1342 2694 quibus
1378 2644 1423 2683 in
1466 2643 1651 2696 singulis
1693 2643 1906 2684 excellere
1940 2643 2010 2685 alii

227 2715 442 2757 magnum
462 2707 633 2756 putant,
656 2705 729 2745 ille
746 2704 983 2747 uniuersis
1002 2707 1163 2758 pariter
1189 2708 1421 2749 emineret.
1452 2710 1561 2750 Nam
1588 2709 1868 2760 probitatem,
1893 2709 2017 2749 iusti-

226 2770 348 2819 tiam,
371 2768 507 2810 fidem
527 2781 657 2810 nemo
684 2771 876 2811 arbitror
896 2772 1050 2823 nescit,
1075 2773 1133 2813 ita
1159 2773 1242 2814 sibi
1272 2774 1490 2814 Laurentii
1511 2774 1691 2815 Medicis
1714 2777 1867 2826 pectus
1881 2777 2014 2825 atque

225 2835 440 2884 animum,
459 2835 587 2888 quasi
609 2835 915 2887 gratissimum
935 2836 1115 2889 aliquod
1136 2837 1421 2888 domicilium,
1445 2839 1753 2891 templumque
1773 2839 2010 2892 delegisse.

226 2903 317 2943 13111
340 2902 539 2951 comitas,
563 2901 835 2951 humanitas,
857 2902 1091 2943 affabilitas
1111 2907 1275 2955 quanta
1298 2903 1444 2954 fuerit,
1464 2905 1623 2945 eximia
1643 2904 1835 2957 quadam
1852 2904 1896 2944 in
1912 2915 2014 2945 eum

225 2968 362 3010 totius
394 2968 561 3021 populi,
597 2971 730 3019 atque
758 2967 956 3008 omnium
990 2969 1120 3020 plane
1151 2969 1356 3010 ordinum
1388 2970 1715 3019 beneuolentia,
1746 2970 2009 3012 declaratur.

227 3034 315 3075 Sed
334 3034 452 3076 enim
469 3034 583 3074 inter
611 3034 719 3074 haec
745 3033 908 3083 11111113,
942 3033 1183 3075 liberalitas
1216 3038 1380 3084 tamen,
1413 3039 1456 3076 et
1483 3035 1807 3089 magnificentia
1830 3035 2007 3087 explen-

231 3099 452 3149 descebat‚
476 3111 591 3152 quae
612 3099 734 3139 illum
755 3110 868 3151 pene
890 3099 1126 3140 immortali
1151 3100 1343 3152 quadam
1364 3101 1504 3154 gloria
1531 3101 1588 3142 ad
1614 3103 1728 3142 Deos
1749 3112 1892 3153 usque
1911 3112 2006 3153 pro·

229 3168 425 3206 nexerat.
450 3165 558 3206 Cum
579 3164 753 3205 interim
774 3164 882 3205 nihil
902 3164 974 3205 ille
994 3164 1137 3206 famae
1159 3165 1371 3206 duntaxat
1389 3177 1537 3215 causa,
1563 3169 1606 3207 et
1630 3166 1838 3216 nominis,
1862 3166 2008 3207 omnia

266 3332 295 3364 1.
325 3333 395 3366 Sur
413 3331 464 3364 les
485 3331 644 3364 derniers
664 3333 845 3364 moments
863 3331 906 3364 de
926 3331 1082 3364 Laurent
1097 3331 1130 3364 le
1148 3331 1363 3374 Magnifique
1384 3334 1419 3364 et
1443 3341 1503 3364 sur
1522 3341 1587 3364 son
1607 3334 1777 3365 entrevue
1794 3342 1879 3366 avec
1899 3333 2007 3367 Savo-

230 3384 365 3424 narole,
394 3393 503 3427 voyez
527 3385 699 3427 Pasquale
724 3386 857 3425 villari,
876 3386 925 3418 La
951 3385 1071 3419 Stet-ia
1095 3384 1135 3417 di
1169 3384 1347 3418 Gir-clamo
1376 3385 1603 3426 Sat-onorem,
1632 3386 1785 3427 Firenze,
1814 3387 1905 3430 1861,
1927 3389 1951 3422 t.
1980 3389 2005 3428 1,

232 3438 339 3481 chap.
355 3448 399 3478 ιι,
423 3449 457 3481 p.
478 3440 549 3479 135,
565 3442 598 3473 et
618 3439 650 3472 13
664 3442 747 3472 11013
762 3439 805 3473 de
822 3439 958 3483 inpage
976 3441 1034 3472 155
1054 3439 1102 3472 du
1124 3438 1240 3472 meme
1254 3448 1421 3482 ouvrage.
