2262 3958
170 309 391 355 [Avr111490]
607 306 777 344 RERUM
809 304 1114 342 URBANARUM
1149 302 1501 341 COMMENTARII.
1884 301 1954 338 403

166 417 332 465 menta
358 411 651 471 dimittente,
677 408 968 474 interrogavi
996 407 1312 457 Sanctitatem
1338 422 1474 455 suam
1497 405 1547 452 in
1570 421 1663 469 quo
1691 404 1860 453 habitu
1894 404 1954 453 ad

167 496 427 546 matutinas
461 496 773 545 tenebrarum
807 493 938 543 exire
959 492 1121 541 vellet.
1159 495 1307 539 Rmus
1336 494 1393 539 D.
1428 490 1687 538 cardinalis
1724 489 1954 539 Senensis

167 579 415 645 respondit
448 584 707 644 propterea
736 577 866 642 quod
890 577 938 624 in
963 591 1132 640 cappa,
1158 575 1218 623 de
1241 590 1336 638 quo
1358 575 1642 623 assistentes
1664 574 1857 622 avisavi.
1881 573 1955 621 Ad

166 663 445 730 passionem
476 668 523 712 et
547 661 851 726 evangelium
882 661 964 708 SS.
1004 662 1075 714 112
1098 664 1265 707 noster
1301 664 1348 707 et
1388 659 1467 706 alii
1499 675 1670 707 omnes
1695 662 1956 708 tenuerunt

167 747 354 813 palmas
376 763 504 807 suas,
529 746 590 795 ad
610 744 930 794 elevationem
959 743 1250 791 sacramenti
1278 745 1407 806 Papa
1429 747 1634 791 tantum.
1665 743 1772 790 Alia
1795 742 1957 791 omnia

168 848 304 880 more
330 832 472 880 solito
502 835 612 879 sunt
646 829 915 877 observata.

236 916 320 965 His
361 915 530 963 diebus
581 912 845 978 preteritiS,
898 911 1067 959 RRmi.
1111 914 1212 960 DD.
1263 910 1534 958 cardinales
1582 911 1876 969 ParmensiS,
1914 928 1953 959 s.

171 999 382 1064 Georgii,
413 998 616 1048 Ursinus
647 1002 694 1046 et
724 996 960 1045 Ascanius
992 994 1135 1044 simul
1167 994 1432 1044 existentes
1464 994 1513 1042 in
1555 994 1701 1043 domo
1731 994 1858 1042 Rmi.
1896 997 1954 1042 D.

166 1066 422 1133 cardinalis
445 1099 484 1130 s.
516 1081 731 1146 Georgii,
762 1097 841 1128 me
872 1080 932 1128 ad
957 1096 1008 1128 se
1035 1083 1262 1129 vocatum
1299 1079 1722 1143 interrogaverunt
1757 1079 1816 1128 de
1848 1079 1956 1127 loco

168 1166 335 1215 Urbini
356 1165 467 1214 duci
488 1165 648 1214 dando
675 1183 683 1212 :
712 1164 886 1229 quibus
911 1164 1159 1228 respondi,
1194 1164 1420 1213 omnibus
1445 1163 1630 1228 judicio
1653 1163 1804 1223 salvo,
1829 1162 1958 1226 quod

167 1251 218 1299 in
246 1250 392 1316 plano
423 1249 532 1299 solii
559 1264 701 1314 pape,
746 1265 858 1297 cum
899 1253 1028 1297 esset
1064 1249 1256 1298 modice
1290 1248 1508 1313 potentie
1538 1248 1634 1297 dux
1672 1253 1719 1297 et
1751 1247 1957 1297 ecclesie

169 1333 421 1395 vassalluS‚
443 1333 558 1382 licet
576 1332 702 1397 patri
735 1348 841 1394 su0,
872 1349 959 1398 per
985 1338 1151 1382 sancte
1181 1332 1416 1382 memorie
1446 1332 1634 1381 Sixtum
1661 1347 1836 1396 papam
1874 1332 1958 1379 llll

174 1422 284 1483 post
303 1417 530 1467 ultimum
556 1417 815 1466 diaconum
838 1416 1135 1465 cardinalem
1160 1416 1209 1464 in
1238 1432 1408 1465 eorum
1437 1415 1594 1463 banco
1620 1414 1760 1462 datus
1788 1414 1959 1463 fuisset

171 1501 328 1562 locus,
362 1501 600 1565 aliquibus
641 1500 962 1550 cardinalibus
1004 1501 1063 1549 de
1106 1500 1201 1549 hoc
1233 1498 1644 1563 conquerentibus
1675 1515 1684 1546 :
1717 1497 1766 1545 id
1795 1502 1959 1546 tamen

174 1584 329 1649 magis
350 1584 670 1634 conveniebat
692 1601 804 1634 cum
832 1585 1002 1633 fuisset
1030 1589 1195 1633 sancte
1218 1600 1420 1632 romane
1443 1583 1659 1631 Ecclesie
1683 1582 1961 1631 confalone-

173 1668 270 1736 rius
290 1684 375 1716 seu
398 1669 640 1739 generalis
656 1669 936 1734 capitaneus
952 1669 1000 1717 in
1021 1672 1155 1717 tanta
1166 1666 1400 1731 dignitate
1423 1666 1728 1725 constitutus,
1753 1665 1800 1712 in
1815 1664 1959 1713 rebus

172 1750 360 1800 bellicis
377 1752 744 1816 expertissimus
767 1757 814 1802 et
839 1753 967 1816 apud
995 1768 1164 1800 omnes
1195 1750 1329 1800 Italie
1351 1750 1594 1814 principes
1617 1754 1664 1798 et
1681 1753 1960 1814 potentatus

171 1849 348 1898 magne
386 1836 689 1899 auctoritatis
726 1840 774 1884 et
811 1837 1066 1900 prudentie
1104 1837 1317 1886 habitus,
1353 1836 1538 1884 Placuit
1579 1834 1765 1883 eisdem
1802 1832 1960 1882 cardi·

170 1917 361 1967 nalibus
382 1934 494 1967 mea
507 1918 696 1984 opini03
719 1923 766 1968 et
782 1919 977 1981 deinde,
997 1937 1107 1969 cum
1123 1920 1171 1968 in
1184 1919 1475 1969 consistorio
1497 1919 1590 1967 hac
1607 1918 1665 1967 de
1685 1933 1736 1967 re
1754 1917 1955 1966 verbum

171 2001 456 2063 haberetur,
497 2002 748 2052 decretum
782 2003 870 2052 fuit
903 2003 1034 2067 quod
1073 2003 1232 2052 eidem
1273 2002 1381 2050 duci
1421 2003 1558 2052 locus
1590 2003 1638 2051 in
1673 2003 1817 2067 plano
1852 2002 1958 2051 solii

174 2085 374 2135 daretur
385 2087 525 2151 juxta
544 2101 706 2135 meam
727 2088 1032 2151 opinionem3
1056 2070 1185 2151 quod
1201 2091 1249 2135 et
1271 2087 1451 2135 factum
1475 2090 1565 2135 est.

239 2170 379 2219 Feria
399 2174 568 2234 quarta
600 2171 799 2235 majoris
822 2170 1150 2229 hebdomade,
1177 2176 1201 2218 7
1232 2170 1346 2219 dicti
1380 2169 1562 2218 mensis
1585 2169 1766 2233 aprilis,
1790 2169 1955 2220 habite

172 2258 284 2303 sunt
306 2254 542 2303 matutine
566 2253 874 2303 tenebrarum
891 2254 1021 2302 circa
1034 2254 1205 2303 horam
1227 2271 1306 2301 xx1
1324 2254 1372 2301 in
1401 2253 1587 2318 capella
1600 2254 1804 2318 prefata,
1831 2257 1960 2319 Papa

166 2342 395 2402 presente
434 2338 483 2386 in
520 2354 674 2403 cappa
699 2338 803 2386 sine
834 2338 979 2386 mitra
1010 2339 1148 2402 cujus
1176 2337 1391 2385 fimbrias
1423 2336 1567 2384 simul
1598 2336 1826 2386 collectas
1860 2342 1959 2386 tam

165 2421 325 2470 eundo
353 2420 414 2470 ad
442 2422 679 2486 capellam
715 2439 862 2486 quam
894 2421 1144 2470 redeundo
1176 2421 1381 2486 portavit
1407 2424 1462 2468 R.
1492 2423 1540 2468 P.
1571 2423 1627 2468 D.
1666 2422 1958 2470 Benedictus

163 2505 559 2571 archiepiscopus
611 2506 908 2555 Nicosiensis
954 2507 1206 2555 assistens.
1253 2506 1325 2554 Ad
1379 2506 1697 2570 antiphonam
1741 2506 1959 2554 Christus

163 2591 344 2655 factus,
379 2593 510 2655 Papa
533 2590 800 2654 genuflexit
829 2591 879 2639 in
908 2590 1177 2640 faldistorio
1206 2595 1254 2638 et
1295 2591 1340 2638 in
1362 2592 1457 2638 tine
1493 2590 1611 2638 dixit
1645 2590 1917 2639 orationem
1946 2608 1954 2637 :

167 2673 333 2722 omnia
363 2674 458 2722 alia
476 2674 623 2723 etiam
647 2675 902 2724 observata
928 2679 1038 2723 sunt
1059 2689 1196 2722 more
1225 2674 1383 2722 solito.
1404 2675 1652 2723 lntorticia
1687 2679 1733 2723 et
1756 2674 1958 2722 candele

170 2773 318 2822 super
337 2758 609 2806 cancellum
626 2763 673 2807 et
695 2758 986 2806 candelabra
1008 2758 1202 2806 fuerunt
1224 2773 1282 2807 ex
1298 2773 1409 2806 cera
1434 2759 1699 2807 communi.

236 2841 376 2890 Feria
392 2841 576 2905 quinta,
602 2842 651 2889 in
673 2857 795 2890 cena
816 2841 1029 2905 Domini,
1062 2844 1089 2888 8
1121 2841 1236 2890 dicti
1265 2841 1448 2890 mensis
1481 2841 1664 2905 aprilis,
1707 2845 1871 2888 Rmus,
1900 2844 1958 2888 D.

170 2923 593 2972 vicecancellarius
615 2925 877 2973 celebravit
904 2924 1104 2972 missam
1137 2925 1410 2975 solemnem
1428 2926 1476 2973 in
1513 2926 1699 2990 capella
1720 2925 1957 2989 predicta,

171 3010 300 3071 Papa
325 3012 571 3072 presente.
602 3009 750 3056 Missa
790 3008 942 3077 finita,
983 3007 1094 3057 data
1128 3009 1472 3058 benedictione
1519 3026 1608 3074 per
1651 3009 1954 3073 pontificem,

170 3089 441 3139 cardinales
478 3097 773 3156 acceperunt
812 3095 1097 3157 paramenta
1130 3093 1219 3141 sibi
1253 3094 1610 3152 convenientia,
1647 3109 1744 3141 non
1777 3107 1956 3156 expec-

88 3162 92 3165 ’
169 3178 327 3223 tantes
349 3175 477 3240 quod
501 3175 927 3225 vicecancellarius
971 3175 1224 3225 celebrans
1264 3182 1548 3241 paramenta
1572 3192 1658 3224 sua
1687 3176 1955 3240 deponeret

169 3258 399 3307 missalia.
431 3258 582 3320 Idem,
608 3259 819 3308 dimissis
841 3259 969 3324 apud
991 3259 1313 3308 faldistorium
1341 3260 1557 3309 vestibus
1579 3260 1748 3320 sacriS‚
1767 3260 1959 3324 accepit
2004 3314 2009 3319 ,

169 3342 569 3407 superpellicium
598 3348 646 3392 et
670 3344 895 3408 pluviale,
933 3348 1123 3393 retento
1147 3343 1343 3392 amictu.
1387 3344 1516 3407 Papa
1548 3343 1596 3390 in
1630 3342 1751 3391 solio
1783 3342 1959 3391 sedens

169 3426 401 3491 imposuit
451 3426 705 3477 incensum
757 3427 806 3475 in
853 3428 949 3476 duo
998 3427 1244 3477 thuribula
1285 3431 1358 3486 et,
1394 3426 1615 3492 deposita
1652 3427 1742 3475 sibi
1789 3427 1956 3487 mitra,
