2262 3958
181 319 289 365 [Aom
307 329 399 373 1484]
622 325 793 364 RERUM
826 323 1134 362 URBANARUM
1171 323 1522 362 COMMENTARH,
1931 329 1979 366 37

179 434 232 483 in
250 431 456 492 titulum,
478 430 554 480 vel
571 434 623 479 ut
642 429 774 478 unita
796 429 899 478 aliis
920 428 1171 477 beneficiis
1195 428 1533 477 ecclesiasticis
1554 445 1642 494 per
1662 446 1745 479 eos
1769 431 1976 482 obtentis

181 519 244 568 ad
271 533 441 569 eorum
478 515 623 565 vitam
657 514 998 572 obtinuissent;
1036 517 1084 561 et
1116 513 1196 560 illa
1228 514 1501 562 obtinentes
1541 515 1805 578 apostolice
1849 516 1975 563 sedis

181 601 376 662 notarii,
419 599 674 664 capellani,
730 596 1027 655 cubicularii,
1079 596 1259 655 nuncii,
1308 597 1556 646 literarum
1603 600 1977 662 apostolicarum

181 685 568 743 abbreviatoreS‚
601 682 887 748 scriptoreS,
921 696 1006 728 seu
1046 680 1161 728 alias
1200 681 1418 744 ejusdem
1449 682 1576 730 sedis
1608 683 1863 744 officialeS,
1898 689 1978 733 aut

183 769 348 835 quavis
375 769 469 818 alia
502 767 728 832 qualitate
757 765 967 827 aliquam
997 764 1138 812 aliam
1169 766 1548 815 reservationem
1579 769 1857 831 generalem
1892 785 1978 818 seu

185 851 447 920 specialem
471 851 547 901 vel
567 849 877 899 affectionem
903 848 1163 897 inducente
1189 848 1450 912 qualificati
1483 855 1546 908 et,
1572 852 1666 899 mei
1698 857 1777 900 aut
1803 854 1978 917 prede-

185 952 434 988 cessorum
474 949 696 983 meorum
748 948 1061 983 romanorum
1106 931 1393 997 pontificum
1433 932 1721 993 familiareS,
1762 936 1978 984 continui

174 1018 536 1071 >commensales
569 1023 713 1068 antea
743 1019 949 1068 fuissent
986 1023 1034 1067 et
1061 1019 1111 1067 in
1142 1023 1394 1084 posterum
1429 1023 1597 1079 erunt,
1635 1019 1694 1067 de
1737 1036 1979 1068 consensu

181 1101 437 1153 cardinalis
467 1116 654 1159 eorum,
686 1101 736 1149 in
764 1101 1015 1150 literarum
1037 1102 1251 1167 desuper
1279 1104 1604 1168 expeditione,
1639 1110 1686 1153 et
1717 1121 1815 1154 non
1844 1106 1981 1154 aliter

181 1187 448 1248 conferam,
473 1190 554 1235 aut
573 1186 827 1251 disponam
847 1187 907 1235 de
931 1186 1132 1247 eisdem,
1158 1187 1242 1247 ita,
1267 1192 1318 1236 ut
1339 1189 1377 1236 si
1400 1204 1543 1237 secus
1565 1205 1731 1253 egero,
1757 1190 1805 1238 id
1827 1194 1979 1238 totum

179 1271 358 1322 nullius
388 1271 450 1320 sit
475 1271 664 1320 roboris
693 1271 770 1320 vel
802 1271 1064 1333 momentir,
1100 1275 1148 1320 et
1181 1272 1219 1319 si
1256 1272 1550 1321 beneficium
1583 1274 1778 1337 aliquod
1808 1291 1979 1324 vacare

181 1356 638 1422 quomodocumque
653 1356 929 1421 contigerit,
954 1357 1059 1421 ejus
1081 1356 1274 1405 collatio
1290 1357 1402 1421 jure
1425 1358 1666 1405 ordinario
1689 1359 1749 1406 ad
1770 1359 1980 1422 aliquem

182 1457 243 1490 ex
286 1439 494 1490 domi-nis
539 1439 863 1489 cardinalibus
909 1439 1198 1504 spectaverit
1243 1444 1292 1490 et
1331 1442 1646 1506 pertinuerit,
1699 1443 1806 1492 volo
1850 1446 1980 1508 quod

179 1523 305 1574 illius
335 1523 526 1573 collatio
558 1527 607 1572 et
633 1523 843 1588 provisio
872 1539 961 1588 per
993 1523 1150 1588 ipsum
1174 1524 1425 1574 dominum
1456 1527 1750 1576 cardinalem
1780 1528 1980 1578 collato-

180 1623 287 1657 rem
315 1607 416 1668 fiat,
451 1607 597 1657 etiam
627 1606 667 1655 si
697 1607 815 1655 illud
844 1607 1068 1656 obtinens
1093 1609 1288 1657 alterius
1320 1610 1576 1659 cardinalis
1598 1612 1847 1661 familiaris
1870 1598 1983 1661 con-

180 1692 344 1742 tinuus
361 1691 704 1741 commensalis
730 1691 900 1752 fuerit3
934 1692 993 1740 de
1023 1692 1194 1755 quibus
1216 1693 1301 1742 fiet
1332 1695 1555 1759 specialis
1578 1697 1746 1760 regula
1768 1698 1815 1745 in
1838 1698 1982 1761 plena

179 1777 338 1826 forma
374 1778 424 1825 et
451 1778 663 1840 ponetur
698 1774 749 1822 in
783 1775 907 1823 libro
937 1777 1225 1825 cancellarie
1262 1782 1310 1827 et
1339 1779 1662 1842 publicabitur
1697 1781 1746 1829 in
1785 1782 1977 1842 eodem,

181 1861 298 1910 dum
323 1863 372 1910 et
391 1859 581 1925 quoties
608 1858 793 1908 eisdem
824 1860 1148 1909 cardinalibus
1174 1861 1416 1911 videbitur
1439 1867 1487 1912 et
1515 1865 1752 1929 placebit;
1789 1870 1835 1914 et
1857 1867 1982 1914 ultra

181 1933 361 1995 dictam
380 1944 599 2009 regulam
620 1944 940 2009 expedientur
954 1945 1083 1994 bulle
1100 1946 1286 2010 singule
1301 1963 1390 2011 pro
1406 1948 1622 2011 quolibet
1644 1950 1976 1998 cardinalium.

181 2033 460 2081 Teneantur
487 2033 652 2080 tamen
680 2029 766 2090 illi,
800 2030 976 2094 quibus
1005 2046 1096 2094 per
1124 2031 1394 2080 cardinales
1433 2033 1679 2097 predictos
1721 2035 1981 2099 contigerit

180 2132 270 2183 pro
291 2121 511 2182 tempore
541 2115 783 2181 provideri
810 2115 869 2164 de
900 2115 1152 2164 beneficiis
1181 2116 1522 2165 ecclesiasticis
1553 2118 1848 2182 hujusmodi,
1883 2119 1981 2166 dis-

181 2201 411 2267 positioni
436 2200 701 2265 apostolice
723 2199 1017 2263 generaliter
1043 2200 1299 2248 reservatis
1320 2201 1395 2248 vel
1417 2201 1602 2250 affectis
1628 2206 1675 2250 et
1702 2203 1751 2250 in
1773 2219 1980 2266 quorum

181 2285 396 2334 favorem
416 2283 534 2332 alias
555 2283 862 2346 contingeret
890 2298 980 2347 per
1007 2282 1139 2347 ipsos
1163 2283 1434 2332 cardinales
1461 2285 1650 2349 disponi
1681 2286 1741 2334 de
1773 2286 1976 2349 eisdem,

184 2369 224 2418 si
253 2368 445 2417 illorum
474 2368 682 2427 fructuS,
715 2366 930 2415 redditus
959 2371 1007 2415 et
1035 2372 1295 2432 proventus
1323 2385 1537 2418 annuum
1570 2371 1784 2420 valorem
1813 2364 1980 2437 viginti

180 2457 388 2518 quatuor
408 2452 706 2502 florenorum
730 2451 834 2500 auri
864 2451 923 2500 de
952 2467 1148 2501 camera
1178 2453 1448 2501 secundum
1480 2469 1790 2503 communem
1821 2456 1982 2504 existi-

180 2538 448 2588 mationem
497 2537 816 2596 excederent,
866 2535 1078 2601 desuper
1126 2552 1300 2585 novam
1345 2536 1670 2601 provisionem
1717 2538 1791 2586 vel
1837 2539 1980 2587 aliam

181 2622 549 2692 dispositionem
570 2637 599 2670 a
625 2621 740 2670 sede
762 2621 950 2686 prefata
968 2619 1093 2667 infra
1116 2622 1227 2667 octo
1257 2619 1296 2667 si
1318 2619 1444 2667 ultra
1467 2623 1516 2667 et
1537 2623 1743 2682 quatuor
1763 2636 1977 2680 menses,

182 2706 222 2755 si
255 2705 378 2755 citra
405 2708 597 2754 montes
631 2704 974 2765 consisterent,
1004 2704 1243 2754 beneficia
1272 2706 1376 2770 ipsa
1407 2721 1435 2753 a
1464 2705 1542 2754 die
1573 2705 1737 2753 habite
1774 2705 1978 2769 pacifice

180 2789 504 2855 possessionis
534 2789 836 2849 eorumdem,
868 2789 1106 2850 obtinere,
1140 2793 1188 2837 et
1218 2806 1277 2837 ex
1308 2792 1428 2848 toto,
1453 2788 1598 2836 etiam
1629 2788 1786 2851 quoad
1817 2804 1979 2835 came-

181 2890 286 2923 ram
306 2873 640 2939 apostolicam,
671 2875 781 2938 jura
809 2875 1004 2939 propria
1032 2875 1098 2923 illi
1128 2875 1292 2923 debita
1318 2875 1564 2934 solvendo,
1597 2874 1762 2922 literas
1784 2877 1979 2936 aposto-

180 2959 300 3008 licas
332 2958 543 3022 desuper
578 2957 824 3022 expedire.
860 2957 1086 3021 Alioquin
1122 2958 1364 3006 beneficia
1395 2958 1518 3022 ipsa,
1557 2957 1698 3004 dictis
1728 2957 1978 3003 mensibus

183 3041 412 3102 recursiS‚
434 3056 606 3090 vacare
628 3044 920 3090 censeantur
949 3056 1007 3090 eo
1037 3041 1162 3105 ipso,
1191 3040 1283 3089 nisi
1311 3040 1529 3105 legitimo
1563 3040 1773 3103 desuper
1801 3038 1979 3086 fuerint

182 3125 531 3190 impedimento
562 3125 744 3174 detenti
771 3126 845 3174 vel
871 3125 988 3190 ipsis
1015 3125 1289 3190 petentibus
1318 3123 1598 3189 hujusmodi
1625 3138 1797 3170 novam
1824 3121 1979 3185 provi-

185 3209 373 3259 sionem
403 3214 452 3260 et
480 3210 877 3275 protestantibuS‚
908 3210 1035 3274 quod
1065 3226 1152 3275 per
1182 3227 1265 3259 eos
1296 3226 1394 3258 non
1426 3214 1536 3268 stat,
1570 3205 1828 3269 contigerit
1848 3205 1977 3254 illam

185 3294 434 3360 denegari.
460 3298 564 3354 Quo
585 3311 700 3345 casu
723 3296 785 3344 ob
812 3311 909 3344 non
937 3295 1186 3343 obtentam
1216 3309 1390 3343 novam
1421 3291 1747 3356 provisionem
1776 3290 1825 3338 in
1846 3289 1976 3338 nullo

186 3380 255 3430 eis
276 3379 562 3444 prejudicet.

252 3467 391 3524 Item,
422 3463 550 3528 quod
583 3479 752 3514 omnes
787 3469 834 3514 et
864 3465 1037 3529 singuli
1070 3462 1338 3512 cardinales
1373 3461 1421 3509 in
1452 3461 1690 3510 electione
1725 3476 1834 3509 mea
1862 3476 1976 3523 pre-
