2262 3958
371 311 440 346 542
1114 310 1396 348 APPENDICE‚

551 457 565 476 α
592 441 738 494 Leqact
756 440 1015 481 Rhodiorum
1040 439 1163 492 Reqss
1192 442 1305 482 iussa
1327 441 1490 482 Bassz'is
1510 442 1711 483 mandata
1730 451 1956 497 exponunt.

430 570 446 589 ι
483 554 563 595 Ubi
594 565 697 595 vero
727 553 861 606 legati
897 554 1078 606 Regiam
1106 554 1385 606 appulerunt,
1422 553 1631 608 Bagyazit
1662 554 1912 597 thurcorum
1934 567 2039 610 rege
2060 566 2140 609 pro

372 629 492 660 more
507 619 711 666 salutato,
737 630 794 659 an
809 618 951 660 valeat
966 619 1217 660 rhodiorum
1233 620 1434 672 princeps
1448 620 1618 673 legatos
1634 622 1725 661 Rex
1738 623 1864 673 rogat
1880 631 1890 669 ;
1910 619 1952 662 hi
1967 620 2140 663 saluum

372 683 611 735 principem
638 682 921 734 respondent.
955 683 1191 725 Committit
1217 685 1449 737 legationis
1474 682 1679 725 mandata
1711 696 1720 724 :
1741 683 1876 725 basiis
1899 685 2135 737 exponant.

373 750 459 789 Nos
482 748 644 800 quippe
658 748 776 799 apud
796 748 972 789 thurcos
992 747 1171 790 inolevit
1197 761 1275 801 per
1299 750 1560 801 interpretes
1582 760 1631 790 ac
1657 744 1970 790 intercessores
1989 742 2139 806 basias

370 814 540 866 legatos
566 813 733 863 audire,
759 816 931 854 veteres
965 825 1195 865 persarum
1226 825 1354 866 reges
1383 813 1592 863 imitatos,
1626 812 1933 855 familiaritatis
1959 805 2137 855 vitando

371 878 515 931 gracia
545 890 554 917 :
582 889 668 930 que
697 878 940 919 secundum
966 879 1187 931 sapientes
1211 879 1431 920 fastidium
1461 879 1660 931 parturit.
1689 880 1736 919 ln
1756 878 1950 920 conclaui
1970 881 2134 928 autem,

371 944 626 984 clarissimis
645 943 985 985 consedentibus
1003 944 1154 993 basiis,
1177 945 1357 986 Achmat
1377 944 1553 997 ydronti
1571 947 1871 997 expugnatore
1892 946 1935 985 et
1953 941 2138 986 Missach

375 1009 645 1050 Rhodiorum
666 1012 970 1062 oppugnatore
995 1009 1129 1062 legati
1157 1010 1323 1051 honore
1346 1010 1485 1051 affecti
1510 1021 1560 1050 ac
1589 1008 1744 1049 sedere
1775 1009 1901 1060 iussi,
1926 1006 2135 1051 mandata

371 1074 592 1115 nunciant.
621 1091 635 1110 ι

422 1185 561 1239 Apres
582 1198 669 1227 une
685 1187 849 1240 longue
866 1187 1128 1238 discussion,
1150 1189 1215 1228 les
1235 1188 1577 1237 ambassadeurs
1595 1189 1649 1230 de
1661 1187 1835 1231 Rhodes
1849 1189 1893 1229 et
1908 1186 1968 1228 du
1981 1185 2134 1230 Sullam

373 1250 689 1292 s'accorderent
706 1262 783 1292 sur
801 1252 866 1292 les
887 1252 1132 1306 conditions
1154 1252 1263 1294 dela
1284 1253 1398 1304 paix.

725 1424 741 1443 α
765 1404 963 1448 Foederis
977 1406 1232 1448 conditiones
1251 1420 1302 1449 ac
1314 1408 1437 1461 Reqis
1457 1408 1786 1449 iusiurandum.

427 1538 442 1557 α
477 1520 685 1562 Referunt
705 1521 836 1562 Basie
855 1521 912 1562 ad
941 1532 1092 1573 regem
1114 1521 1362 1573 legatorum
1388 1522 1623 1573 postulata.
1650 1523 1741 1562 Rex
1761 1520 1950 1562 decrevit
1969 1519 2129 1562 foedus

366 1597 464 1628 cum
486 1585 664 1627 Rhodiis
692 1585 1029 1637 percuciendum
1052 1598 1061 1626 :
1083 1585 1202 1638 pacis
1227 1598 1383 1628 norma
1411 1587 1490 1627 hec
1522 1589 1602 1627 est.
1641 1584 1848 1639 Bagyazit
1873 1585 2130 1627 thurcorum

364 1662 440 1692 rex
458 1650 737 1691 iureiurando
755 1662 833 1702 pro
863 1662 984 1692 more
1004 1651 1282 1693 mahumetee
1310 1653 1422 1706 legis
1448 1652 1630 1693 adactus
1657 1652 1718 1693 sic
1743 1651 1874 1693 fatur.
1896 1651 2021 1693 Miles
2038 1650 2132 1702 gla-

365 1716 484 1757 dium
504 1727 559 1757 ne
577 1715 778 1769 stringito
799 1730 808 1757 :
832 1716 978 1758 clades
998 1715 1157 1759 inferre
1174 1730 1219 1758 ca
1229 1721 1343 1768 ueto,
1367 1729 1446 1759 nec
1462 1717 1701 1759 continenti
1721 1728 1802 1758 nec
1820 1717 1977 1769 pelago
1994 1716 2133 1759 armis

362 1782 506 1823 locum
543 1782 660 1824 dato.
703 1783 898 1824 Classem
936 1783 1147 1824 offensam
1185 1783 1373 1824 salutato
1414 1784 1681 1836 negociator,
1725 1786 1819 1824 tuto
1853 1780 2134 1824 mercimonia

363 1851 570 1889 exercete.
596 1849 895 1890 Commeatum
911 1848 1086 1897 sumito,
1109 1848 1230 1888 litem
1244 1861 1322 1900 pro
1336 1849 1568 1890 tribunalis
1585 1859 1707 1890 more
1728 1847 1929 1896 decidito,
1954 1857 2134 1890 seruum.

362 1913 612 1965 profugum,
637 1913 673 1954 si
691 1913 735 1953 in
753 1913 852 1965 lege
872 1916 1072 1954 versatur
1094 1913 1310 1954 restituito
1329 1926 1337 1962 ;
1361 1914 1399 1954 si
1416 1917 1537 1965 extra
1557 1914 1702 1966 legem
1719 1916 1803 1960 est,
1824 1923 1884 1953 xx
1900 1922 2132 1957 nummum

362 1979 457 2020 auri
478 1978 684 2030 exoluito.
707 1980 794 2019 Arx
817 1978 960 2018 Sancti
980 1977 1094 2018 Petri
1120 1978 1319 2031 profugis
1343 1982 1500 2031 patens
1521 1982 1615 2020 esto
1638 1990 1647 2018 :
1671 1977 1906 2030 superstite
1923 1976 2150 2030 Bagyazit

361 2043 555 2095 principe
574 2055 726 2095 pacem
744 2046 933 2084 seruato.

797 2196 812 2216 ι
838 2179 1012 2220 Amoris
1030 2180 1153 2220 verba
1177 2179 1224 2219 in
1241 2179 1423 2232 foederi-s
1437 2181 1697 2231 preconium.

418 2313 434 2332 α
459 2295 718 2337 Percussum
748 2297 862 2335 certe
878 2297 945 2335 est
960 2293 1117 2335 foedus
1138 2294 1238 2345 quis
1268 2292 1609 2341 conditionibus,
1643 2290 1940 2344 ignominiosa
1953 2301 2129 2346 quaque

363 2361 562 2412 pactione
588 2370 770 2411 prorsus
797 2359 976 2410 explosa
1003 2357 1123 2410 quod
1147 2358 1217 2399 vel
1243 2357 1564 2410 potentioribus
1589 2358 1801 2409 negatum
1818 2355 2126 2411 comperimus.

361 2426 485 2466 Perra
492 2437 539 2465 ro
554 2425 731 2476 quidem
744 2427 834 2464 tam
848 2424 1020 2464 celebre
1033 2422 1191 2463 foedus
1206 2424 1319 2463 inter
1336 2423 1524 2474 disparis
1540 2422 1684 2462 cultus
1699 2425 1742 2462 et
1756 2421 1956 2472 potencie
1971 2423 2128 2473 gentes

359 2489 602 2531 confectum
620 2489 868 2541 gnovimus‚
891 2487 1170 2528 Prouidencie
1184 2488 1362 2539 quidem
1383 2487 1532 2527 diuine
1551 2485 1728 2526 laudem
1747 2484 2025 2536 ascripserim
2041 2495 2128 2537 que

357 2565 508 2606 regem
529 2556 720 2606 Zyzymy
748 2564 827 2604 per
848 2552 1195 2604 contingentium
1214 2563 1448 2593 causarum
1467 2551 1696 2592 reuolutus
1717 2550 2012 2591 connexiones
2030 2549 2127 2590 rho-

358 2619 462 2659 dum
481 2617 701 2666 conduxit,
722 2620 764 2658 et
783 2618 960 2658 victorie
979 2616 1250 2668 triumphum
1275 2616 1440 2658 rhodiis
1469 2628 1523 2657 ex
1541 2616 1629 2657 alto
1650 2615 1840 2656 demisit.
1864 2616 1950 2656 Hec
1963 2613 2127 2667 quippe

358 2683 564 2735 Bagyazit
577 2683 634 2723 ad
649 2694 724 2723 eas
745 2683 969 2734 pactiones
986 2682 1267 2733 compellunt.

444 2848 460 2867 α
498 2832 752 2873 Thurinorum
774 2830 874 2882 Reoe,
897 2818 1069 2871 semotis
1097 2831 1287 2881 arbitris,
1315 2829 1576 2871 Rhodiorum
1605 2829 1761 2881 leyatos
1786 2827 2039 2881 alloquitur.

418 2964 434 2983 ec
467 2947 657 2989 Foedere
691 2945 851 2998 legatis
880 2956 1027 2986 coram
1059 2955 1284 2997 percusso,
1318 2955 1396 2985 rex
1424 2944 1632 2996 Bagyazit
1663 2942 1853 2984 exclusis
1881 2939 2123 2982 arbitrisin

362 3012 599 3064 penetralia
627 3024 675 3054 se
694 3011 923 3053 conferens
941 3010 1194 3052 rhodiorum
1211 3010 1381 3062 legatos
1399 3009 1599 3050 accersiri
1616 3008 1746 3049 iussit
1775 3016 1787 3048 ἓ
1813 3007 1895 3048 hos
1913 3005 2119 3047 sedentes

361 3089 439 3129 per
457 3077 739 3129 interpretem
759 3073 964 3130 benignis
983 3076 1128 3118 verbis
1148 3075 1335 3117 consulit
1345 3074 1400 3116 de
1413 3074 1559 3115 fratris
1577 3072 1793 3126 profugio,
1812 3073 1995 3113 ubinam
2006 3071 2122 3112 loco·

362 3155 458 3184 rum
490 3146 704 3193 versetur,
751 3152 808 3183 an
847 3142 902 3182 sit
940 3142 1108 3182 saluus.
1149 3141 1215 3181 Ad
1247 3142 1401 3193 rogata
1432 3139 1567 3191 legati
1599 3138 1799 3179 consulto
1833 3134 2116 3189 respondent,

361 3211 582 3259 postremo
603 3207 829 3259 subiungit
849 3219 859 3247 :
879 3218 1031 3258 pacem
1047 3218 1147 3247 cum
1162 3209 1308 3246 vestro
1323 3204 1516 3257 principe
1530 3203 1677 3256 pepigi
1694 3213 1825 3255 quem
1844 3203 1957 3243 bene
1972 3199 2119 3243 valere

361 3272 502 3324 cupio,
524 3274 760 3325 hortorque
775 3276 822 3313 ut
841 3273 973 3325 legati
991 3273 1124 3313 verba
1139 3282 1271 3324 quem
1284 3271 1329 3310 in
1349 3269 1567 3321 presentia
1588 3269 1712 3309 mitto
1731 3279 1817 3308 non
1838 3277 1965 3308 secus
1986 3275 2119 3318 quam

361 3348 414 3377 ex
435 3349 531 3378 meo
548 3348 623 3379 ore
639 3338 862 3379 manantia
883 3337 1110 3390 intelligat.
1130 3338 1318 3378 Mentem
1336 3334 1516 3386 accipiet
1542 3344 1703 3385 meam,
1726 3335 1795 3374 cui
1816 3334 2118 3385 obtemperare

361 3402 538 3443 studeat
558 3414 679 3456 rogo.
704 3404 787 3444 Hec
808 3402 939 3452 fatus,
957 3402 1127 3454 legatos
1143 3402 1319 3443 dimisit.
