2262 3958
115 331 434 374 [Novembre1485]
559 330 727 367 RERUM
754 329 1058 366 URBANARUM
1093 328 1444 366 COMMENTAHll.
1832 329 1899 364 157

183 435 420 501 Episcopo
440 435 572 483 fratri
594 435 807 483 defuncti
830 434 1005 482 dentur
1024 449 1177 481 caune
1199 449 1239 493 v,

182 519 385 570 Cuilibet
405 519 654 584 capellano
679 534 833 567 caune
859 533 951 576 1111,

181 603 384 653 Cuilibet
405 603 635 652 scutifero
660 618 814 652 canne
834 617 921 660 1111,

182 687 387 737 Cuilibet
406 687 629 736 familiari
657 701 810 735 canne
831 701 879 733 111
902 683 1092 732 stameti
1114 684 1173 732 de
1197 684 1312 741 fine,

185 771 484 820 Paramentis
503 770 726 819 omnibus
743 767 1101 833 pontificalibus
1116 767 1266 830 nigris
1287 783 1375 831 pro
1398 767 1694 827 celebrante,

186 854 441 904 Dalmitica
460 858 505 904 et
527 852 751 902 tunicella
773 868 883 900 cum
904 851 1007 900 aliis
1028 865 1116 914 pro
1139 850 1342 898 diacono
1365 854 1412 898 et
1433 851 1751 911 subdiacono,

189 939 406 1002 Quinque
423 936 707 1002 pluvialibus
729 939 775 984 et
797 935 931 983 stolis
954 933 1101 998 nigris
1124 933 1244 982 ultra
1262 933 1379 982 alias
1395 933 1533 994 duas,

189 1025 343 1072 Cruce
363 1023 596 1086 argentea
617 1035 727 1068 cum
749 1035 835 1067 suo
857 1019 1049 1078 baculo,

187 1103 429 1154 Rumbulo
449 1103 500 1152 in
517 1103 766 1163 navicella,

185 1192 284 1240 Vas
304 1204 426 1253 aque
449 1187 704 1237 benedicte
721 1203 831 1236 cum
846 1187 1140 1252 aspersorio,

187 1276 306 1323 Octo
328 1271 620 1322 candelabra
641 1276 688 1321 et
705 1272 1024 1321 faldistorium
1046 1288 1132 1336 pro
1154 1271 1449 1329 celebrante,

189 1356 342 1406 Libris
360 1356 560 1416 missali,
586 1356 971 1421 evangelistario,
992 1355 1267 1421 epistolario
1290 1359 1337 1404 et
1357 1371 1444 1420 pro
1465 1354 1787 1404 absolutione.

189 1444 291 1499 Que
319 1440 482 1490 omnia
506 1441 725 1506 predicta
752 1440 922 1489 haberi
947 1443 1173 1505 poterunt
1200 1456 1259 1488 ex
1276 1439 1462 1507 capella
1490 1442 1634 1503 Pape,
1663 1442 1711 1488 et
1743 1438 1904 1502 provi-

123 1525 297 1575 deatur
326 1524 386 1574 de
419 1525 599 1590 bajulo,
639 1525 719 1589 qui
749 1525 911 1573 omnia
941 1525 1000 1572 ad
1039 1524 1295 1573 ecclesiam
1325 1527 1483 1588 portet
1518 1527 1566 1572 et
1599 1526 1814 1587 reportet
1845 1522 1903 1571 ab

124 1609 314 1660 eadem.

193 1693 352 1743 Factis
375 1692 607 1756 exequiiS,
630 1693 904 1741 solvantur:

157 1832 159 1834 ,
191 1780 294 1827 DD.
313 1777 503 1828 clericis
525 1776 914 1826 ceremoniarum
930 1776 1091 1825 ducati
1112 1775 1224 1836 XV1,'

193 1865 251 1911 D.
276 1862 520 1912 Hieremie
543 1861 622 1926 qui
643 1876 921 1910 sermonem
942 1860 1072 1921 fecit,
1103 1860 1262 1908 ducati
1284 1876 1357 1920 v13

194 1946 481 1996 Cantoribus
503 1946 707 2012 capelle,
731 1944 891 1994 ducati
913 1961 961 1994 v.

193 2033 443 2090 Cursores,
480 2046 539 2079 ex
567 2034 703 2094 parte
739 2023 1072 2086 executorum‚
1109 2027 1333 2077 intiment
1360 2028 1552 2077 familiis
1591 2030 1906 2080 cardinalium

127 2113 257 2178 quod
280 2113 395 2162 lune
432 2111 639 2177 septima
669 2111 812 2176 hujus
845 2112 991 2161 velint
1032 2129 1139 2161 esse
1179 2113 1228 2160 in
1260 2113 1468 2162 ecclesia
1497 2113 1638 2162 beate
1666 2114 1817 2163 Marie
1850 2115 1909 2163 de

128 2198 313 2264 Populo
333 2198 457 2247 hora
473 2213 576 2258 Xiv,
598 2197 659 2246 ad
679 2196 1070 2246 interessendum
1089 2197 1321 2261 exequiis.

194 2282 326 2331 Idem
348 2280 495 2330 etiam
515 2280 739 2329 intiment
760 2280 1063 2330 celebraturo
1095 2285 1142 2330 et
1167 2286 1373 2346 quatuor
1391 2282 1633 2347 episcopis
1651 2283 1913 2332 absolutio-

128 2381 242 2416 nem
263 2364 481 2425 facturis,
507 2367 554 2413 et
577 2366 632 2412 D.
659 2364 901 2413 Hieremie
925 2380 1201 2414 sermonem
1216 2365 1458 2425 habitum,
1721 2362 1724 2365 ”

196 2449 330 2499 ldem
358 2447 579 2498 ordinent
607 2448 792 2512 aliquos
820 2448 947 2497 inter
984 2465 1036 2498 se
1075 2449 1154 2513 qui
1185 2466 1295 2498 cum
1328 2450 1512 2499 baculis
1541 2450 1637 2499 suis
1671 2451 1916 2516 argenteis

128 2533 394 2600 precedant
426 2531 658 2582 familiam
691 2532 906 2581 defuncti
941 2533 990 2581 in
1023 2549 1165 2582 mane
1195 2534 1508 2598 exequiarum
1536 2550 1564 2582 a
1586 2533 1732 2582 domo
1762 2550 1914 2598 usque

129 2619 191 2667 a'd
217 2616 492 2678 ecclesiam,
528 2620 592 2677 et,
626 2616 762 2664 finito
799 2617 979 2677 officio,
1013 2617 1072 2666 de
1111 2618 1320 2667 ecclesia
1352 2618 1413 2667 ad
1445 2618 1642 2666 domum
1664 2634 1748 2666 eos
1777 2618 1917 2666 redu-

135 2704 272 2761 cant;
1450 2695 1459 2706 ⁶

202 2784 342 2842 Quod
361 2799 474 2833 cera
490 2800 678 2834 summo
700 2803 842 2836 mane
863 2787 1102 2852 pendatur
1123 2787 1248 2836 etad
1266 2787 1523 2836 ecclesiam
1554 2787 1788 2847 mittatur,

199 2868 339 2926 Quod
360 2873 514 2917 vestes
535 2885 622 2934 pro
650 2870 851 2919 funestis
879 2887 1069 2920 summo
1103 2888 1244 2921 mane
1271 2871 1364 2920 sint
1386 2871 1434 2919 in
1456 2872 1599 2920 domo
1621 2871 1834 2920 defuncti
1857 2871 1922 2918 ita

137 2952 267 3018 quod
289 2952 550 3001 familiares
572 2953 692 3002 hora
710 2971 785 3002 xiv
806 2954 854 3002 in
876 2955 1084 3004 ecclesia
1105 2971 1212 3004 esse
1240 2956 1447 3020 possint.

199 3037 370 3086 Omnia
389 3037 625 3102 premissa
647 3037 838 3087 suerunt
859 3039 1079 3088 ordinata
1100 3043 1147 3088 et
1168 3039 1434 3099 observata,
1456 3040 1622 3105 paucis
1644 3040 1855 3087 mutatis.

203 3121 348 3170 Misse
363 3122 503 3170 basse
519 3113 640 3171 Lxxii
657 3122 851 3172 fuerunt
867 3124 1129 3183 celebrate,
1147 3123 1274 3171 inter
1287 3123 1619 3187 infrascriptos
1634 3123 1887 3171 distribute
1908 3140 1918 3171 :

205 3210 467 3254 conventus
506 3224 546 3255 s.
579 3207 728 3256 Marie
771 3208 830 3256 de
874 3207 1058 3273 Populo
1099 3207 1354 3256 celebravit
1428 3245 1438 3255 .
1517 3246 1527 3256 .
1600 3245 1610 3255 .
1687 3245 1696 3254 .
1820 3223 1927 3255 xnu

208 3294 471 3338 conventus
493 3290 682 3339 Araceli
703 3291 963 3340 celebravit
1015 3329 1024 3339 .
1093 3330 1102 3340 .
1178 3328 1187 3338 .
1261 3328 1269 3338 .
1350 3330 1358 3339 .
1438 3329 1446 3338 .
1526 3329 1535 3338 .
1610 3328 1619 3339 .
1695 3329 1703 3338 .
1842 3307 1925 3339 viu

208 3377 473 3436 conventus
503 3390 543 3423 S.
577 3374 817 3424 Dominici
850 3375 910 3424 de
949 3376 1164 3424 Minerva
1191 3375 1452 3424 celebravit
1527 3414 1535 3422 .
1602 3413 1610 3421 .
1690 3414 1698 3422 .
1873 3392 1932 3423 xv

206 3462 471 3506 conventus
494 3475 531 3507 s·
554 3459 806 3523 Augustini
829 3459 1084 3509 celebravit
1158 3498 1168 3509 .
1247 3497 1256 3507 .
1335 3497 1344 3509 .
1424 3497 1434 3509 .
1512 3498 1522 3509 .
1601 3499 1610 3508 .
1689 3498 1697 3507 .
1852 3477 1933 3508 vui
