2262 3958
186 283 295 327 [AW'il
318 283 410 324 ¹487]
650 282 819 321 RERUM
853 282 1160 321 URBANARUM
1198 280 1549 320 COMMENTARH.
1903 278 1973 317 245

183 386 383 436 sacrista
428 391 578 450 super
619 392 717 434 un'o
765 386 1056 436 candelabro
1092 385 1254 451 aptavi
1295 389 1343 433 et
1378 384 1427 431 in
1463 381 1623 432 medio
1661 380 1822 430 altaris
1860 385 1969 429 ante

184 485 378 520 crucem
394 468 575 517 ibidem
602 469 810 533 positam
835 470 1008 532 locavi,
1040 470 1315 536 paunicello
1336 468 1517 517 ibidem
1545 483 1696 533 prope
1724 471 1969 522 manente,

182 552 443 604 Celebrans
475 567 575 601 non
603 552 720 601 dixit
745 553 860 601 Paoe
888 554 1032 613 vobis,
1063 554 1150 602 sed
1182 553 1419 601 Dominus
1448 551 1701 611 vobiscum,
1736 555 1784 599 et
1823 551 1965 611 bene,

181 641 230 688 et
255 636 468 701 quinque
506 636 768 695 orationeS,
802 640 855 685 ut
883 637 932 685 in
965 637 1122 701 prima
1151 636 1394 687 dominic-a
1428 636 1824 700 Quadragesime.
1864 637 1970 685 Non

181 720 271 770 fuit
297 728 476 782 sei-mc,
506 720 620 785 quia
647 723 932 784 procurator
969 722 1150 769 ordinis
1178 721 1537 770 carmelitarum
1580 721 1662 784 qui
1691 735 1968 769 sermonem

181 803 393 853 facturus
414 808 518 853 erat
542 802 790 852 infirmum
816 819 868 851 se
895 803 1030 851 dixit.
1064 804 1217 852 Finita
1244 803 1408 862 missa,
1438 796 1567 868 Papa
1591 804 1722 852 dedit
1745 803 1971 852 benedic-

180 888 363 938 tionem
384 888 654 938 solemnem
676 891 724 936 et
743 887 1066 951 indulgentias
1087 891 1274 952 septem
1297 903 1538 936 annorum
1567 890 1613 935 et
1638 888 1837 936 totidem
1859 904 1971 951 qua-

177 973 501 1037 dragenarum
540 987 659 1035 quas
697 971 951 1019 celebrans
998 972 1273 1036 publicavit..
1306 972 1490 1022 Deinde
1541 974 1743 1024 sacrista
1790 971 1970 1035 aptavit

180 1056 489 1123 panniculum
528 1055 710 1106 circum
742 1055 918 1120 pedem
956 1071 1064 1104 rose
1109 1071 1254 1119 quam
1298 1057 1597 1121 consignavit
1635 1059 1690 1105 D.
1737 1053 1969 1118 Sinolpho

180 1139 263 1205 qui
280 1139 460 1200 omnia,
485 1139 613 1189 facta
631 1155 720 1204 per
740 1141 920 1203 Papam
950 1139 1167 1188 oratione
1193 1139 1243 1188 in
1271 1139 1558 1202 faldistorio,
1585 1140 1717 1190 dedit
1739 1136 1971 1187 cardinali

180 1223 384 1274 Senensi
418 1228 467 1275 et
499 1224 578 1274 ille
599 1224 817 1290 pontifici
851 1224 930 1288 qui
962 1239 1087 1284 eam,
1113 1229 1164 1272 ut
1197 1224 1348 1290 priuS‚
1380 1225 1588 1290 portavit
1616 1225 1677 1274 ad
1704 1237 1968 1281 cameram,

179 1309 294 1374 quia
313 1325 422 1359 eam
443 1310 640 1359 daturus
659 1313 763 1359 erat
784 1309 1111 1358 illustrissimo
1129 1312 1185 1359 D.
1206 1310 1466 1375 magnifico
1489 1311 1600 1360 duci
1618 1307 1972 1374 Monopoliensi

180 1393 230 1443 in
249 1394 464 1459 partibus
485 1394 753 1443 infidelium
776 1394 1019 1454 existenti,
1045 1394 1122 1459 qui
1147 1395 1386 1459 superiori
1407 1411 1535 1445 anno
1559 1399 1712 1444 Rome
1734 1393 1910 1442 fuerat.

250 1479 479 1539 Sabbato,
507 1482 562 1528 31
586 1479 762 1538 martii,
789 1462 1110 1527 circa'horam
1130 1496 1232 1535 xm,
1259 1481 1343 1528 SS.
1370 1482 1428 1528 D.
1447 1482 1526 1540 N.‚
1551 1479 1747 1528 indutus
1771 1476 1969 1536 amictu,

183 1563 309 1624 alba,
350 1562 562 1627 cinguIO,
602 1562 821 1626 stolaque
864 1562 1080 1612 violacea
1119 1563 1362 1628 simplice,
1403 1564 1779 1628 precedentibus
1816 1562 1973 1627 ipsum

185 1662 330 1696 cruce
351 1651 401 1696 et
420 1646 592 1695 decem
622 1646 966 1708 cardinalibUS,
998 1663 1086 1712 per
1114 1647 1241 1696 viam
1272 1648 1408 1712 juxta
1441 1649 1624 1697 flumen
1659 1646 1884 1711 equitavit
1915 1646 1975 1694 ad

185 1731 445 1781 ecclesiam
470 1731 613 1779 beate
650 1731 801 1779 Marie
823 1731 883 1780 de
905 1732 1107 1795 PopulO,
1143 1731 1224 1780 ubi
1252 1732 1380 1781 facta
1407 1733 1626 1782 oratione
1658 1735 1769 1781 ante
1804 1730 1971 1789 altare,

182 1819 284 1864 tum
297 1829 385 1880 per
398 1814 523 1864 viam
539 1818 723 1863 rectam
738 1815 799 1863 ad
814 1814 1072 1864 ecclesiam
1084 1816 1226 1864 beate
1236 1816 1387 1864 Marie
1402 1816 1452 1865 in
1466 1816 1540 1865 via
1553 1819 1670 1864 Lata
1683 1820 1730 1864 et
1749 1829 1974 1878 campum

181 1897 321 1948 Flore
349 1897 492 1946 rediit
512 1898 572 1946 ad
592 1897 822 1962 palatium
845 1914 1005 1958 suum,
1031 1914 1089 1946 eo
1119 1900 1288 1948 ordine
1318 1917 1414 1964 quo
1435 1901 1581 1950 venit.
1616 1900 1755 1949 Circa
1774 1902 1973 1964 pontem

183 2000 224 2032 s.
275 1984 467 2049 Angeli,
503 1984 634 2033 dedit
673 1984 919 2034 licentiam
966 1983 1288 2035 cardinalibus
1331 1985 1412 2049 qui
1462 1985 1633 2034 domos
1673 2001 1785 2051 suas
1823 1983 1977 2033 redie-

185 2067 314 2118 runt.

251 2154 506 2204 Dominica
519 2153 685 2218 quinta
707 2153 1085 2218 Quadragesime
1102 2153 1161 2202 de
1178 2152 1409 2202 Passione
1432 2157 1729 2218 nuncupata,
1751 2157 1767 2201 1
1791 2153 1974 2217 aprilis,

185 2241 240 2287 R.
261 2240 314 2287 P.
330 2240 388 2287 D.
405 2238 538 2288 Titus
560 2238 817 2303 episcopus
833 2238 1101 2288 Castrensis
1119 2237 1169 2286 in
1184 2237 1475 2303 patrimonio
1498 2238 1759 2287 celebravit
1778 2238 1977 2286 missam

184 2322 427 2387 publicam
449 2323 498 2371 in
519 2322 705 2387 capella
725 2337 919 2386 magna,
952 2324 1081 2386 Papa
1107 2325 1352 2386 presente.
1383 2320 1512 2369 Dixit
1540 2325 1637 2369 tres
1661 2320 1904 2369 orationes
1927 2327 1978 2370 ut

185 2404 234 2453 in
261 2405 524 2466 ordinario,
558 2408 607 2454 et
633 2405 841 2469 ipsemet
870 2404 986 2453 fecit
1016 2419 1294 2453 sermonem
1319 2404 1414 2452 hoc
1444 2403 1631 2452 ordine.
1663 2404 1819 2454 Finito
1841 2422 1979 2455 evan-

185 2489 331 2555 gelio,
345 2490 567 2555 deposita
587 2490 768 2550 casula,
787 2490 976 2555 accepit
993 2489 1199 2555 pluviale
1219 2488 1509 2545 violaceum,
1527 2489 1731 2538 retentis
1752 2490 1978 2539 omnibus

186 2573 290 2623 aliis
329 2574 646 2640 paramentis,
683 2574 830 2622 etiam
875 2574 1052 2623 annulo
1096 2579 1144 2622 et
1181 2573 1496 2622 chirothecis
1547 2576 1666 2623 Tum
1711 2575 1978 2639 pontificali

187 2656 311 2706 libro
344 2659 561 2708 osculato
602 2663 650 2707 et
672 2658 943 2718 incensato,
981 2658 1193 2707 biretum
1227 2661 1274 2706 et
1308 2656 1503 2705 mitram
1536 2661 1645 2707 ante
1676 2674 1726 2707 se
1759 2662 1975 2722 portanS,

189 2739 328 2789 factis
353 2740 403 2789 in
430 2746 610 2790 terram
639 2758 793 2805 usque
828 2742 964 2791 altari
995 2746 1042 2791 et
1071 2745 1198 2807 Pape
1228 2743 1528 2802 reverentiis,
1563 2744 1846 2807 genuflexus
1868 2749 1977 2793 ante

191 2827 388 2889 Papam,
419 2825 525 2890 ejus
555 2841 684 2890 genu
716 2826 938 2874 dextrum
966 2826 1208 2875 osculatus
1235 2830 1326 2889 est,
1358 2827 1752 2877 benedictionem
1774 2828 1913 2892 petiit
1933 2833 1979 2876 et

191 2908 539 2973 indulgentias3
558 2909 730 2973 quibus
744 2909 939 2969 habitis,
964 2910 1101 2959 factis
1123 2916 1172 2959 ut
1192 2927 1336 2976 supra
1358 2913 1656 2974 reverentiis,
1676 2912 1894 2961 ascendit
1915 2913 1978 2960 ad

190 2992 445 3058 pulpitum,
470 2997 518 3042 et
538 2993 733 3042 mitram
765 2993 855 3043 sibi
877 2994 1151 3059 imponens,
1186 2995 1302 3044 fecit
1333 3013 1629 3057 sermonem,
1661 3001 1839 3061 etpost
1867 3008 1981 3044 con·

191 3077 454 3127 sessionem
507 3079 842 3144 pronunciavit
884 3079 1236 3145 indulgentias;
1274 3085 1324 3130 et
1369 3082 1462 3131 alia
1501 3097 1638 3130 more
1680 3080 1820 3129 solito
1868 3087 1979 3129 sunt

193 3161 463 3212 observata.

259 3248 360 3311 Ego
381 3247 710 3297 celebrantem
731 3249 791 3298 ad
816 3249 1054 3315 pulpitum
1086 3253 1284 3298 euntem
1312 3254 1358 3298 et
1390 3250 1500 3298 inde
1523 3250 1584 3298 ad
1604 3249 1753 3298 altare
1778 3249 1982 3298 redeun-

194 3334 293 3379 tem
314 3330 563 3380 associavi.

261 3413 399 3462 Feria
434 3414 591 3474 tertia,
636 3418 662 3463 3
697 3417 878 3465 mensis
918 3418 1099 3482 aprilis,
1147 3421 1201 3466 R.
1248 3421 1300 3466 P.
1339 3421 1395 3466 D.
1436 3418 1682 3467 Johannes
1725 3420 1981 3485 episcopus
