2262 3958
872 279 1157 318 APPENDICE.
1840 283 1907 319 541

125 384 330 431 rumdam
353 382 616 424 furibundas
645 385 818 423 mentes
846 381 959 423 adeo
995 382 1173 430 inuasit,
1205 385 1254 422 ut
1281 393 1362 423 nec
1387 384 1614 435 quiescere
1644 383 1802 433 sciunt,
1824 395 1906 425 nec

121 449 233 491 alios
251 449 298 490 in
311 451 466 501 pacato
482 458 582 488 esse
610 447 883 499 permittunt.
916 447 959 487 Si
987 457 1073 498 pax
1099 458 1234 499 quam
1267 447 1446 498 suades,
1477 448 1547 489 his
1577 448 1904 490 conditionibus

122 513 321 558 imitatur
353 523 466 566 quas
495 512 701 564 amplecti
722 513 865 562 liceat,
898 512 935 552 si
964 514 1085 552 tutus
1111 513 1258 554 aditus
1284 516 1449 565 pateat,
1480 513 1637 555 foedus
1670 514 1911 566 expetitum

123 590 215 623 non
234 577 615 633 paruipendimus.
651 579 736 619 Res
763 580 830 617 est
861 577 1024 629 quippe
1050 589 1136 630 que
1163 579 1338 630 publico
1364 580 1548 621 comodo
1579 580 1794 622 conducit.
1823 582 1909 621 Nec

123 645 254 688 nobis
286 647 456 686 ceteros
486 654 739 697 proponas;
773 643 1084 694 unusquisque
1115 644 1373 696 aggreditur
1403 645 1525 696 quod
1547 646 1631 686 sibi
1661 646 1908 698 propicium

122 712 376 756 arbitratur.
410 710 500 751 Nec
530 709 649 750 enim
674 708 785 749 deus
809 719 892 748 nec
918 711 1076 748 natura
1104 708 1216 759 ipsa,
1245 720 1327 749 nec
1353 709 1556 751 homines
1581 714 1793 763 expetunt
1820 711 1907 751 nisi

124 776 246 831 quod
262 777 456 818 humana
475 774 783 816 subministrat
797 772 983 813 facultas
1001 786 1010 813 ε
1032 773 1144 814 ultra
1167 774 1288 825 quod
1304 774 1498 816 humano
1519 776 1698 829 ingenio
1713 779 1776 818 nil
1789 778 1907 818 relic-

125 847 223 885 tum
241 844 380 896 patet.
399 840 524 882 Vale.
559 841 675 880 Dum
705 838 833 879 litere
869 838 923 878 de
954 838 1241 890 percutiendo
1273 838 1451 880 foedere
1483 841 1776 891 missitantur‚
1800 853 1911 882 nun-

129 908 386 959 ciorumque
416 905 664 958 frequentia
699 903 816 944 ultro
847 903 1045 955 citroque
1074 903 1319 952 intercedit,
1351 906 1569 946 exercitus
1602 906 1915 947 dissidentium

127 973 321 1026 fratrum¹
345 972 391 1012 in
419 970 514 1012 asia
547 969 751 1010 militant.
787 970 982 1021 Zyzymy
1012 979 1190 1021 quoque
1221 969 1390 1010 viribus
1418 969 1614 1022 inferior,
1641 972 1743 1012 Asia
1775 973 1913 1012 disce-

130 1037 242 1080 dens
272 1035 332 1078 ad
367 1034 560 1076 Rhodios
604 1034 688 1074 sub
717 1033 763 1074 id
794 1037 972 1086 tempus
1005 1033 1216 1087 confugit.
1252 1036 1461 1087 Bagyazit
1492 1039 1641 1077 autem
1677 1037 1731 1077 de
1764 1036 1913 1078 fratris

130 1101 334 1156 profugio
362 1100 560 1142 solicitus
584 1112 594 1140 ε
616 1099 802 1140 nuncios
829 1102 872 1140 et
899 1099 1050 1140 literas
1071 1111 1258 1152 propere
1288 1099 1346 1140 ad
1378 1100 1557 1142 ditionis
1578 1101 1741 1142 limites
1764 1102 1909 1143 mittit.

130 1167 243 1211 Licie
257 1169 408 1208 autem
428 1175 583 1219 preses
603 1165 817 1206 cauilloso
837 1165 1018 1219 ingenio
1046 1166 1126 1215 vir,
1156 1165 1392 1206 submissis
1414 1167 1684 1218 quibusdam
1705 1179 1759 1208 ex
1779 1168 1913 1220 vulgo

130 1232 340 1282 asiaticis,
371 1235 575 1275 accurate
605 1234 889 1284 percontatur
919 1232 957 1272 si
992 1234 1186 1285 Zyzymy
1213 1232 1271 1273 ad
1304 1232 1497 1274 Rhodios
1534 1233 1789 1287 prefugerit.
1827 1234 1908 1275 Ubi

133 1301 284 1341 autem
305 1297 446 1340 Rhodi
465 1309 567 1339 eum
583 1297 751 1339 versari
771 1297 953 1349 accepit,
981 1308 1074 1338 rem
1095 1298 1304 1350 Bagyazit
1327 1298 1555 1339 celerrimo
1576 1299 1717 1350 aperit
1735 1300 1913 1349 nuncio,

132 1365 210 1418 qui
242 1365 395 1406 literas
435 1373 622 1415 propere
651 1362 708 1404 ad
736 1365 942 1404 nostrum
973 1363 1216 1415 principem
1249 1363 1394 1413 dedit;
1429 1364 1595 1405 Presidi
1627 1364 1845 1406 mandans
1867 1367 1915 1405 ut

132 1440 212 1483 pro
230 1429 443 1482 temporis
464 1428 676 1482 qualitate
695 1428 764 1469 his
782 1432 947 1470 utatur.
971 1429 1108 1470 Litera
1117 1441 1215 1469 rum
1235 1433 1385 1470 autem
1409 1429 1626 1470 sententia
1650 1430 1730 1470 hec
1750 1434 1832 1471 est.

137 1572 155 1600 ς
174 1555 375 1610 Epistola
390 1556 640 1596 thurcorum
656 1557 782 1608 Reyis
807 1554 864 1596 ad
881 1557 1144 1610 maqistrum,
1173 1562 1221 1596 uc
1241 1556 1440 1597 adhibeat
1457 1557 1587 1607 sidem
1606 1558 1718 1598 Licie
1731 1559 1914 1608 presidi.

191 1683 209 1703 ι
246 1658 490 1720 imperator
509 1665 718 1719 Bagyazit
737 1665 855 1706 Chan
877 1664 935 1717 (id
955 1667 1023 1705 est
1044 1664 1264 1705 maximus
1285 1664 1593 1719 maximorum)
1616 1666 1766 1706 Grecie
1786 1669 1920 1718 atque

135 1732 229 1774 asie
252 1734 342 1783 Rex
365 1725 558 1774 inuictus
585 1745 596 1773 ε
615 1725 936 1773 colendissimo
963 1741 1013 1771 ac
1038 1730 1433 1783 precellentissimo
1454 1731 1637 1783 principi
1655 1733 1781 1772 Petro
1803 1733 1921 1772 Dau-

137 1799 310 1842 busson
332 1799 604 1842 Rhodiorum
635 1798 848 1851 magistro
885 1798 928 1838 S.
957 1798 1001 1837 P.
1034 1798 1084 1837 D.
1109 1796 1275 1838 Presidi
1292 1797 1367 1849 qui
1392 1808 1490 1838 mea
1516 1797 1609 1838 vice
1629 1797 1774 1838 liciam
1791 1798 1921 1851 regit,

135 1859 331 1918 quedam
351 1864 516 1907 credidi
535 1865 617 1906 tibi
635 1863 922 1916 exponenda3
954 1863 1030 1915 qui
1051 1866 1094 1904 et
1114 1866 1310 1903 mentem
1339 1862 1533 1915 profecto
1561 1862 1738 1916 deteget
1756 1875 1916 1914 meam,

139 1926 198 1995 da⁵
213 1923 363 1989 itaque
384 1929 520 1972 fidem
549 1944 559 1972 :
593 1941 676 1971 nec
706 1930 835 1971 aliter
854 1930 990 1972 verba
1009 1930 1167 1970 audias
1187 1941 1320 1982 quam
1342 1930 1378 1971 si
1400 1925 1470 1971 me
1493 1940 1641 1971 coram
1666 1930 1921 1982 loquentem

123 1988 362 2051 intelligas
379 1996 512 2039 velim
535 2009 546 2037 t
566 2008 622 2037 ex
637 1996 793 2037 intimo
814 2006 1008 2048 namque
1026 1996 1182 2036 affectu
1194 1999 1391 2037 manant.
1407 1996 1621 2048 Quicquid
1641 1999 1757 2037 certe
1775 1999 1920 2037 tecum

137 2063 380 2116 pepegerit,
414 2065 593 2117 gratum
625 2062 733 2103 mihi
761 2061 854 2103 fore
887 2065 1036 2103 teneto
1068 2062 1181 2103 vale.
1226 2063 1337 2103 Licie
1369 2072 1522 2115 preses
1551 2063 1724 2116 (callida
1753 2062 1916 2115 mente)

137 2128 372 2181 epistolam
391 2139 482 2170 non
497 2128 642 2170 reddit
666 2141 675 2168 :
697 2139 802 2169 nam
822 2128 995 2180 legatos
1016 2128 1275 2180 propediem
1299 2132 1511 2169 venturos
1544 2128 1795 2169 coniectans
1814 2139 1920 2180 ope-

135 2193 263 2246 ritur,
286 2205 479 2248 quorum
498 2192 816 2246 profectionem
836 2203 893 2233 ne
914 2192 1165 2244 prepediret
1187 2205 1197 2232 1
1219 2193 1371 2234 literas
1391 2193 1449 2234 ad
1469 2197 1645 2245 tempus
1667 2193 1868 2234 occultat.

212 2332 215 2335 '
289 2343 307 2364 ι
338 2325 598 2371 Rhodiorum
619 2325 747 2379 leqati
764 2326 812 2366 in
830 2325 966 2365 asiam
988 2324 1224 2376 traieciunt,
1247 2327 1306 2367 ad
1317 2338 1471 2379 pacem
1491 2326 1775 2368 tractandam.

193 2441 211 2462 ε
234 2426 315 2467 Per
330 2425 554 2476 idtempus
571 2424 780 2477 legantur
798 2422 843 2462 in
863 2422 1004 2463 asiam
1024 2422 1129 2463 clari
1146 2423 1332 2475 equites,
1355 2424 1498 2465 Guido
1519 2424 1856 2465 montarnaldus
1879 2426 1921 2465 et

137 2489 377 2534 leonardus
397 2493 568 2543 pratus,
605 2489 682 2542 qui
701 2488 756 2530 de
777 2499 884 2541 pace
912 2491 1111 2529 tractent.
1142 2489 1396 2532 Mandatum
1429 2493 1497 2531 est
1518 2490 1678 2543 legatis
1710 2492 1759 2530 ut
1791 2500 1922 2530 omne

139 2556 367 2610 vectigalis
402 2567 548 2610 genus
585 2555 812 2604 reficiant,
845 2565 928 2595 nec
958 2554 1255 2607 ignominiose
1284 2555 1475 2608 pactioni
1505 2554 1664 2608 (ordini
1694 2555 1923 2596 hierosoli-

140 2623 307 2674 mitano
323 2633 415 2664 non
427 2621 615 2674 decenti)
637 2621 904 2663 assenciant.
935 2621 1079 2672 Turpe
1100 2632 1294 2674 namque
1318 2625 1361 2663 et
1383 2622 1641 2663 indecorum
1668 2625 1736 2662 est
1755 2623 1831 2674 qui
1847 2633 1925 2673 pro

142 2687 231 2730 fide
249 2687 440 2729 militant
464 2687 686 2728 incelebre
719 2691 896 2738 pactum
923 2699 1022 2729 cum
1045 2688 1326 2728 mahumeteo
1357 2688 1483 2728 inire.
1512 2689 1607 2739 Quo
1627 2687 1699 2728 die
1727 2699 1751 2728 a
1772 2688 1923 2729 Rhodo

145 2756 340 2807 Zyzymy
369 2752 559 2794 decessit
589 2751 646 2792 ad
677 2753 836 2804 gallias
873 2753 1198 2806 transmigrans
1228 2765 1237 2793 ε
1270 2752 1404 2806 legati
1431 2754 1686 2794 rhodiorum
1711 2753 1756 2793 in
1782 2753 1924 2793 liciam

143 2819 377 2862 traiiciunt.
407 2819 633 2860 Prouincie
666 2829 821 2870 preses
847 2819 932 2872 (vir
960 2819 1140 2871 quidem
1171 2818 1305 2859 fallax
1331 2822 1375 2860 et
1406 2818 1598 2872 astutus)
1628 2818 1836 2872 Bagyazit
1867 2818 1924 2858 ad

144 2885 327 2927 modum
358 2883 584 2926 familiaris
615 2882 840 2937 fidusque,
868 2884 957 2925 leta
987 2884 1204 2936 hilarique
1229 2883 1339 2925 facie
1379 2888 1577 2926 oratores
1607 2884 1779 2935 excipit,
1808 2894 1920 2934 quos

144 2953 605 3003 caute'percontatur,
642 2953 685 2991 et
718 2949 872 2992 fallere
911 2950 1178 3003 ambagibus
1220 2950 1406 2991 nittitur.
1450 2949 1624 3001 Expetit
1654 2959 1925 3001 magnopere

143 3016 456 3058 mandatorum
494 3027 718 3056 summam
753 3019 797 3057 et
830 3018 1024 3068 Zyzymy
1055 3026 1321 3067 progressus
1349 3015 1596 3068 intelligere
1628 3013 1795 3066 :legati
1827 3025 1926 3054 vero

146 3081 400 3134 prudentes·
417 3084 459 3123 et
489 3092 653 3134 graues
682 3081 778 3131 viri,
806 3081 938 3121 modo
967 3080 1146 3130 blanda,
1180 3081 1313 3122 modo
1339 3081 1557 3122 minancia
1578 3080 1713 3121 verba
1742 3078 1929 3131 presidis

146 3147 531 3200 floccipendentes,
573 3147 720 3188 sobrie
747 3146 1048 3198 respondent;
1082 3157 1162 3186 nec
1192 3146 1404 3199 detegunt
1424 3158 1510 3198 que
1540 3147 1774 3187 commissa
1806 3148 1923 3186 sunt.

148 3214 276 3255 Periit
295 3213 442 3268 igitur
472 3213 662 3265 presidis
683 3213 852 3254 fallacia
890 3223 977 3263 que
1003 3214 1228 3252 oratorum
1254 3212 1484 3263 perspicax
1515 3212 1743 3264 ingenium
1772 3210 1923 3252 fallere

146 3281 314 3332 nequit,
334 3280 484 3331 plures
515 3279 610 3320 dies
639 3279 760 3330 apud
785 3290 885 3320 eum
916 3279 983 3318 his
1011 3278 1156 3318 causis
1195 3278 1351 3318 morati
1375 3290 1384 3317 :
1410 3277 1586 3317 tandem
1616 3288 1716 3316 cum
1737 3275 1923 3327 presidis

146 3346 293 3399 gracia
316 3345 464 3399 (quem
483 3345 675 3386 arduum
694 3345 875 3398 quidem
900 3345 1135 3397 negocium
1164 3343 1399 3396 legationis
1419 3344 1488 3383 ius
1512 3343 1719 3395 principis
1740 3341 1926 3383 formido

148 3412 408 3462 inoleuerat,
430 3414 697 3464 temperarat
717 3411 910 3464 quoque)
941 3410 1038 3453 licia
1058 3410 1304 3460 discedunt,
1334 3421 1384 3450 ac
1403 3409 1522 3463 regis
1542 3408 1738 3450 tribunal
1755 3410 1926 3460 petunt.
