2262 3958
362 332 432 366 260
963 329 1194 365 JOHANNis
1229 329 1521 376 nunculiam,
1932 334 2011 375 [Mai
2036 335 2122 376 1487}

363 436 446 481 SS.
475 437 531 481 D.
557 436 613 481 N.
651 433 859 480 scribere
899 432 1040 479 vellet
1073 432 1368 496 principibus
1401 432 1654 481 Germanic
1682 434 1810 496 quod
1839 435 1998 498 ipsum
2021 437 2131 499 jure
2155 436 2158 437 ⁷

367 532 453 564 suo
490 532 585 564 non
618 516 803 579 privent
836 515 921 562 sed
958 515 1225 563 admittant.
1261 518 1316 563 Et
1352 515 1462 578 quia
1495 521 1731 564 erraverat
1769 517 1818 564 in
1851 518 2132 582 hujusmodi

368 614 452 646 sua
478 598 821 661 propositione,
855 598 949 645 dixi
975 598 1132 661 ipsum
1161 614 1344 647 errasse
1373 598 1418 645 in
1448 598 1681 662 predicto,
1716 604 1973 664 propterea
2003 602 2133 666 quod

369 696 582 729 errorem
605 696 742 728 suum
764 681 1057 745 corrigeret;
1083 697 1141 730 ex
1168 687 1279 729 tunc
1308 681 1435 730 idem
1473 684 1529 728 D.
1569 685 1730 730 orator
1763 683 1985 732 adstatim
2017 700 2133 734 con-

367 764 521 812 sessus
549 768 622 812 est
656 768 703 813 et
734 764 850 812 dixit
876 782 926 813 se
962 780 1149 814 errasse
1170 765 1374 814 dicendo
1396 764 1523 828 quod
1544 779 1628 812 rex
1656 765 1885 814 Bohemie
1908 767 2131 816 electioni

358 848 545 895 romani
577 847 817 911 pontificis
854 848 1087 897 interesse
1129 849 1344 907 deberet,
1391 849 1475 896 sed
1525 847 1734 896 voluisse
1783 848 1943 898 dicere
2000 849 2131 913 qued

360 930 580 979 electioni
626 934 951 979 Romanorum
999 932 1337 994 imperatoris3
1386 936 1680 995 quapropter
1731 947 1944 980 errorem
1986 948 2128 981 suum

358 1013 662 1062 emendabat.
704 1014 778 1062 Ad
816 1030 908 1077 que
949 1017 1030 1063 SS.
1061 1017 1116 1062 D.
1151 1017 1206 1063 N.
1246 1014 1364 1062 nihil
1408 1014 1677 1078 respondit,
1721 1015 1806 1063 sed
1842 1019 2127 1078 procurator

362 1096 562 1152 fiscalis,
608 1096 687 1159 qui
727 1097 861 1160 jussu
907 1113 1016 1145 meo
1057 1097 1242 1161 jamdiu
1289 1100 1537 1161 rogaverat
1579 1098 1935 1160 protonotarios
1982 1114 2129 1162 super

363 1179 652 1237 obedientia,
691 1183 743 1226 ut
774 1180 1093 1228 instrumenta
1120 1180 1430 1239 conficerent,
1468 1179 1600 1226 finita
1629 1181 1977 1243 protestatione
2012 1197 2126 1245 pre-

351 1260 495 1319 dicta,
521 1261 626 1308 illos
665 1276 800 1309 more
836 1262 976 1310 solito
1010 1263 1268 1325 requisivit.
1302 1263 1493 1310 Primus
1522 1267 1764 1311 oratorum
1797 1264 2123 1326 predictorum

350 1344 552 1408 portavit
598 1344 799 1393 caudam
851 1345 1067 1408 pluvialis
1107 1345 1345 1409 pontificis
1387 1362 1539 1409 usque
1583 1346 1643 1394 ad
1687 1362 1929 1395 cameram
1975 1364 2124 1412 papa-

351 1426 479 1490 galli.

416 1512 501 1558 SS.
539 1512 594 1558 D.
626 1512 681 1559 N.
719 1511 992 1576 intelligens
1021 1513 1090 1560 lll.
1118 1513 1386 1577 principem
1423 1512 1679 1560 Herculem
1706 1513 1922 1561 Ferrarie
1949 1514 2122 1563 ducem

348 1608 434 1656 pro
474 1594 761 1658 complendo
800 1588 1041 1659 voto‘per
1088 1611 1197 1644 eum
1243 1595 1438 1656 emiSSO,
1482 1595 1540 1644 de
1578 1596 1809 1645 visitando
1849 1597 2120 1660 sepulcrum

347 1676 610 1724 beatissimi
633 1678 835 1741 apostoli
857 1681 880 1725 J
886 1680 1023 1727 acobi
1044 1680 1093 1726 in
1115 1679 1453 1743 Campostella,
1478 1679 1570 1727 iter
1589 1675 1864 1743 arripuisse,
1880 1680 2122 1728 commiSit

346 1759 414 1806 lll.
440 1760 548 1807 duci
570 1761 829 1809 Mediolani
857 1777 944 1825 per
969 1763 1106 1826 cujus
1138 1756 1405 1811 dominium
1434 1758 1716 1810 transiturus
1755 1766 1856 1811 erat
1887 1762 1982 1811 dux
2007 1777 2121 1826 pre-

344 1842 514 1902 dictus,
543 1847 591 1891 ut
613 1844 656 1891 ei
678 1845 929 1892 transitum
953 1846 1148 1893 omnino
1167 1847 1474 1910 prohiberet3
1499 1845 1645 1908 igitur
1665 1861 1775 1893 cum
1796 1845 2007 1909 prefatus
2021 1844 2117 1894 dux

344 1926 572 1975 Hercules
605 1928 927 1976 Mediolanum
963 1930 1276 1994 pervenisset,
1310 1929 1498 1993 accepit
1525 1929 1667 1977 breve
1695 1929 2011 1992 apostolicum
2030 1945 2118 1993 per

342 2009 472 2071 quod
500 2012 583 2058 SS.
624 2013 681 2058 D.
725 2014 781 2059 N.
821 2016 985 2060 votum
1025 2013 1353 2078 supradictum
1390 2005 1720 2071 commutavit,
1759 2016 1811 2060 ut
1848 2012 1973 2061 illius
2008 2012 2116 2062 loco

339 2089 504 2139 limina
525 2093 854 2157 apostolorum
879 2094 1107 2155 visitaret,
1143 2095 1329 2157 volens,
1368 2112 1426 2145 ex
1459 2095 1684 2150 mandato
1708 2096 1986 2144 Sanctitatis
2009 2111 2111 2154 sue,

339 2172 495 2236 ipsum
526 2174 701 2223 ducem
730 2176 926 2224 omnino
960 2178 1266 2227 retrocedere
1307 2179 1503 2239 debere,
1543 2178 1621 2242 qui
1658 2193 1770 2227 cum
1803 2178 1995 2227 circiter
2032 2194 2115 2227 ccc

339 2254 576 2317 equitibus
605 2260 651 2305 et
684 2258 1030 2322 quinquaginta
1064 2261 1206 2309 mulis
1245 2262 1472 2321 oneratis,
1509 2277 1596 2326 pro
1626 2261 1797 2310 itinere
1832 2259 2112 2326 hujusmodi

337 2338 624 2400 complendo
651 2355 817 2388 secum
849 2336 1124 2406 assumptis,
1159 2344 1270 2392 illuc
1305 2349 1525 2403 venerat;
1556 2345 1694 2408 cujus
1728 2339 1962 2391 mandato
1981 2343 2110 2391 idem

336 2420 431 2467 dux
461 2436 632 2483 parere
659 2423 822 2470 volens
850 2426 1143 2485 retrocessit,
1183 2432 1228 2475 et
1259 2420 1429 2475 eodem
1464 2426 1631 2475 ordine
1667 2431 1799 2475 recta
1836 2424 2108 2474 via'versus

335 2502 512 2551 Urbem
532 2504 679 2562 venit;
708 2521 803 2568 quo
840 2522 927 2570 per
959 2509 1043 2555 SS.
1088 2511 1144 2555 D.
1179 2512 1233 2557 N.
1270 2510 1448 2569 audito,
1490 2509 1723 2556 ordinavit
1755 2508 1991 2558 Sanctitas
2020 2525 2106 2557 sua

333 2583 518 2647 aliquos
557 2585 646 2633 sibi
682 2586 869 2635 obviam
905 2589 1097 2637 mittere
1138 2606 1288 2654 usque
1327 2592 1387 2639 ad
1424 2584 1923 2655 Aquampendentem‚
1958 2595 2103 2656 prout

331 2667 461 2714 misit
489 2672 693 2731 quatuor
721 2685 779 2718 ex
813 2670 910 2718 suis
949 2672 1186 2721 scutiferis
1227 2679 1273 2722 et
1309 2677 1364 2722 R.
1414 2677 1466 2722 P.
1507 2677 1564 2722 D.
1609 2674 2005 2723 Bartholomeum
2047 2675 2106 2723 de

294 2750 539 2798 ‘Morenis
578 2751 994 2818 archiepiscopum
1031 2756 1090 2804 de
1131 2757 1336 2820 Vignola
1362 2757 1708 2806 cubicularium
1746 2773 1885 2805 suum
1920 2757 2100 2821 prim0;

330 2831 503 2880 deinde
525 2836 621 2880 RR.
647 2833 696 2880 in
720 2834 906 2883 Christo
929 2838 1021 2883 ΡΡ.
1047 2839 1145 2884 DD.
1173 2838 1484 2886 Laurentium
1511 2840 1931 2904 archiepiscopum
1953 2842 2105 2889 Bene-

329 2919 586 2964 ventanum
615 2920 662 2965 et
695 2917 1093 2981 Christophorum
1123 2919 1402 2984 episcopum
1431 2923 1798 2982 Cortonensem,
1835 2921 1998 2986 palatii
2027 2922 2102 2970 sui

328 2998 556 3061 prelatos,
582 3000 661 3062 qui
683 3006 990 3049 recesserunt
1013 3018 1071 3050 ex
1093 3003 1219 3052 Urbe
1248 3003 1323 3052 die
1351 3005 1577 3052 mercurii
1605 3010 1661 3054 16
1680 3006 1815 3065 maii3
1838 3006 1918 3070 qui
1939 3006 2098 3071 ipsum

327 3081 509 3130 ibidem
528 3091 834 3146 receperunt,
851 3100 947 3132 non
969 3089 1131 3135 tamen
1145 3087 1565 3151 processionaliter
1580 3089 1664 3136 sed
1679 3089 1794 3137 alias
1809 3088 2096 3149 honorifice,

326 3169 374 3212 et
401 3165 573 3214 deinde
613 3182 764 3229 usque
793 3167 851 3214 ad
880 3168 1055 3216 Urbem
1084 3169 1458 3217 associaverunt.
1498 3170 1801 3219 Gubernator
1826 3169 2097 3234 patrimonii

325 3247 436 3295 fecit
457 3264 718 3312 expensam
742 3265 799 3297 ex
817 3251 1036 3313 pecuniis
1059 3267 1249 3300 camere
1271 3252 1550 3314 apostolice.

390 3331 476 3379 Die
509 3331 692 3390 Martis,
722 3335 781 3379 22
820 3333 950 3394 maii,
982 3334 1107 3383 circa
1134 3335 1306 3382 horam
1337 3351 1414 3381 XXI
1437 3336 1650 3398 prefatus
1689 3336 1756 3384 Ill.
1785 3335 1881 3384 dux
1906 3333 2094 3382 intravit

324 3426 411 3473 per
437 3417 634 3475 pontem
664 3414 875 3463 Milvium
908 3421 954 3464 et
976 3421 1169 3480 portam
1194 3433 1230 3464 s.
1268 3417 1414 3465 Marie
1443 3418 1501 3466 de
1531 3419 1730 3481 Populo,
1761 3418 1837 3467 cui
1861 3420 2090 3466 venerunt
