2262 3958
337 322 383 357 48
940 315 1172 352 JOHANNIS
1205 314 1500 362 BURCHARDI,
1888 315 1992 358 [Aout
2013 317 2103 358 1484]

338 423 542 470 debeant
569 425 666 469 tres
701 419 966 468 cardinales
999 417 1255 481 cujuslibet
1287 416 1467 464 ordinis
1499 417 1702 480 priores,
1737 419 1796 466 ad
1827 418 2109 482 petitionem

341 504 463 552 sacri
493 503 700 567 collegii,
735 506 781 549 et
810 500 927 548 nulli
960 516 1170 563 unquam
1201 516 1282 548 eas
1309 499 1553 564 assignare
1581 500 1683 548 sine
1711 501 1925 549 omnium
1953 501 2109 550 cardi-

341 587 521 636 nalium
543 600 770 650 expresso
794 581 1051 632 consensu.

407 673 458 718 ln
489 669 654 733 primis
683 667 861 732 jurabit
894 671 941 715 et
973 667 1220 731 promittet
1252 668 1394 731 quod,
1432 667 1714 717 adveniente
1748 683 1862 717 casu
1894 668 2108 718 necessi-

341 753 448 801 tatis
484 751 791 800 subveniendi
824 750 1045 799 fidelibus
1079 751 1350 799 christianis
1371 752 1430 799 ad
1453 767 1620 800 eorum
1641 752 1970 801 defensionem
1990 767 2110 802 con-

342 839 413 882 tra
442 834 652 898 perfidos
682 836 882 892 Turcas,
916 833 1045 882 idem
1077 833 1404 881 sanctissimus
1434 833 1655 882 dominus
1691 834 1904 899 pontifex
1941 850 2110 882 omnes

340 917 560 965 aluminis
592 916 651 982 (1)
693 933 776 965 seu
816 917 940 980 apud
980 916 1165 964 Tolfam
1205 916 1415 965 redditus
1455 933 1599 965 causa
1645 917 1751 965 talis
1786 916 2110 966 subventionis

341 1004 548 1065 exponet
591 1000 651 1048 ad
696 1016 834 1047 usum
887 999 1212 1047 subventionis
1257 999 1500 1064 predicte3
1549 1001 1630 1065 qui
1679 1001 1718 1049 si
1764 1002 1823 1049 ad
1875 1016 2111 1049 summam

342 1083 685 1148 quinquaginta
727 1083 926 1131 millium
972 1083 1257 1131 ducatorum
1289 1100 1386 1132 non
1424 1085 1684 1150 attingent,
1732 1084 1859 1133 idem
1898 1084 2112 1149 pontifex

342 1171 526 1216 tantum
547 1168 605 1215 de
628 1167 731 1215 aliis
754 1166 1014 1215 redditibus
1036 1167 1250 1215 Ecclesie
1273 1183 1470 1217 romane
1497 1168 1628 1217 dabit
1655 1171 1702 1216 et
1728 1171 1935 1232 exponet
1961 1183 2112 1231 usque

342 1251 402 1297 ad
431 1250 608 1298 dictam
643 1265 879 1298 summam
914 1249 963 1296 in
997 1265 1088 1312 qua
1121 1253 1282 1297 tamen
1313 1251 1580 1315 computari
1612 1252 1789 1299 debent
1814 1250 2112 1315 provisiones

341 1332 573 1380 nobilium
612 1333 926 1397 profugorum
965 1336 1013 1381 et
1052 1332 1360 1397 expulsorum
1399 1334 1457 1382 ab
1498 1334 1795 1394 infidelibus3
1819 1349 1921 1397 ,que
1952 1334 2114 1381 tamen

343 1420 451 1464 octo
480 1416 627 1464 millia
654 1417 888 1465 excedere
915 1433 1013 1465 non
1042 1405 1265 1476 debeant,
1296 1416 1376 1476 ita,
1407 1421 1458 1465 ut
1486 1433 1732 1480 nunquam
1759 1417 1817 1465 de
1845 1416 1985 1464 dictis
2010 1415 2114 1464 alu-

343 1501 484 1549 minis
524 1501 786 1550 redditibus
826 1501 1116 1566 dispensari,
1158 1505 1238 1549 aut
1275 1501 1415 1549 aliter
1453 1504 1501 1548 et
1538 1500 1587 1548 in
1627 1500 1746 1548 alios
1787 1515 1899 1548 usus
1937 1498 2114 1562 exponi

342 1586 493 1650 possit
520 1587 605 1634 sub
626 1603 750 1650 pena
776 1585 1176 1634 interminationis
1199 1588 1246 1633 et
1272 1584 1588 1633 anathematis
1616 1587 1663 1631 et
1684 1583 1944 1651 sacrilegii3
1970 1584 2117 1654 quod-

343 1687 433 1734 que
474 1671 686 1719 redditus
737 1670 938 1734 predicti
984 1686 1072 1733 per
1118 1669 1319 1717 clericos
1365 1684 1556 1716 camere
1601 1666 1864 1731 apostolice
1905 1670 1952 1715 et
1991 1666 2115 1715 sacri

346 1754 534 1818 collegii
573 1754 766 1801 insimul
806 1754 1075 1802 scribantur
1114 1756 1161 1799 et
1207 1755 1548 1814 computentur
1585 1754 1633 1798 et
1677 1753 1902 1813 computa
1946 1766 2115 1798 eorum

343 1836 607 1895 videantur,
631 1837 1022 1900 deputandusque
1044 1835 1362 1899 depositarius
1389 1839 1610 1884 teneatur
1627 1835 1867 1898 predictas
1887 1833 2115 1898 pecunias

345 1935 584 1983 exponere
623 1919 682 1966 de
719 1920 942 1967 mandato
983 1918 1226 1966 communi
1260 1918 1546 1966 clericorum
1586 1933 1777 1966 camere
1818 1922 1865 1965 et
1905 1916 2112 1981 collegii,

345 2003 611 2051 secundum
632 2002 1083 2050 determinationem
1105 2001 1278 2049 summi
1298 2002 1537 2065 pontificis
1566 2005 1612 2049 et
1638 2001 1782 2049 trium
1804 2000 2115 2049 cardinalium

343 2086 557 2150 priorum
580 2101 639 2133 ex
660 2086 874 2149 quolibet
895 2085 1060 2133 ordine
1087 2102 1097 2133 ε
1130 2089 1177 2133 et
1203 2085 1251 2132 in
1272 2085 1352 2132 tali
1381 2101 1494 2133 casu
1522 2085 1788 2134 cardinales
1815 2086 1873 2134 de
1901 2085 2115 2149 ipsorum

342 2168 558 2232 pecuniis
580 2169 785 2216 offerunt
806 2168 919 2216 dare
941 2172 988 2216 et
1010 2169 1191 2217 solvere
1214 2184 1300 2232 pro
1322 2168 1402 2216 tali
1430 2168 1605 2216 auxilio
1628 2169 1797 2218 decem
1817 2168 1949 2217 milia
1974 2170 2117 2218 duca-

344 2257 501 2300 torum
523 2252 858 2299 solvendorum
877 2267 965 2315 pro
987 2256 1089 2300 rata
1107 2268 1194 2316 pro
1219 2252 1448 2315 quolibet,
1479 2253 1741 2301 secundum
1762 2257 1914 2302 ratam
1935 2257 1982 2302 et
2002 2269 2115 2318 pro-

343 2334 614 2397 portionem
654 2334 922 2382 reddituum
963 2351 1156 2382 suorum
1201 2351 1629 2398 quorumcumque.
1680 2339 1796 2384 Cum
1834 2352 1947 2384 vero
1987 2339 2114 2385 Deus

346 2416 641 2464 concesserit
663 2417 938 2479 generalem
965 2418 1319 2480 expeditionem
1340 2418 1542 2465 validam
1572 2422 1619 2465 et
1641 2419 1978 2477 sufficientem,
2003 2434 2116 2466 con-

346 2515 491 2546 cursu
514 2499 715 2546 sanioris
735 2500 882 2563 partis
903 2504 1253 2564 potentatuum,
1278 2501 1548 2564 principum
1576 2517 1631 2548 ac
1651 2502 1938 2565 populorum
1961 2501 2114 2549 chris—

345 2582 583 2629 tianorum
604 2583 664 2630 ad
685 2582 1000 2631 offensionem
1021 2583 1234 2647 ipsorum
1255 2584 1546 2647 perfidorum
1565 2587 1825 2632 Turcarum
1843 2584 1972 2643 fidei,
1993 2585 2116 2633 ultra
2150 2607 2153 2610 *

345 2664 567 2711 aluminis
589 2665 819 2727 redditus,
839 2667 978 2715 offert
994 2667 1119 2714 bona
1140 2667 1233 2714 fide
1253 2671 1299 2714 et
1317 2667 1460 2715 corde
1479 2683 1599 2731 puro
1618 2668 1901 2715 ducatorum
1920 2671 2113 2716 centum

346 2747 509 2807 millia,
546 2749 688 2796 modo
734 2766 826 2812 quo
872 2766 1014 2814 supra
1050 2767 1059 2798 :
1098 2767 1265 2798 omnes
1297 2751 1494 2815 insuper
1534 2751 1846 2799 ecclesiarum
1879 2752 2107 2812 decimas,

344 2823 486 2895 prout
504 2832 742 2880 videbitur
762 2835 1005 2898 expedire,
1028 2834 1346 2898 indulgentias
1368 2851 1554 2894 omnes,
1577 2834 1831 2898 vigesimas
1854 2839 1900 2887 et
1921 2835 2109 2899 trigesi-

346 2931 447 2962 mas
478 2919 526 2962 et
555 2915 669 2963 alias
699 2933 1022 2982 quascumque
1055 2918 1411 2981 impositiones,
1447 2935 1539 2981 que
1573 2918 1737 2977 utiles,
1761 2918 2033 2966 necessarie
2061 2922 2108 2966 et

346 2999 693 3063 supportabiles
724 2999 988 3062 videantur;
1024 3001 1381 3064 cardinalesque
1415 3001 1505 3064 ipsi
1531 3001 1708 3064 viginta
1738 3000 1884 3047 millia
1910 3000 2106 3047 ducato-

395 3195 428 3232 1.
455 3195 507 3233 La
525 3197 739 3234 decouverte
759 3196 803 3234 de
829 3195 952 3243 l’aInn,
976 3196 1037 3245 qui
1060 3197 1113 3232 fut
1131 3195 1292 3244 pendant
1319 3196 1401 3244 plus
1423 3196 1466 3232 de
1487 3194 1575 3231 trois
1601 3198 1702 3232 cents
1728 3206 1794 3231 ans
1828 3207 1896 3232 une
1916 3208 2044 3233 source
2063 3196 2107 3233 de

346 3266 498 3291 revenus
513 3256 782 3293 considerables
793 3267 883 3304 pour
902 3255 933 3292 le
949 3255 1195 3302 Saint-Siege,
1211 3259 1268 3291 est
1284 3255 1450 3291 racontee
1464 3265 1530 3302 par
1547 3253 1724 3290 Gobellini
1744 3253 1834 3290 dans
1852 3254 1903 3291 les
1919 3254 2106 3292 memoires

347 3314 390 3350 de
408 3315 471 3350 Pie
491 3316 536 3350 ΙΙ.
559 3316 651 3364 Voy.
679 3327 688 3352 t
721 3316 787 3352 Pii
805 3316 969 3353 Secundi
987 3317 1102 3351 Pont.
1124 3315 1227 3352 Max.
1250 3315 1527 3349 Commentarii
1548 3325 1680 3349 rerum
1700 3315 2006 3350 memorabilium
2027 3326 2108 3360 quoe

348 3376 578 3419 temporibus
610 3377 693 3411 suis
717 3378 962 3422 co'nciyerunt
993 3387 1016 3410 a
1046 3375 1089 3410 R.
1119 3375 1166 3411 D.
1195 3375 1372 3410 Joharme
1397 3373 1604 3417 Gobeccino,
1634 3379 1700 3409 etc.
1735 3372 1971 3420 Francorum,
2000 3373 2104 3416 1614,

348 3431 365 3466 1
387 3431 461 3471 vol.
487 3431 623 3479 in-fol.,
645 3445 685 3481 p.
708 3436 827 3472 185-6.
