2262 3958
340 317 411 352 272
946 314 1176 350 JOHANNIS
1210 313 1501 360 BURCHARffl,
1860 314 1990 357 [sumet
2010 315 2100 357 1487]

342 417 605 466 incensavit
651 418 1024 473 sacramentum,
1078 414 1249 462 deinde
1299 429 1501 477 surgens
1551 415 1664 463 fecit
1703 415 2061 464 confessionem
2091 431 2102 463 :

340 501 532 549 interim
556 499 822 548 cardinales
851 501 897 545 et
925 497 1001 545 alii
1035 513 1203 546 omnes
1234 498 1561 560 deposuerunt
1583 505 1879 562 paramenta.
1912 504 2108 565 Incepta

342 587 414 631 est
431 583 577 630 missa
598 587 643 629 et
665 581 940 629 continuata
974 596 1125 644 usque
1154 580 1212 627 ad
1241 580 1387 628 finem
1411 596 1545 628 more
1575 587 1823 631 consueto,
1855 587 2020 632 Rmus.
2046 586 2103 631 D.

340 666 585 713 Iohannes
609 663 862 712 cardinalis
889 663 1260 711 Mediolanensis
1296 664 1550 712 celebravit
1579 663 1777 712 missam
1809 669 1857 713 et
1891 681 1988 714 non
2023 665 2109 713 suit

343 763 503 797 sermo
529 766 538 795 :
565 747 726 795 omnia
745 746 838 794 alia
859 747 1110 795 observata
1131 750 1239 794 sunt
1259 751 1402 811 prout
1429 747 1476 794 in
1505 747 1831 796 ceremoniali.

409 831 548 879 Feria
565 830 745 894 quinta,
772 833 832 877 28
850 830 991 893 junii,
1015 830 1173 893 vigilia
1187 830 1516 894 apostolorum
1539 831 1666 878 Petri
1685 835 1732 879 et
1750 831 1899 892 Pauli,
1917 833 2110 881 fuerunt

344 929 543 978 vespere
565 914 758 978 papales
781 912 1022 961 solemnes
1044 913 1091 960 in
1113 913 1308 962 basilica
1333 913 1559 977 principis
1587 914 1929 978 apostolorum.
1952 915 2110 964 Cardi-

346 997 480 1046 nales
520 1002 566 1045 et
599 997 769 1060 prelati
804 1012 972 1045 omnes
998 1001 1230 1044 venerunt
1263 1012 1322 1045 ex
1350 1012 1540 1046 camera
1569 999 1838 1061 paramenti
1867 1015 2017 1063 usque
2049 999 2111 1048 ad

347 1080 522 1128 dictam
540 1080 785 1128 basilicam
807 1079 957 1143 parati
985 1084 1029 1151 et
1057 1080 1198 1140 male,
1221 1079 1330 1142 quia
1351 1079 1588 1128 debebant
1606 1081 1765 1130 venire
1789 1081 1838 1128 in
1858 1081 2048 1146 cappiS,
2063 1085 2111 1130 et

345 1166 469 1213 facta
496 1165 764 1223 reverentia
791 1182 818 1212 a
844 1164 1161 1213 cardinalibus
1191 1163 1239 1210 in
1273 1163 1454 1226 cappis,
1489 1164 1728 1212 debebant
1754 1164 1844 1228 ipsi
1871 1168 1918 1212 et
1943 1165 2111 1228 prelati

345 1252 624 1312 paramenta
660 1248 899 1311 accipere.
933 1247 1027 1295 Sed
1056 1246 1321 1295 cardinales
1347 1245 1599 1295 voluerunt
1627 1248 1721 1296 hoc
1754 1249 1897 1296 modo
1918 1249 2109 1308 venire;

345 1334 603 1395 propterea
622 1347 719 1378 non
741 1330 874 1394 potui
894 1330 989 1377 hoc
1010 1329 1261 1393 impedire,
1289 1329 1375 1377 sed
1391 1329 1520 1377 nolui
1540 1330 1667 1391 quod
1686 1334 1933 1394 portarent
1953 1331 2115 1380 balda-

348 1413 545 1462 chinum
586 1429 729 1477 supra
768 1413 1046 1477 pontificem
1094 1428 1245 1475 usque
1283 1411 1412 1474 quod
1449 1415 1697 1474 portarent
1736 1413 2035 1462 thuribulum
2069 1418 2117 1462 et

348 1496 636 1545 candelabra
658 1496 705 1543 in
726 1496 937 1544 basilica.
972 1496 1245 1544 Cardinales
1273 1499 1456 1543 tantum
1483 1496 1702 1544 fecerunt
1729 1498 2042 1546 reverentiam
2069 1503 2116 1546 et

348 1595 445 1628 non
466 1578 634 1643 prelati
657 1594 793 1627 more
815 1582 1065 1627 consueto.
1093 1580 1193 1634 Qua
1213 1579 1354 1637 facta,
1390 1581 1519 1642 Papa
1544 1578 1722 1643 incepit
1748 1595 1987 1644 vesperas.
2012 1580 2118 1628 Alia

351 1663 599 1710 observata
620 1665 729 1709 sunt
749 1677 882 1709 more
905 1664 1154 1719 consueto,
1179 1664 1378 1724 excepto
1400 1661 1529 1724 quod
1555 1661 1700 1724 aliqui
1722 1678 1779 1710 ex
1798 1663 2116 1711 cardinalibus

350 1745 601 1794 voluerunt
624 1745 782 1793 venire
813 1744 963 1808 parati
996 1749 1044 1792 et
1073 1744 1312 1793 associare
1343 1747 1399 1792 D.
1431 1749 1667 1804 nostrum,
1696 1749 1747 1793 ut
1770 1762 1865 1794 uno
1893 1746 2118 1796 inconve-

353 1828 502 1876 nienti
524 1828 634 1877 dato
658 1831 974 1891 sequerentur
998 1827 1152 1890 plura,
1183 1832 1230 1875 et
1257 1831 1488 1876 venerunt
1518 1843 1667 1890 usque
1699 1832 1833 1877 extra
1851 1829 2125 1890 basilicam,-

355 1911 454 1971 ubi,
484 1911 710 1975 depositis
735 1910 884 1958 sacris
909 1914 1215 1974 acceperunt,
1248 1915 1295 1958 et
1315 1893 1463 1970 male,
1487 1926 1679 1974 cappas.
1705 1912 1994 1975 Egovidens
2020 1928 2119 1960 non

354 1995 487 2059 potui
507 2011 675 2044 eorum
694 1993 924 2042 voluntati
946 1993 1169 2041 resistere
1191 2008 1201 2052 3
1226 1992 1419 2056 preterii
1441 1992 1647 2041 silentio.

420 2079 558 2127 Feria
579 2083 730 2138 sexta,
757 2081 815 2126 29
833 2076 973 2141 junii,
998 2076 1174 2124 festum
1202 2076 1528 2139 apostolorum
1555 2075 1680 2124 Petri
1702 2082 1748 2124 et
1770 2076 1920 2137 Pauli,
1952 2079 2035 2127 SS.
2061 2079 2117 2124 D.

354 2164 410 2210 N.
446 2161 648 2210 venitin
681 2176 821 2209 mane
861 2158 1281 2223 processionaliter
1308 2159 1367 2206 ad
1407 2159 1662 2207 ecclesiam
1696 2160 1784 2207 sub
1814 2158 2119 2218 baldachino,

357 2244 676 2294 cardinalibus
698 2249 746 2292 et
765 2243 958 2307 prelatis
978 2242 1173 2306 paratiS,
1206 2246 1253 2290 et
1283 2242 1566 2290 officialibus
1594 2242 1642 2289 in
1666 2242 1785 2290 albis
1808 2242 1964 2306 ipsum
1991 2257 2125 2290 asso-

359 2328 594 2376 ciantibus
623 2342 758 2376 more
793 2327 932 2375 sollto
962 2341 1056 2389 quo
1088 2326 1183 2373 hoc
1216 2341 1357 2374 mane
1382 2325 1544 2373 omnia
1574 2330 1683 2373 sunt
1705 2326 1967 2373 observata.
1999 2326 2126 2372 Pon-

359 2411 476 2460 tifici
497 2415 747 2475 portarunt
765 2426 938 2473 aquam
958 2425 1044 2473 pro
1063 2409 1273 2457 lavandis
1295 2408 1534 2468 manibus,
1551 2408 1724 2472 primo,
1740 2424 1863 2456 unus
1884 2412 2125 2455 oratorum

360 2493 487 2557 regis
525 2493 718 2557 Anglie3
763 2493 993 2550 secunde,
1042 2495 1259 2548 senator;
1303 2490 1461 2550 tertio,
1508 2496 1670 2539 comes
1709 2490 1922 2539 Tendille
1967 2493 2127 2538 orator

360 2576 486 2640 regis
517 2575 765 2639 Hispanie3
802 2578 988 2637 quarto,
1021 2573 1237 2636 dispotus
1270 2572 1530 2636 imperator
1561 2572 2120 2637 constantinopolitanus.

361 2662 525 2707 Rmus.
552 2661 606 2707 D.
635 2656 886 2706 cardinalis
919 2656 977 2704 de
1009 2654 1192 2704 Ursinis
1219 2655 1335 2702 dixit
1362 2655 1678 2718 evangelium,
1710 2659 1774 2715 et,
1807 2654 1954 2703 missa
1969 2655 2122 2713 finita,

359 2741 616 2805 publicavit
647 2740 885 2804 plenarias
927 2738 1243 2802 indulgentias
1279 2754 1367 2801 per
1418 2740 1501 2787 SS.
1546 2741 1603 2786 D.
1636 2741 1693 2787 N.
1729 2737 2125 2787 interessentibus

364 2841 639 2884 concessas,
676 2825 788 2888 quia
822 2828 989 2872 Rmus.
1025 2825 1082 2870 D.
1128 2820 1378 2868 cardinalis
1419 2820 1836 2870 vicecancellarius
1870 2820 2123 2884 episcopus

363 2908 640 2957 Portuensis
675 2908 754 2971 qui
787 2911 914 2972 Pape
942 2907 1001 2955 de
1026 2905 1147 2954 libro
1181 2903 1385 2963 servivit,
1423 2903 1480 2951 ad
1510 2919 1654 2967 quem
1685 2907 1942 2967 propterea
1968 2901 2125 2966 publi-

363 2990 487 3038 catio
525 2989 802 3054 hujusmodi
851 2988 1113 3053 spectabat,
1164 2986 1315 3035 noluit
1364 2986 1468 3034 illas
1511 2986 1771 3050 publicare.
1821 2985 1992 3034 Omnia
2035 2984 2127 3032 alia

367 3074 617 3122 observata
637 3076 747 3121 sunt
767 3087 901 3120 more
924 3074 1172 3120 consueto.

431 3156 517 3204 Die
538 3156 669 3215 lune,
701 3158 756 3203 16
775 3155 896 3220 julii,
923 3155 1044 3202 hora
1062 3169 1145 3201 xm
1167 3152 1239 3201 vel
1261 3152 1403 3212 circa,
1433 3155 1645 3199 Romane
1677 3150 1726 3198 in
1752 3152 1910 3214 Burgo
1938 3165 1978 3198 s.
2003 3146 2128 3197 Petri

370 3239 420 3286 in
441 3240 584 3286 domo
607 3255 692 3287 sue
714 3238 850 3287 solite
871 3239 1147 3299 residentie,
1168 3238 1236 3303 {ex
1266 3234 1461 3300 paralixi
1484 3234 1563 3299 (1),
1595 3234 1711 3282 obiit
1731 3232 2048 3282 illustrissima
2068 3234 2124 3278 D.

425 3364 457 3398 l.
479 3361 533 3398 Ex
560 3361 724 3410 paralixi.
740 3382 787 3391 —
805 3362 963 3411 Manque
998 3361 1089 3399 dans
1111 3359 1271 3402 Rinaldi,
1290 3369 1327 3407 p.
1350 3357 1431 3394 144.
1454 3355 1559 3405 (Voy.
1583 3368 1646 3394 sur
1676 3356 1710 3393 la
1741 3355 1839 3392 reine
1863 3354 1909 3391 de
1934 3353 2076 3401 Chypre
2097 3353 2132 3390 la

375 3423 459 3457 note
479 3420 525 3457 de
548 3421 681 3465 Mansi,
709 3421 801 3459 dans
829 3420 974 3459 Rinaldi
1000 3424 1027 3457 t.
1048 3419 1166 3465 XXX,
1186 3430 1222 3466 p.
1246 3418 1327 3463 144,
1343 3424 1384 3453 n⁰
1407 3417 1440 3454 1.
1461 3436 1508 3443 -——
1525 3416 1700 3453 Innocent
1726 3415 1808 3452 VIII
1826 3413 1876 3450 lui
1894 3413 1936 3450 fit
1960 3412 2047 3450 faire
2066 3412 2131 3448 des
