2262 3958
188 295 409 340 [Mars1488]
651 291 820 329 RERUM
855 289 1162 329 URBANARUM
1198 287 1550 326 COMMENTARII.
1903 285 1974 321 295

181 398 309 448 libus
322 411 476 460 usque
489 395 550 443 ad
570 394 748 443 ostium
767 393 990 442 introitus
1006 392 1131 440 intra
1152 391 1333 439 dictum
1352 391 1624 440 cancellum
1648 406 1657 438 :
1680 389 1728 438 in
1750 387 1971 453 opposito

183 485 342 532 autem
357 484 519 546 parate
542 483 678 528 erant
697 478 838 527 sedes
851 492 938 541 pro
957 475 1171 525 diaconis
1191 475 1529 532 cardinalibus,
1546 478 1594 523 et
1614 490 1642 523 a
1663 473 1760 522 fine
1782 471 1971 520 sedium

182 565 501 615 diaconorum
529 562 844 613 cardinalium
868 575 1017 623 usque
1040 559 1101 607 ad
1128 559 1305 607 ostium
1341 558 1566 607 introitus
1588 556 1808 622 predicti,
1834 560 1973 605 erant

182 648 325 699 sedes
356 648 638 697 humiliores
672 660 759 710 pro
793 644 1063 693 oratoribus
1099 642 1257 700 laicis;
1301 643 1362 690 ad
1399 642 1642 690 sinistram
1683 645 1811 706 Pape
1837 645 1973 689 erant

184 747 384 782 scamna
411 731 555 784 bassa
595 745 682 794 pro
708 726 950 792 episcopis
986 725 1323 773 assistentibus
1361 730 1408 772 et
1444 729 1581 773 extra
1610 725 1884 774 cancellum
1923 724 1973 772 in

182 817 326 883 plano
347 832 375 865 a
394 814 612 866 cancello
635 827 788 875 usque
811 811 869 859 ad
898 809 1104 858 chorum
1126 809 1325 856 fratrum
1357 812 1493 856 erant
1515 809 1656 857 sedes
1682 809 1777 857 sive
1797 807 1972 856 banchi

166 917 272 967 ,pro
307 899 522 966 prelatiS‚
552 894 888 947 banchialibus
917 893 1154 957 cooperti.
1192 891 1503 950 Subdiacoffl,
1534 891 1778 939 auditores
1809 890 1971 939 clerici

182 998 395 1043 camere,
427 980 621 1046 acolyti,
653 976 935 1028 cubicularii
967 976 1158 1036 secreti,
1191 974 1408 1023 advocati
1446 973 1675 1022 sederunt
1704 973 1830 1022 intra
1857 989 1973 1022 can-

179 1067 357 1117 cellum
386 1066 436 1114 in
463 1070 662 1114 terram.
688 1061 966 1112 Cardinales
1002 1062 1261 1109 tenuerunt
1287 1058 1347 1106 ad
1379 1057 1616 1106 circulum
1640 1070 1776 1105 more
1802 1058 1969 1117 solito;

172 1151 267 1201 ed
276 1149 409 1216 prior
422 1149 762 1214 episcoporum
786 1144 1104 1195 cardinalium
1119 1159 1217 1192 non
1237 1141 1358 1191 sedit
1373 1140 1422 1188 in
1439 1140 1549 1189 loco
1569 1155 1654 1189 sue
1676 1140 1969 1200 assistentia,

179 1234 268 1284 sed
292 1233 468 1283 mansit
495 1232 546 1281 in
565 1232 676 1282 loco
699 1246 786 1279 suo
813 1230 940 1279 inter
960 1227 1231 1278 cardinales
1254 1230 1302 1276 et
1323 1225 1372 1274 in
1397 1229 1614 1289 tempore
1642 1223 1769 1272 venit
1789 1224 1850 1272 ad
1871 1239 1975 1272 ser-

178 1318 423 1378 viendum,
449 1322 499 1366 ut
519 1316 669 1365 moris
692 1319 782 1364 est.
808 1314 964 1362 Finita
984 1312 1132 1361 missa
1153 1315 1201 1360 et
1221 1311 1333 1359 data
1350 1308 1691 1358 benedictione
1713 1323 1801 1372 per
1820 1308 1978 1372 ponti-

179 1401 344 1461 ficem,
367 1416 466 1450 non
487 1400 683 1449 fuerunt
700 1398 942 1462 publicate
969 1394 1264 1460 indulgentie
1284 1393 1397 1457 quia
1425 1408 1512 1457 per
1533 1392 1712 1441 bullam
1733 1391 1974 1456 publicata

180 1489 319 1534 erant
352 1483 587 1549 plenarie.
632 1484 717 1531 SS.
753 1484 811 1530 D.
852 1483 908 1530 N.
947 1480 1087 1540 sedit,
1127 1485 1174 1528 et
1204 1478 1527 1527 faldistorium
1563 1477 1854 1527 celebrantis
1889 1478 1975 1525 fuit

182 1569 395 1634 positum
415 1568 465 1617 in
481 1567 625 1632 plano
646 1566 850 1630 capelle,
881 1564 1018 1628 quasi
1048 1568 1160 1612 ante
1188 1563 1404 1612 medium
1426 1561 1609 1622 altariS,
1634 1561 1788 1625 magis
1814 1565 1975 1610 tamen

181 1668 351 1703 versus
372 1667 523 1702 cornu
539 1649 741 1716 epis-tole
765 1649 846 1698 ubi
869 1648 1048 1697 resedit
1069 1647 1322 1697 celebrans
1336 1663 1346 1706 3
1370 1662 1536 1695 coram
1552 1661 1647 1710 quo
1663 1645 1857 1709 quidam
1873 1645 1976 1693 offi-

185 1735 319 1787 cialis
340 1733 587 1784 societatis
608 1733 914 1782 Annunciate
937 1731 1108 1781 obtulit
1137 1747 1287 1780 unum
1308 1731 1464 1779 bacile
1488 1745 1598 1778 cum
1619 1730 1792 1778 decem
1817 1729 1974 1777 bursis

179 1817 393 1870 corlenis
421 1817 596 1882 plenis,
632 1832 720 1881 pro
757 1815 1039 1864 maritandis
1085 1815 1289 1879 puellis:
1334 1830 1539 1877 quarum
1580 1829 1677 1862 una
1711 1813 1857 1861 bursa
1892 1812 1977 1863 fuit

178 1905 356 1967 aperta
375 1905 424 1951 et
444 1900 626 1951 carleni
646 1900 695 1948 in
719 1900 875 1949 bacile
907 1898 1059 1964 sparsi
1081 1902 1132 1947 ut
1164 1898 1456 1958 viderentur,
1489 1897 1662 1946 deinde
1695 1896 1888 1962 reposui
1928 1896 1975 1944 in

184 1987 401 2035 bursam.
417 1988 539 2034 Tum
558 1988 869 2033 accesserunt
889 1984 1047 2049 puelle
1070 1983 1359 2042 maritande,
1384 1983 1572 2047 singule
1593 1983 1720 2032 inter
1734 1982 1852 2031 duas
1874 1997 1977 2031 ma—

184 2074 350 2120 tronas
367 2069 488 2119 albis
507 2069 725 2119 vestibus
747 2069 929 2129 indute,
956 2073 1000 2117 et
1023 2068 1280 2132 genuflexe
1301 2082 1468 2116 coram
1489 2067 1787 2126 celebrante,
1813 2066 1974 2130 capie-

184 2153 302 2204 bant
322 2169 383 2204 ex
403 2153 501 2202 suis
518 2153 742 2202 manibus
766 2153 963 2200 bursam
991 2155 1039 2200 et
1059 2167 1258 2200 manum
1277 2167 1413 2200 suam
1432 2150 1778 2200 osculabantur
1796 2166 1806 2208 ;
1831 2165 1974 2199 acce-

185 2238 364 2287 debant
385 2237 558 2286 deinde
573 2237 635 2305 ad
648 2236 931 2302 pontificem
950 2241 997 2285 et
1019 2236 1360 2284 osculabantur
1378 2236 1483 2300 ejus
1498 2235 1674 2300 pedem
1696 2238 1793 2283 tam
1815 2233 1974 2298 puelle

185 2337 331 2387 quam
362 2325 601 2370 matrone.
638 2323 741 2378 Quo
775 2320 919 2380 factO,
953 2320 1170 2384 pontifex
1206 2335 1264 2369 eo
1293 2319 1463 2368 ordine
1493 2336 1588 2383 quo
1624 2319 1737 2368 illuc
1777 2322 1977 2368 venerat

183 2405 412 2471 equitavit
444 2406 506 2455 ad
536 2405 794 2454 ecclesiam
815 2421 854 2452 s.
880 2404 1028 2453 Marie
1049 2403 1107 2452 de
1131 2404 1334 2468 Popu10,
1358 2403 1580 2452 videlicet
1611 2403 1670 2451 de
1705 2403 1867 2468 platea
1886 2402 1976 2451 Mi-

183 2505 330 2540 nerve
350 2489 431 2538 ubi
453 2505 634 2554 equum
674 2489 893 2538 ascendit
920 2489 981 2537 ad
1015 2505 1054 2536 s.
1086 2488 1387 2548 Marcellum,
1422 2487 1597 2537 deinde
1636 2488 1696 2536 ad
1730 2487 1975 2536 sinistram

184 2573 412 2623 ¹rectavia
443 2574 503 2622 ad
529 2573 789 2623 ecclesiam
828 2573 887 2621 de
922 2573 1106 2638 Populo
1142 2572 1429 2636 predictam,
1465 2571 1563 2631 ubi,
1597 2571 1725 2620 facta
1754 2571 1974 2620 oratione

183 2662 301 2707 ante
318 2657 487 2718 altare,
516 2658 691 2707 eodem
712 2657 880 2706 ordine
908 2656 1137 2721 equitavit
1157 2672 1246 2720 per
1266 2656 1388 2704 viam
1419 2655 1633 2704 fluminis
1663 2655 1724 2704 ad
1738 2655 1975 2721 palatium

189 2757 331 2791 suum
353 2743 480 2807 apud
501 2759 540 2792 S.
560 2745 774 2792 Petrum.
792 2741 1082 2792 Licenciavit
1103 2745 1266 2790 autem
1285 2739 1553 2789 cardinales
1577 2754 1747 2788 omnes
1767 2739 1905 2803 juxta
1928 2744 1975 2786 et

187 2825 316 2876 intra
334 2830 534 2892 pontem
556 2843 594 2874 S.
613 2826 804 2891 Angeli‚
833 2826 960 2874 unde
989 2829 1299 2875 recesserunt
1319 2840 1346 2874 a
1366 2823 1602 2890 pontifice
1627 2828 1673 2873 et
1707 2823 1769 2871 ad
1804 2823 1974 2871 domos

188 2925 300 2960 suas
322 2911 587 2961 redierunt.

254 2995 524 3055 Dominica,
557 2997 619 3044 30
645 2993 820 3055 martii,
858 2993 1102 3042 dominica
1140 2992 1436 3056 palmarum,
1477 2994 1561 3040 SS.
1599 2995 1654 3041 D.
1691 2994 1745 3039 N.
1779 2995 1975 3055 paratus

185 3095 321 3129 more
348 3079 488 3128 solito
524 3079 652 3128 venit
681 3080 741 3128 ad
772 3077 1027 3143 capellam,
1065 3076 1215 3125 oravit
1241 3075 1290 3123 in
1322 3075 1609 3126 faldistorio.
1650 3073 1882 3122 Ascendit
1915 3073 1974 3121 ad

186 3163 359 3213 solium
387 3163 467 3212 ubi
501 3163 591 3212 sibi
618 3163 743 3212 facta
772 3167 845 3211 est
882 3178 911 3210 a
937 3160 1260 3210 cardinalibus
1291 3159 1339 3207 in
1368 3159 1534 3223 cappis
1558 3156 1826 3208 reverentia
1854 3171 1974 3205 con-

187 3252 349 3306 sueta3
392 3252 440 3296 et
472 3262 583 3296 cum
625 3247 776 3296 ultimi
822 3246 916 3295 duo
955 3244 1166 3303 diaconi,
1201 3242 1424 3292 videlicet
1457 3243 1516 3290 de
1555 3242 1791 3290 Columna
1826 3244 1874 3289 et
1914 3240 1974 3289 de

187 3331 371 3381 Ursinis
400 3331 445 3380 ei
482 3331 802 3381 reverentiam
843 3330 1093 3388 fecissent,
1144 3331 1427 3376 manserunt
1470 3327 1530 3374 ad
1564 3325 1890 3375 assistentiam
1927 3329 1974 3373 et

187 3415 328 3480 primi
359 3415 640 3464 assistentes
667 3431 723 3464 ac
756 3413 1034 3480 omnesjalii
1069 3412 1340 3461 cardinales
1369 3415 1663 3475 acceperunt
1690 3413 1975 3474 paramenta
