<?xml version="1.0" encoding="UTF-8"?>
<!DOCTYPE html PUBLIC "-//W3C//DTD XHTML 1.0 Transitional//EN"
    "http://www.w3.org/TR/xhtml1/DTD/xhtml1-transitional.dtd">
<html xmlns="http://www.w3.org/1999/xhtml" xml:lang="en" lang="en">
 <head>
  <title>
</title>
<meta http-equiv="Content-Type" content="text/html;charset=utf-8" />
  <meta name='ocr-system' content='tesseract 3.04.00' />
  <meta name='ocr-capabilities' content='ocr_page ocr_carea ocr_par ocr_line ocrx_word'/>
</head>
<body>
  <div class='ocr_page' id='page_1' title='image "./diariumsivererum01burcuoft_0236.png"; bbox 0 0 2262 3958; ppageno 0'>
   <div class='ocr_carea' id='block_1_1' title="bbox 302 296 2068 341">
    <p class='ocr_par' dir='ltr' id='par_1_1' title="bbox 302 296 2068 341">
     <span class='ocr_line' id='line_1_1' title="bbox 302 296 2068 341; baseline -0.007 0"><span class='ocrx_word' id='word_1_1' title='bbox 302 307 370 341; x_wconf 69' lang='lat' dir='ltr'>22ss</span> <span class='ocrx_word' id='word_1_2' title='bbox 909 298 1142 335; x_wconf 76' lang='lat' dir='ltr'><strong>JOHANNIS</strong></span> <span class='ocrx_word' id='word_1_3' title='bbox 1176 296 1468 340; x_wconf 84' lang='lat' dir='ltr'>BURCHARDI,</span> <span class='ocrx_word' id='word_1_4' title='bbox 1745 297 1957 339; x_wconf 83' lang='lat' dir='ltr'>[Novcmhre</span> <span class='ocrx_word' id='word_1_5' title='bbox 1979 297 2068 338; x_wconf 83' lang='lat'><strong>1486]</strong></span> 
     </span>
    </p>
   </div>
   <div class='ocr_carea' id='block_1_2' title="bbox 295 397 2074 1128">
    <p class='ocr_par' dir='ltr' id='par_1_2' title="bbox 303 397 2074 714">
     <span class='ocr_line' id='line_1_2' title="bbox 307 397 2071 463; baseline -0.004 -10"><span class='ocrx_word' id='word_1_6' title='bbox 307 406 518 454; x_wconf 86' lang='lat' dir='ltr'>absente.</span> <span class='ocrx_word' id='word_1_7' title='bbox 547 403 761 452; x_wconf 71' lang='lat' dir='ltr'><strong>Interfuit</strong></span> <span class='ocrx_word' id='word_1_8' title='bbox 778 402 924 450; x_wconf 90' lang='lat' dir='ltr'>misse</span> <span class='ocrx_word' id='word_1_9' title='bbox 951 400 1205 449; x_wconf 89' lang='lat' dir='ltr'>cardinalis</span> <span class='ocrx_word' id='word_1_10' title='bbox 1228 416 1266 447; x_wconf 90' lang='lat' dir='ltr'>s.</span> <span class='ocrx_word' id='word_1_11' title='bbox 1292 397 1549 447; x_wconf 85' lang='lat' dir='ltr'>Clementis</span> <span class='ocrx_word' id='word_1_12' title='bbox 1574 415 1582 445; x_wconf 93' lang='lat'>:</span> <span class='ocrx_word' id='word_1_13' title='bbox 1607 398 1734 448; x_wconf 88' lang='lat' dir='ltr'>cirea</span> <span class='ocrx_word' id='word_1_14' title='bbox 1750 398 2071 463; x_wconf 85' lang='lat' dir='ltr'>prefationem</span> 
     </span>
     <span class='ocr_line' id='line_1_3' title="bbox 303 480 2073 545; baseline -0.005 -9"><span class='ocrx_word' id='word_1_15' title='bbox 303 491 534 536; x_wconf 86' lang='lat' dir='ltr'>venerunt</span> <span class='ocrx_word' id='word_1_16' title='bbox 591 483 923 534; x_wconf 81' lang='lat' dir='ltr'>Ulixbonensis</span> <span class='ocrx_word' id='word_1_17' title='bbox 972 487 1019 531; x_wconf 92' lang='lat' dir='ltr'>et</span> <span class='ocrx_word' id='word_1_18' title='bbox 1078 480 1456 531; x_wconf 88' lang='lat' dir='ltr'>Rechanatensis</span> <span class='ocrx_word' id='word_1_19' title='bbox 1509 484 1556 529; x_wconf 88' lang='lat' dir='ltr'>et</span> <span class='ocrx_word' id='word_1_20' title='bbox 1598 486 1706 545; x_wconf 90' lang='lat' dir='ltr'>post</span> <span class='ocrx_word' id='word_1_21' title='bbox 1757 481 2073 538; x_wconf 77' lang='lat' dir='ltr'>elevationem</span> 
     </span>
     <span class='ocr_line' id='line_1_4' title="bbox 312 563 2074 628; baseline -0.004 -10"><span class='ocrx_word' id='word_1_22' title='bbox 312 567 597 618; x_wconf 76' lang='lat' dir='ltr'>sacramenti</span> <span class='ocrx_word' id='word_1_23' title='bbox 627 565 1045 615; x_wconf 77' lang='lat' dir='ltr'>vicecancellarius</span> <span class='ocrx_word' id='word_1_24' title='bbox 1071 564 1150 628; x_wconf 87' lang='lat' dir='ltr'>qui</span> <span class='ocrx_word' id='word_1_25' title='bbox 1178 566 1456 613; x_wconf 88' lang='lat' dir='ltr'>manserunt</span> <span class='ocrx_word' id='word_1_26' title='bbox 1481 579 1648 612; x_wconf 91' lang='lat' dir='ltr'>omnes</span> <span class='ocrx_word' id='word_1_27' title='bbox 1674 579 1822 627; x_wconf 89' lang='lat' dir='ltr'>usque</span> <span class='ocrx_word' id='word_1_28' title='bbox 1844 563 1904 612; x_wconf 87' lang='lat' dir='ltr'>ad</span> <span class='ocrx_word' id='word_1_29' title='bbox 1926 563 2074 613; x_wconf 87' lang='lat' dir='ltr'>finem</span> 
     </span>
     <span class='ocr_line' id='line_1_5' title="bbox 307 649 998 714; baseline -0.004 -15"><span class='ocrx_word' id='word_1_30' title='bbox 307 651 452 700; x_wconf 85' lang='lat' dir='ltr'>osticii</span> <span class='ocrx_word' id='word_1_31' title='bbox 473 667 583 699; x_wconf 92' lang='lat' dir='ltr'>cum</span> <span class='ocrx_word' id='word_1_32' title='bbox 603 649 765 714; x_wconf 89' lang='lat' dir='ltr'>paucis</span> <span class='ocrx_word' id='word_1_33' title='bbox 786 649 998 713; x_wconf 81' lang='lat' dir='ltr'>prelatis.</span> 
     </span>
    </p>

    <p class='ocr_par' dir='ltr' id='par_1_3' title="bbox 295 729 2072 1128">
     <span class='ocr_line' id='line_1_6' title="bbox 367 729 2072 797; baseline -0.004 -14"><span class='ocrx_word' id='word_1_34' title='bbox 367 734 506 783; x_wconf 85' lang='lat' dir='ltr'>Feria</span> <span class='ocrx_word' id='word_1_35' title='bbox 536 733 717 797; x_wconf 86' lang='lat' dir='ltr'>quinta,</span> <span class='ocrx_word' id='word_1_36' title='bbox 765 733 930 781; x_wconf 89' lang='lat' dir='ltr'>ultima</span> <span class='ocrx_word' id='word_1_37' title='bbox 968 731 1148 780; x_wconf 88' lang='lat' dir='ltr'>mensis</span> <span class='ocrx_word' id='word_1_38' title='bbox 1183 730 1479 789; x_wconf 80' lang='lat' dir='ltr'>novembris,</span> <span class='ocrx_word' id='word_1_39' title='bbox 1509 729 1558 777; x_wconf 92' lang='lat' dir='ltr'>in</span> <span class='ocrx_word' id='word_1_40' title='bbox 1583 729 1766 794; x_wconf 90' lang='lat' dir='ltr'>capella</span> <span class='ocrx_word' id='word_1_41' title='bbox 1798 734 2072 778; x_wconf 86' lang='lat' dir='ltr'>sanctorum</span> 
     </span>
     <span class='ocr_line' id='line_1_7' title="bbox 295 812 2070 880; baseline -0.003 -14"><span class='ocrx_word' id='word_1_42' title='bbox 295 818 486 866; x_wconf 90' lang='lat' dir='ltr'>Andree</span> <span class='ocrx_word' id='word_1_43' title='bbox 509 821 555 866; x_wconf 94' lang='lat' dir='ltr'>et</span> <span class='ocrx_word' id='word_1_44' title='bbox 578 816 792 880; x_wconf 85' lang='lat' dir='ltr'>Gregorii</span> <span class='ocrx_word' id='word_1_45' title='bbox 814 816 1010 864; x_wconf 78' lang='lat' dir='ltr'>basilice</span> <span class='ocrx_word' id='word_1_46' title='bbox 1032 814 1261 879; x_wconf 90' lang='lat' dir='ltr'>principis</span> <span class='ocrx_word' id='word_1_47' title='bbox 1293 813 1642 879; x_wconf 90' lang='lat' dir='ltr'>apostolorum,</span> <span class='ocrx_word' id='word_1_48' title='bbox 1669 813 1793 862; x_wconf 86' lang='lat' dir='ltr'>festo</span> <span class='ocrx_word' id='word_1_49' title='bbox 1817 829 1856 860; x_wconf 89' lang='lat' dir='ltr'>s.</span> <span class='ocrx_word' id='word_1_50' title='bbox 1880 812 2070 867; x_wconf 83' lang='lat' dir='ltr'>Andree</span> 
     </span>
     <span class='ocr_line' id='line_1_8' title="bbox 295 895 2069 967; baseline -0.004 -16"><span class='ocrx_word' id='word_1_51' title='bbox 295 900 517 967; x_wconf 88' lang='lat' dir='ltr'>apostoli,</span> <span class='ocrx_word' id='word_1_52' title='bbox 558 903 613 949; x_wconf 90' lang='lat' dir='ltr'>R.</span> <span class='ocrx_word' id='word_1_53' title='bbox 650 900 699 948; x_wconf 91' lang='lat' dir='ltr'>in</span> <span class='ocrx_word' id='word_1_54' title='bbox 739 899 926 949; x_wconf 86' lang='lat' dir='ltr'>Christo</span> <span class='ocrx_word' id='word_1_55' title='bbox 961 902 1013 947; x_wconf 91' lang='lat' dir='ltr'>P.</span> <span class='ocrx_word' id='word_1_56' title='bbox 1062 901 1117 946; x_wconf 95' lang='lat' dir='ltr'>D.</span> <span class='ocrx_word' id='word_1_57' title='bbox 1159 897 1529 946; x_wconf 89' lang='lat' dir='ltr'>Bartholomeus</span> <span class='ocrx_word' id='word_1_58' title='bbox 1573 896 1827 961; x_wconf 90' lang='lat' dir='ltr'>episcopus</span> <span class='ocrx_word' id='word_1_59' title='bbox 1870 895 2069 944; x_wconf 89' lang='lat' dir='ltr'>civitatis</span> 
     </span>
     <span class='ocr_line' id='line_1_9' title="bbox 300 979 2071 1044; baseline -0.005 -10"><span class='ocrx_word' id='word_1_60' title='bbox 300 983 489 1035; x_wconf 83' lang='lat' dir='ltr'>Castelli</span> <span class='ocrx_word' id='word_1_61' title='bbox 511 984 768 1033; x_wconf 90' lang='lat' dir='ltr'>celebravit</span> <span class='ocrx_word' id='word_1_62' title='bbox 789 983 985 1030; x_wconf 89' lang='lat' dir='ltr'>missam</span> <span class='ocrx_word' id='word_1_63' title='bbox 1007 982 1293 1040; x_wconf 91' lang='lat' dir='ltr'>solemnem,</span> <span class='ocrx_word' id='word_1_64' title='bbox 1317 983 1446 1044; x_wconf 91' lang='lat' dir='ltr'>Papa</span> <span class='ocrx_word' id='word_1_65' title='bbox 1466 983 1513 1029; x_wconf 92' lang='lat' dir='ltr'>et</span> <span class='ocrx_word' id='word_1_66' title='bbox 1534 979 1855 1028; x_wconf 81' lang='lat' dir='ltr'>cardinalibus</span> <span class='ocrx_word' id='word_1_67' title='bbox 1876 993 2071 1041; x_wconf 87' lang='lat' dir='ltr'>presen-</span> 
     </span>
     <span class='ocr_line' id='line_1_10' title="bbox 302 1061 2065 1128; baseline -0.004 -11"><span class='ocrx_word' id='word_1_68' title='bbox 302 1068 447 1128; x_wconf 81' lang='lat' dir='ltr'>tibus,</span> <span class='ocrx_word' id='word_1_69' title='bbox 475 1067 640 1116; x_wconf 86' lang='lat' dir='ltr'>ordine</span> <span class='ocrx_word' id='word_1_70' title='bbox 668 1070 918 1116; x_wconf 90' lang='lat' dir='ltr'>consueto.</span> <span class='ocrx_word' id='word_1_71' title='bbox 947 1068 1051 1115; x_wconf 92' lang='lat' dir='ltr'>Non</span> <span class='ocrx_word' id='word_1_72' title='bbox 1085 1064 1173 1113; x_wconf 86' lang='lat' dir='ltr'>fuit</span> <span class='ocrx_word' id='word_1_73' title='bbox 1200 1079 1378 1113; x_wconf 89' lang='lat' dir='ltr'>sermo.</span> <span class='ocrx_word' id='word_1_74' title='bbox 1413 1066 1527 1112; x_wconf 87' lang='lat' dir='ltr'>Post</span> <span class='ocrx_word' id='word_1_75' title='bbox 1553 1063 1751 1111; x_wconf 89' lang='lat' dir='ltr'>missam</span> <span class='ocrx_word' id='word_1_76' title='bbox 1781 1061 2065 1120; x_wconf 88' lang='lat' dir='ltr'>solemnem,</span> 
     </span>
    </p>
   </div>
   <div class='ocr_carea' id='block_1_3' title="bbox 294 1145 2070 1294">
    <p class='ocr_par' dir='ltr' id='par_1_4' title="bbox 294 1145 2070 1294">
     <span class='ocr_line' id='line_1_11' title="bbox 300 1145 2070 1216; baseline -0.005 -16"><span class='ocrx_word' id='word_1_77' title='bbox 300 1154 427 1216; x_wconf 85' lang='lat' dir='ltr'>Papa</span> <span class='ocrx_word' id='word_1_78' title='bbox 455 1152 584 1200; x_wconf 85' lang='lat' dir='ltr'>dedit</span> <span class='ocrx_word' id='word_1_79' title='bbox 615 1150 1003 1199; x_wconf 85' lang='lat' dir='ltr'>benedictionem</span> <span class='ocrx_word' id='word_1_80' title='bbox 1035 1153 1081 1197; x_wconf 90' lang='lat' dir='ltr'>et</span> <span class='ocrx_word' id='word_1_81' title='bbox 1112 1147 1431 1211; x_wconf 82' lang='lat' dir='ltr'>indulgentias</span> <span class='ocrx_word' id='word_1_82' title='bbox 1465 1145 1702 1210; x_wconf 87' lang='lat' dir='ltr'>plenarias</span> <span class='ocrx_word' id='word_1_83' title='bbox 1723 1160 1840 1208; x_wconf 88' lang='lat' dir='ltr'>quas</span> <span class='ocrx_word' id='word_1_84' title='bbox 1860 1159 2070 1208; x_wconf 91' lang='lat' dir='ltr'>pronun-</span> 
     </span>
     <span class='ocr_line' id='line_1_12' title="bbox 294 1226 2066 1294; baseline -0.005 -12"><span class='ocrx_word' id='word_1_85' title='bbox 294 1233 433 1283; x_wconf 89' lang='lat' dir='ltr'>ciavit</span> <span class='ocrx_word' id='word_1_86' title='bbox 459 1232 729 1292; x_wconf 80' lang='lat' dir='ltr'>celebranS,</span> <span class='ocrx_word' id='word_1_87' title='bbox 761 1231 933 1280; x_wconf 92' lang='lat' dir='ltr'>deinde</span> <span class='ocrx_word' id='word_1_88' title='bbox 959 1229 1186 1294; x_wconf 84' lang='lat' dir='ltr'>pontifice</span> <span class='ocrx_word' id='word_1_89' title='bbox 1214 1229 1263 1276; x_wconf 93' lang='lat' dir='ltr'>in</span> <span class='ocrx_word' id='word_1_90' title='bbox 1287 1227 1551 1276; x_wconf 87' lang='lat' dir='ltr'>faldistorio</span> <span class='ocrx_word' id='word_1_91' title='bbox 1579 1231 1689 1275; x_wconf 88' lang='lat' dir='ltr'>ante</span> <span class='ocrx_word' id='word_1_92' title='bbox 1719 1226 1867 1275; x_wconf 88' lang='lat' dir='ltr'>altare</span> <span class='ocrx_word' id='word_1_93' title='bbox 1892 1226 2066 1290; x_wconf 85' lang='lat' dir='ltr'>majus,</span> 
     </span>
    </p>
   </div>
   <div class='ocr_carea' id='block_1_4' title="bbox 289 1308 2072 3451">
    <p class='ocr_par' dir='ltr' id='par_1_5' title="bbox 289 1308 2072 3451">
     <span class='ocr_line' id='line_1_13' title="bbox 296 1308 2071 1375; baseline -0.004 -11"><span class='ocrx_word' id='word_1_94' title='bbox 296 1320 455 1364; x_wconf 88' lang='lat' dir='ltr'>tamen</span> <span class='ocrx_word' id='word_1_95' title='bbox 477 1315 681 1364; x_wconf 88' lang='lat' dir='ltr'>distante</span> <span class='ocrx_word' id='word_1_96' title='bbox 705 1315 764 1363; x_wconf 90' lang='lat' dir='ltr'>ab</span> <span class='ocrx_word' id='word_1_97' title='bbox 794 1314 949 1374; x_wconf 87' lang='lat' dir='ltr'>altari,</span> <span class='ocrx_word' id='word_1_98' title='bbox 981 1313 1089 1362; x_wconf 91' lang='lat' dir='ltr'>loco</span> <span class='ocrx_word' id='word_1_99' title='bbox 1119 1313 1259 1361; x_wconf 91' lang='lat' dir='ltr'>solito</span> <span class='ocrx_word' id='word_1_100' title='bbox 1287 1311 1460 1375; x_wconf 90' lang='lat' dir='ltr'>posito,</span> <span class='ocrx_word' id='word_1_101' title='bbox 1486 1310 1705 1359; x_wconf 89' lang='lat' dir='ltr'>canonici</span> <span class='ocrx_word' id='word_1_102' title='bbox 1726 1310 1853 1358; x_wconf 84' lang='lat' dir='ltr'>dicte</span> <span class='ocrx_word' id='word_1_103' title='bbox 1874 1308 2071 1357; x_wconf 86' lang='lat' dir='ltr'>basilice</span> 
     </span>
     <span class='ocr_line' id='line_1_14' title="bbox 294 1391 2070 1462; baseline -0.005 -14"><span class='ocrx_word' id='word_1_104' title='bbox 294 1397 606 1448; x_wconf 89' lang='lat' dir='ltr'>ostenderunt</span> <span class='ocrx_word' id='word_1_105' title='bbox 638 1403 782 1462; x_wconf 86' lang='lat' dir='ltr'>caput</span> <span class='ocrx_word' id='word_1_106' title='bbox 818 1415 856 1446; x_wconf 88' lang='lat' dir='ltr'>s.</span> <span class='ocrx_word' id='word_1_107' title='bbox 902 1397 1095 1445; x_wconf 91' lang='lat' dir='ltr'>Andree</span> <span class='ocrx_word' id='word_1_108' title='bbox 1141 1394 1344 1459; x_wconf 90' lang='lat' dir='ltr'>apostoli</span> <span class='ocrx_word' id='word_1_109' title='bbox 1385 1393 1601 1457; x_wconf 82' lang='lat' dir='ltr'>pontifici</span> <span class='ocrx_word' id='word_1_110' title='bbox 1637 1397 1685 1441; x_wconf 92' lang='lat' dir='ltr'>et</span> <span class='ocrx_word' id='word_1_111' title='bbox 1716 1391 1894 1456; x_wconf 92' lang='lat' dir='ltr'>populo</span> <span class='ocrx_word' id='word_1_112' title='bbox 1935 1406 2070 1447; x_wconf 81' lang='lat' dir='ltr'>more</span> 
     </span>
     <span class='ocr_line' id='line_1_15' title="bbox 294 1473 2071 1546; baseline -0.005 -16"><span class='ocrx_word' id='word_1_113' title='bbox 294 1480 467 1542; x_wconf 85' lang='lat' dir='ltr'>solito;</span> <span class='ocrx_word' id='word_1_114' title='bbox 505 1481 678 1530; x_wconf 92' lang='lat' dir='ltr'>deinde</span> <span class='ocrx_word' id='word_1_115' title='bbox 712 1481 927 1546; x_wconf 83' lang='lat' dir='ltr'>pontifex</span> <span class='ocrx_word' id='word_1_116' title='bbox 971 1479 1111 1528; x_wconf 91' lang='lat' dir='ltr'>rediit</span> <span class='ocrx_word' id='word_1_117' title='bbox 1150 1479 1210 1527; x_wconf 91' lang='lat' dir='ltr'>ad</span> <span class='ocrx_word' id='word_1_118' title='bbox 1251 1477 1496 1542; x_wconf 89' lang='lat' dir='ltr'>palatium.</span> <span class='ocrx_word' id='word_1_119' title='bbox 1537 1475 1643 1524; x_wconf 88' lang='lat' dir='ltr'>Fuit</span> <span class='ocrx_word' id='word_1_120' title='bbox 1691 1479 1853 1523; x_wconf 89' lang='lat' dir='ltr'>autem</span> <span class='ocrx_word' id='word_1_121' title='bbox 1887 1473 2071 1538; x_wconf 90' lang='lat' dir='ltr'>capella</span> 
     </span>
     <span class='ocr_line' id='line_1_16' title="bbox 293 1557 2069 1629; baseline -0.005 -17"><span class='ocrx_word' id='word_1_122' title='bbox 293 1564 505 1629; x_wconf 87' lang='lat' dir='ltr'>predicta</span> <span class='ocrx_word' id='word_1_123' title='bbox 530 1565 625 1613; x_wconf 91' lang='lat' dir='ltr'>hoc</span> <span class='ocrx_word' id='word_1_124' title='bbox 660 1564 828 1613; x_wconf 85' lang='lat' dir='ltr'>ordine</span> <span class='ocrx_word' id='word_1_125' title='bbox 860 1566 1115 1628; x_wconf 88' lang='lat' dir='ltr'>preparata</span> <span class='ocrx_word' id='word_1_126' title='bbox 1152 1580 1161 1609; x_wconf 89' lang='lat'><strong>:</strong></span> <span class='ocrx_word' id='word_1_127' title='bbox 1204 1560 1343 1609; x_wconf 91' lang='lat' dir='ltr'>sedes</span> <span class='ocrx_word' id='word_1_128' title='bbox 1373 1563 1501 1623; x_wconf 90' lang='lat' dir='ltr'>Pape</span> <span class='ocrx_word' id='word_1_129' title='bbox 1533 1559 1593 1607; x_wconf 92' lang='lat' dir='ltr'>ad</span> <span class='ocrx_word' id='word_1_130' title='bbox 1621 1574 1811 1606; x_wconf 90' lang='lat' dir='ltr'>murum</span> <span class='ocrx_word' id='word_1_131' title='bbox 1842 1557 1892 1604; x_wconf 91' lang='lat' dir='ltr'>in</span> <span class='ocrx_word' id='word_1_132' title='bbox 1919 1572 2069 1606; x_wconf 90' lang='lat' dir='ltr'>cornu</span> 
     </span>
     <span class='ocr_line' id='line_1_17' title="bbox 293 1640 2068 1709; baseline -0.003 -16"><span class='ocrx_word' id='word_1_133' title='bbox 293 1645 493 1709; x_wconf 85' lang='lat' dir='ltr'>epistole</span> <span class='ocrx_word' id='word_1_134' title='bbox 527 1645 588 1693; x_wconf 88' lang='lat' dir='ltr'>ad</span> <span class='ocrx_word' id='word_1_135' title='bbox 614 1645 856 1694; x_wconf 88' lang='lat' dir='ltr'>sinistram</span> <span class='ocrx_word' id='word_1_136' title='bbox 885 1662 1038 1706; x_wconf 91' lang='lat' dir='ltr'>suam,</span> <span class='ocrx_word' id='word_1_137' title='bbox 1070 1661 1098 1693; x_wconf 90' lang='lat' dir='ltr'>a</span> <span class='ocrx_word' id='word_1_138' title='bbox 1126 1645 1237 1693; x_wconf 91' lang='lat' dir='ltr'>sede</span> <span class='ocrx_word' id='word_1_139' title='bbox 1272 1644 1332 1692; x_wconf 91' lang='lat' dir='ltr'>ad</span> <span class='ocrx_word' id='word_1_140' title='bbox 1358 1643 1588 1707; x_wconf 85' lang='lat' dir='ltr'>angulum</span> <span class='ocrx_word' id='word_1_141' title='bbox 1620 1641 1787 1690; x_wconf 89' lang='lat' dir='ltr'>sedilia</span> <span class='ocrx_word' id='word_1_142' title='bbox 1812 1640 1952 1689; x_wconf 87' lang='lat' dir='ltr'>bassa</span> <span class='ocrx_word' id='word_1_143' title='bbox 1981 1655 2068 1704; x_wconf 91' lang='lat' dir='ltr'>pro</span> 
     </span>
     <span class='ocr_line' id='line_1_18' title="bbox 293 1723 2064 1792; baseline -0.003 -16"><span class='ocrx_word' id='word_1_144' title='bbox 293 1728 533 1792; x_wconf 86' lang='lat' dir='ltr'>episcopis</span> <span class='ocrx_word' id='word_1_145' title='bbox 555 1729 888 1778; x_wconf 87' lang='lat' dir='ltr'>assistentibus</span> <span class='ocrx_word' id='word_1_146' title='bbox 905 1729 1288 1792; x_wconf 83' lang='lat' dir='ltr'>quadruplicata3</span> <span class='ocrx_word' id='word_1_147' title='bbox 1315 1727 1373 1775; x_wconf 91' lang='lat' dir='ltr'>ab</span> <span class='ocrx_word' id='word_1_148' title='bbox 1389 1726 1564 1790; x_wconf 86' lang='lat' dir='ltr'>angulo</span> <span class='ocrx_word' id='word_1_149' title='bbox 1584 1724 1644 1773; x_wconf 91' lang='lat' dir='ltr'>ad</span> <span class='ocrx_word' id='word_1_150' title='bbox 1668 1724 1843 1773; x_wconf 91' lang='lat' dir='ltr'>ostium</span> <span class='ocrx_word' id='word_1_151' title='bbox 1864 1723 2064 1787; x_wconf 90' lang='lat' dir='ltr'>capelle,</span> 
     </span>
     <span class='ocr_line' id='line_1_19' title="bbox 294 1803 2070 1876; baseline -0.004 -17"><span class='ocrx_word' id='word_1_152' title='bbox 294 1827 511 1860; x_wconf 89' lang='lat' dir='ltr'>scamma</span> <span class='ocrx_word' id='word_1_153' title='bbox 537 1827 623 1875; x_wconf 92' lang='lat' dir='ltr'>pro</span> <span class='ocrx_word' id='word_1_154' title='bbox 651 1811 890 1876; x_wconf 89' lang='lat' dir='ltr'>episcopis</span> <span class='ocrx_word' id='word_1_155' title='bbox 924 1811 1274 1869; x_wconf 83' lang='lat' dir='ltr'>cardinalibus3</span> <span class='ocrx_word' id='word_1_156' title='bbox 1303 1810 1361 1858; x_wconf 90' lang='lat' dir='ltr'>ab</span> <span class='ocrx_word' id='word_1_157' title='bbox 1393 1808 1484 1856; x_wconf 92' lang='lat' dir='ltr'>alia</span> <span class='ocrx_word' id='word_1_158' title='bbox 1518 1810 1652 1871; x_wconf 89' lang='lat' dir='ltr'>parte</span> <span class='ocrx_word' id='word_1_159' title='bbox 1687 1806 1795 1855; x_wconf 90' lang='lat' dir='ltr'>ostii</span> <span class='ocrx_word' id='word_1_160' title='bbox 1831 1821 1979 1868; x_wconf 89' lang='lat' dir='ltr'>usque</span> <span class='ocrx_word' id='word_1_161' title='bbox 2008 1803 2070 1852; x_wconf 88' lang='lat' dir='ltr'>ad</span> 
     </span>
     <span class='ocr_line' id='line_1_20' title="bbox 293 1889 2065 1958; baseline -0.004 -15"><span class='ocrx_word' id='word_1_162' title='bbox 293 1895 520 1958; x_wconf 88' lang='lat' dir='ltr'>angulum</span> <span class='ocrx_word' id='word_1_163' title='bbox 549 1899 596 1943; x_wconf 90' lang='lat' dir='ltr'>et</span> <span class='ocrx_word' id='word_1_164' title='bbox 623 1895 681 1943; x_wconf 88' lang='lat' dir='ltr'>ab</span> <span class='ocrx_word' id='word_1_165' title='bbox 704 1895 879 1958; x_wconf 89' lang='lat' dir='ltr'>angulo</span> <span class='ocrx_word' id='word_1_166' title='bbox 909 1910 1062 1958; x_wconf 86' lang='lat' dir='ltr'>usque</span> <span class='ocrx_word' id='word_1_167' title='bbox 1098 1895 1157 1942; x_wconf 92' lang='lat' dir='ltr'>ad</span> <span class='ocrx_word' id='word_1_168' title='bbox 1190 1893 1334 1941; x_wconf 90' lang='lat' dir='ltr'>alium</span> <span class='ocrx_word' id='word_1_169' title='bbox 1360 1892 1537 1940; x_wconf 82' lang='lat' dir='ltr'>ostium</span> <span class='ocrx_word' id='word_1_170' title='bbox 1561 1891 1691 1954; x_wconf 91' lang='lat' dir='ltr'>quod</span> <span class='ocrx_word' id='word_1_171' title='bbox 1717 1890 1933 1939; x_wconf 90' lang='lat' dir='ltr'>clausum</span> <span class='ocrx_word' id='word_1_172' title='bbox 1961 1889 2065 1947; x_wconf 89' lang='lat' dir='ltr'>fuit,</span> 
     </span>
     <span class='ocr_line' id='line_1_21' title="bbox 294 1972 2069 2042; baseline -0.005 -15"><span class='ocrx_word' id='word_1_173' title='bbox 294 1994 507 2027; x_wconf 89' lang='lat' dir='ltr'>scamma</span> <span class='ocrx_word' id='word_1_174' title='bbox 535 1994 620 2042; x_wconf 89' lang='lat' dir='ltr'>pro</span> <span class='ocrx_word' id='word_1_175' title='bbox 654 1978 945 2042; x_wconf 81' lang='lat' dir='ltr'>presbyteris</span> <span class='ocrx_word' id='word_1_176' title='bbox 978 1982 1025 2027; x_wconf 95' lang='lat' dir='ltr'>et</span> <span class='ocrx_word' id='word_1_177' title='bbox 1055 1976 1270 2026; x_wconf 90' lang='lat' dir='ltr'>diaconis</span> <span class='ocrx_word' id='word_1_178' title='bbox 1303 1974 1641 2033; x_wconf 86' lang='lat' dir='ltr'>cardinalibus,</span> <span class='ocrx_word' id='word_1_179' title='bbox 1678 1977 1849 2022; x_wconf 89' lang='lat' dir='ltr'>ornata</span> <span class='ocrx_word' id='word_1_180' title='bbox 1875 1972 2069 2036; x_wconf 85' lang='lat' dir='ltr'>pannis,</span> 
     </span>
     <span class='ocr_line' id='line_1_22' title="bbox 293 2055 2068 2124; baseline -0.005 -14"><span class='ocrx_word' id='word_1_181' title='bbox 293 2069 344 2110; x_wconf 90' lang='lat' dir='ltr'>ut</span> <span class='ocrx_word' id='word_1_182' title='bbox 364 2061 510 2110; x_wconf 89' lang='lat' dir='ltr'>moris</span> <span class='ocrx_word' id='word_1_183' title='bbox 529 2065 630 2119; x_wconf 88' lang='lat' dir='ltr'>est;</span> <span class='ocrx_word' id='word_1_184' title='bbox 664 2061 723 2109; x_wconf 89' lang='lat' dir='ltr'>ad</span> <span class='ocrx_word' id='word_1_185' title='bbox 746 2062 963 2109; x_wconf 85' lang='lat' dir='ltr'>dextram</span> <span class='ocrx_word' id='word_1_186' title='bbox 986 2064 1111 2124; x_wconf 92' lang='lat' dir='ltr'>Pape</span> <span class='ocrx_word' id='word_1_187' title='bbox 1136 2059 1305 2108; x_wconf 88' lang='lat' dir='ltr'>sedilia</span> <span class='ocrx_word' id='word_1_188' title='bbox 1331 2074 1417 2122; x_wconf 91' lang='lat' dir='ltr'>pro</span> <span class='ocrx_word' id='word_1_189' title='bbox 1446 2057 1731 2117; x_wconf 87' lang='lat' dir='ltr'>oratoribus,</span> <span class='ocrx_word' id='word_1_190' title='bbox 1757 2061 1805 2104; x_wconf 91' lang='lat' dir='ltr'>et</span> <span class='ocrx_word' id='word_1_191' title='bbox 1834 2055 1898 2103; x_wconf 92' lang='lat' dir='ltr'>ibi</span> <span class='ocrx_word' id='word_1_192' title='bbox 1919 2070 2068 2118; x_wconf 80' lang='lat' dir='ltr'>prope</span> 
     </span>
     <span class='ocr_line' id='line_1_23' title="bbox 292 2137 2072 2193; baseline -0.004 -1"><span class='ocrx_word' id='word_1_193' title='bbox 292 2144 499 2193; x_wconf 88' lang='lat' dir='ltr'>serviens</span> <span class='ocrx_word' id='word_1_194' title='bbox 522 2160 631 2192; x_wconf 91' lang='lat' dir='ltr'>cum</span> <span class='ocrx_word' id='word_1_195' title='bbox 647 2149 835 2192; x_wconf 90' lang='lat' dir='ltr'>secreto</span> <span class='ocrx_word' id='word_1_196' title='bbox 855 2144 1148 2192; x_wconf 88' lang='lat' dir='ltr'>cubiculario</span> <span class='ocrx_word' id='word_1_197' title='bbox 1172 2146 1219 2191; x_wconf 94' lang='lat' dir='ltr'>et</span> <span class='ocrx_word' id='word_1_198' title='bbox 1241 2140 1522 2190; x_wconf 90' lang='lat' dir='ltr'>secretario.</span> <span class='ocrx_word' id='word_1_199' title='bbox 1548 2142 1601 2187; x_wconf 90' lang='lat' dir='ltr'>ln</span> <span class='ocrx_word' id='word_1_200' title='bbox 1628 2143 1756 2188; x_wconf 90' lang='lat' dir='ltr'>terra</span> <span class='ocrx_word' id='word_1_201' title='bbox 1774 2139 1900 2187; x_wconf 88' lang='lat' dir='ltr'>inter</span> <span class='ocrx_word' id='word_1_202' title='bbox 1920 2137 2072 2185; x_wconf 91' lang='lat' dir='ltr'>cardi-</span> 
     </span>
     <span class='ocr_line' id='line_1_24' title="bbox 290 2220 2072 2286; baseline -0.004 -11"><span class='ocrx_word' id='word_1_203' title='bbox 290 2228 424 2276; x_wconf 86' lang='lat' dir='ltr'>nales</span> <span class='ocrx_word' id='word_1_204' title='bbox 452 2227 685 2275; x_wconf 88' lang='lat' dir='ltr'>sedebant</span> <span class='ocrx_word' id='word_1_205' title='bbox 714 2227 1013 2286; x_wconf 86' lang='lat' dir='ltr'>subdiaconi,</span> <span class='ocrx_word' id='word_1_206' title='bbox 1049 2226 1289 2276; x_wconf 88' lang='lat' dir='ltr'>auditores</span> <span class='ocrx_word' id='word_1_207' title='bbox 1318 2223 1479 2273; x_wconf 90' lang='lat' dir='ltr'>clerici</span> <span class='ocrx_word' id='word_1_208' title='bbox 1508 2238 1718 2282; x_wconf 88' lang='lat' dir='ltr'>camere,</span> <span class='ocrx_word' id='word_1_209' title='bbox 1757 2220 1999 2270; x_wconf 88' lang='lat' dir='ltr'>auditores</span> <span class='ocrx_word' id='word_1_210' title='bbox 2023 2223 2072 2268; x_wconf 87' lang='lat' dir='ltr'>et</span> 
     </span>
     <span class='ocr_line' id='line_1_25' title="bbox 290 2301 2071 2374; baseline -0.005 -15"><span class='ocrx_word' id='word_1_211' title='bbox 290 2310 584 2359; x_wconf 88' lang='lat' dir='ltr'>cubicularii.</span> <span class='ocrx_word' id='word_1_212' title='bbox 622 2311 956 2359; x_wconf 89' lang='lat' dir='ltr'>Faldistorium</span> <span class='ocrx_word' id='word_1_213' title='bbox 994 2327 1080 2374; x_wconf 88' lang='lat' dir='ltr'>pro</span> <span class='ocrx_word' id='word_1_214' title='bbox 1111 2310 1385 2359; x_wconf 88' lang='lat' dir='ltr'>celebrante</span> <span class='ocrx_word' id='word_1_215' title='bbox 1424 2310 1526 2354; x_wconf 90' lang='lat' dir='ltr'>erat</span> <span class='ocrx_word' id='word_1_216' title='bbox 1563 2306 1614 2353; x_wconf 93' lang='lat' dir='ltr'>in</span> <span class='ocrx_word' id='word_1_217' title='bbox 1651 2320 1804 2353; x_wconf 88' lang='lat' dir='ltr'>cornu</span> <span class='ocrx_word' id='word_1_218' title='bbox 1838 2301 2071 2367; x_wconf 85' lang='lat' dir='ltr'>evangelii</span> 
     </span>
     <span class='ocr_line' id='line_1_26' title="bbox 292 2390 2071 2456; baseline -0.004 -14"><span class='ocrx_word' id='word_1_219' title='bbox 292 2399 338 2442; x_wconf 90' lang='lat' dir='ltr'>et</span> <span class='ocrx_word' id='word_1_220' title='bbox 360 2398 487 2442; x_wconf 88' lang='lat' dir='ltr'>retro</span> <span class='ocrx_word' id='word_1_221' title='bbox 512 2394 686 2456; x_wconf 89' lang='lat' dir='ltr'>ipsum,</span> <span class='ocrx_word' id='word_1_222' title='bbox 714 2410 800 2441; x_wconf 87' lang='lat' dir='ltr'>sua</span> <span class='ocrx_word' id='word_1_223' title='bbox 820 2395 1081 2443; x_wconf 89' lang='lat' dir='ltr'>credentia.</span> <span class='ocrx_word' id='word_1_224' title='bbox 1103 2394 1373 2443; x_wconf 89' lang='lat' dir='ltr'>Scabellum</span> <span class='ocrx_word' id='word_1_225' title='bbox 1394 2408 1480 2456; x_wconf 89' lang='lat' dir='ltr'>pro</span> <span class='ocrx_word' id='word_1_226' title='bbox 1503 2392 1663 2456; x_wconf 89' lang='lat' dir='ltr'>priore</span> <span class='ocrx_word' id='word_1_227' title='bbox 1683 2390 2071 2454; x_wconf 83' lang='lat' dir='ltr'>presbyterorum</span> 
     </span>
     <span class='ocr_line' id='line_1_27' title="bbox 292 2469 2071 2540; baseline -0.004 -16"><span class='ocrx_word' id='word_1_228' title='bbox 292 2475 608 2525; x_wconf 89' lang='lat' dir='ltr'>cardinalium</span> <span class='ocrx_word' id='word_1_229' title='bbox 630 2480 732 2524; x_wconf 88' lang='lat' dir='ltr'>erat</span> <span class='ocrx_word' id='word_1_230' title='bbox 747 2477 806 2524; x_wconf 86' lang='lat' dir='ltr'>ad</span> <span class='ocrx_word' id='word_1_231' title='bbox 824 2478 1070 2525; x_wconf 85' lang='lat' dir='ltr'>dexteram</span> <span class='ocrx_word' id='word_1_232' title='bbox 1087 2479 1214 2540; x_wconf 90' lang='lat' dir='ltr'>Pape</span> <span class='ocrx_word' id='word_1_233' title='bbox 1234 2493 1244 2536; x_wconf 93' lang='lat'>;</span> <span class='ocrx_word' id='word_1_234' title='bbox 1270 2481 1408 2525; x_wconf 87' lang='lat' dir='ltr'>extra</span> <span class='ocrx_word' id='word_1_235' title='bbox 1428 2474 1663 2538; x_wconf 91' lang='lat' dir='ltr'>capellam</span> <span class='ocrx_word' id='word_1_236' title='bbox 1681 2473 1729 2520; x_wconf 91' lang='lat' dir='ltr'>in</span> <span class='ocrx_word' id='word_1_237' title='bbox 1745 2469 2071 2520; x_wconf 58' lang='lat' dir='ltr'>‘transversum</span> 
     </span>
     <span class='ocr_line' id='line_1_28' title="bbox 290 2551 2070 2623; baseline -0.004 -15"><span class='ocrx_word' id='word_1_238' title='bbox 290 2559 431 2623; x_wconf 89' lang='lat' dir='ltr'>positi</span> <span class='ocrx_word' id='word_1_239' title='bbox 455 2563 590 2606; x_wconf 90' lang='lat' dir='ltr'>erant</span> <span class='ocrx_word' id='word_1_240' title='bbox 618 2558 793 2606; x_wconf 89' lang='lat' dir='ltr'>banchi</span> <span class='ocrx_word' id='word_1_241' title='bbox 819 2560 1092 2622; x_wconf 90' lang='lat' dir='ltr'>complures</span> <span class='ocrx_word' id='word_1_242' title='bbox 1120 2575 1207 2622; x_wconf 89' lang='lat' dir='ltr'>pro</span> <span class='ocrx_word' id='word_1_243' title='bbox 1235 2558 1453 2622; x_wconf 88' lang='lat' dir='ltr'>prelatis,</span> <span class='ocrx_word' id='word_1_244' title='bbox 1479 2557 1545 2604; x_wconf 90' lang='lat' dir='ltr'>ita</span> <span class='ocrx_word' id='word_1_245' title='bbox 1571 2559 1622 2604; x_wconf 83' lang='lat' dir='ltr'>ut</span> <span class='ocrx_word' id='word_1_246' title='bbox 1645 2554 1820 2603; x_wconf 84' lang='lat' dir='ltr'>faciem</span> <span class='ocrx_word' id='word_1_247' title='bbox 1840 2553 1901 2601; x_wconf 90' lang='lat' dir='ltr'>ad</span> <span class='ocrx_word' id='word_1_248' title='bbox 1923 2551 2070 2601; x_wconf 80' lang='lat' dir='ltr'>altare</span> 
     </span>
     <span class='ocr_line' id='line_1_29' title="bbox 289 2633 2069 2706; baseline -0.004 -17"><span class='ocrx_word' id='word_1_249' title='bbox 289 2646 526 2690; x_wconf 91' lang='lat' dir='ltr'>verterent</span> <span class='ocrx_word' id='word_1_250' title='bbox 566 2641 809 2705; x_wconf 84' lang='lat' dir='ltr'>digniores</span> <span class='ocrx_word' id='word_1_251' title='bbox 849 2642 898 2689; x_wconf 90' lang='lat' dir='ltr'>in</span> <span class='ocrx_word' id='word_1_252' title='bbox 938 2642 1270 2706; x_wconf 89' lang='lat' dir='ltr'>propinquiori</span> <span class='ocrx_word' id='word_1_253' title='bbox 1316 2640 1507 2690; x_wconf 88' lang='lat' dir='ltr'>bancho</span> <span class='ocrx_word' id='word_1_254' title='bbox 1548 2637 1753 2702; x_wconf 90' lang='lat' dir='ltr'>capelle,</span> <span class='ocrx_word' id='word_1_255' title='bbox 1800 2633 2069 2683; x_wconf 87' lang='lat' dir='ltr'>successive</span> 
     </span>
     <span class='ocr_line' id='line_1_30' title="bbox 291 2715 2068 2788; baseline -0.006 -16"><span class='ocrx_word' id='word_1_256' title='bbox 291 2725 385 2785; x_wconf 90' lang='lat' dir='ltr'>alii,</span> <span class='ocrx_word' id='word_1_257' title='bbox 410 2724 458 2772; x_wconf 90' lang='lat' dir='ltr'>in</span> <span class='ocrx_word' id='word_1_258' title='bbox 481 2724 646 2772; x_wconf 90' lang='lat' dir='ltr'>ultimo</span> <span class='ocrx_word' id='word_1_259' title='bbox 674 2725 987 2788; x_wconf 86' lang='lat' dir='ltr'>protonotarii</span> <span class='ocrx_word' id='word_1_260' title='bbox 1023 2730 1070 2774; x_wconf 94' lang='lat' dir='ltr'>et</span> <span class='ocrx_word' id='word_1_261' title='bbox 1098 2725 1312 2774; x_wconf 83' lang='lat' dir='ltr'>ahbateS.</span> <span class='ocrx_word' id='word_1_262' title='bbox 1347 2724 1441 2772; x_wconf 88' lang='lat' dir='ltr'>Sed</span> <span class='ocrx_word' id='word_1_263' title='bbox 1471 2737 1568 2770; x_wconf 91' lang='lat' dir='ltr'>non</span> <span class='ocrx_word' id='word_1_264' title='bbox 1595 2719 1715 2768; x_wconf 90' lang='lat' dir='ltr'>mihi</span> <span class='ocrx_word' id='word_1_265' title='bbox 1741 2717 1919 2782; x_wconf 89' lang='lat' dir='ltr'>placuit</span> <span class='ocrx_word' id='word_1_266' title='bbox 1951 2715 2068 2763; x_wconf 89' lang='lat' dir='ltr'>ordo</span> 
     </span>
     <span class='ocr_line' id='line_1_31' title="bbox 291 2798 2065 2871; baseline -0.007 -14"><span class='ocrx_word' id='word_1_267' title='bbox 291 2807 509 2857; x_wconf 91' lang='lat' dir='ltr'>sedilium</span> <span class='ocrx_word' id='word_1_268' title='bbox 531 2823 616 2871; x_wconf 88' lang='lat' dir='ltr'>pro</span> <span class='ocrx_word' id='word_1_269' title='bbox 647 2807 985 2857; x_wconf 87' lang='lat' dir='ltr'>assistentibus</span> <span class='ocrx_word' id='word_1_270' title='bbox 1016 2813 1063 2856; x_wconf 89' lang='lat' dir='ltr'>et</span> <span class='ocrx_word' id='word_1_271' title='bbox 1090 2807 1409 2856; x_wconf 86' lang='lat' dir='ltr'>cardinalibus</span> <span class='ocrx_word' id='word_1_272' title='bbox 1437 2822 1492 2855; x_wconf 89' lang='lat' dir='ltr'>ac</span> <span class='ocrx_word' id='word_1_273' title='bbox 1514 2802 1781 2854; x_wconf 89' lang='lat' dir='ltr'>oratoribus</span> <span class='ocrx_word' id='word_1_274' title='bbox 1801 2800 1851 2848; x_wconf 88' lang='lat' dir='ltr'>in</span> <span class='ocrx_word' id='word_1_275' title='bbox 1865 2798 2065 2863; x_wconf 89' lang='lat' dir='ltr'>capella,</span> 
     </span>
     <span class='ocr_line' id='line_1_32' title="bbox 290 2883 2068 2955; baseline -0.006 -16"><span class='ocrx_word' id='word_1_276' title='bbox 290 2907 402 2939; x_wconf 88' lang='lat' dir='ltr'>nam</span> <span class='ocrx_word' id='word_1_277' title='bbox 433 2891 493 2939; x_wconf 89' lang='lat' dir='ltr'>ad</span> <span class='ocrx_word' id='word_1_278' title='bbox 513 2891 759 2939; x_wconf 86' lang='lat' dir='ltr'>dexteram</span> <span class='ocrx_word' id='word_1_279' title='bbox 788 2894 916 2955; x_wconf 91' lang='lat' dir='ltr'>Pape</span> <span class='ocrx_word' id='word_1_280' title='bbox 953 2895 1177 2955; x_wconf 87' lang='lat' dir='ltr'>poterant</span> <span class='ocrx_word' id='word_1_281' title='bbox 1203 2891 1317 2955; x_wconf 90' lang='lat' dir='ltr'>poni</span> <span class='ocrx_word' id='word_1_282' title='bbox 1342 2890 1509 2939; x_wconf 91' lang='lat' dir='ltr'>sedilia</span> <span class='ocrx_word' id='word_1_283' title='bbox 1541 2903 1628 2952; x_wconf 89' lang='lat' dir='ltr'>pro</span> <span class='ocrx_word' id='word_1_284' title='bbox 1657 2883 1988 2934; x_wconf 87' lang='lat' dir='ltr'>assistentibus</span> <span class='ocrx_word' id='word_1_285' title='bbox 2020 2885 2068 2930; x_wconf 85' lang='lat' dir='ltr'>et</span> 
     </span>
     <span class='ocr_line' id='line_1_33' title="bbox 294 2965 2068 3037; baseline -0.005 -15"><span class='ocrx_word' id='word_1_286' title='bbox 294 2975 353 3022; x_wconf 85' lang='lat' dir='ltr'>ad</span> <span class='ocrx_word' id='word_1_287' title='bbox 391 2974 631 3021; x_wconf 88' lang='lat' dir='ltr'>sinistram</span> <span class='ocrx_word' id='word_1_288' title='bbox 676 2990 763 3037; x_wconf 86' lang='lat' dir='ltr'>pro</span> <span class='ocrx_word' id='word_1_289' title='bbox 812 2974 1154 3033; x_wconf 83' lang='lat' dir='ltr'>cardinalibus,</span> <span class='ocrx_word' id='word_1_290' title='bbox 1208 2972 1445 3036; x_wconf 90' lang='lat' dir='ltr'>episcopis</span> <span class='ocrx_word' id='word_1_291' title='bbox 1486 2977 1533 3019; x_wconf 89' lang='lat' dir='ltr'>et</span> <span class='ocrx_word' id='word_1_292' title='bbox 1574 2968 1888 3035; x_wconf 84' lang='lat' dir='ltr'>presbyteriS,</span> <span class='ocrx_word' id='word_1_293' title='bbox 1930 2970 1978 3015; x_wconf 91' lang='lat' dir='ltr'>et</span> <span class='ocrx_word' id='word_1_294' title='bbox 2009 2965 2068 3014; x_wconf 88' lang='lat' dir='ltr'>ab</span> 
     </span>
     <span class='ocr_line' id='line_1_34' title="bbox 295 3047 2068 3120; baseline -0.005 -16"><span class='ocrx_word' id='word_1_295' title='bbox 295 3057 470 3120; x_wconf 85' lang='lat' dir='ltr'>angulo</span> <span class='ocrx_word' id='word_1_296' title='bbox 499 3056 559 3104; x_wconf 86' lang='lat' dir='ltr'>ad</span> <span class='ocrx_word' id='word_1_297' title='bbox 586 3056 802 3104; x_wconf 83' lang='lat' dir='ltr'>dextram</span> <span class='ocrx_word' id='word_1_298' title='bbox 835 3060 961 3120; x_wconf 88' lang='lat' dir='ltr'>Pape</span> <span class='ocrx_word' id='word_1_299' title='bbox 991 3057 1038 3104; x_wconf 91' lang='lat' dir='ltr'>in</span> <span class='ocrx_word' id='word_1_300' title='bbox 1062 3062 1386 3104; x_wconf 89' lang='lat' dir='ltr'>transversum</span> <span class='ocrx_word' id='word_1_301' title='bbox 1414 3071 1499 3118; x_wconf 91' lang='lat' dir='ltr'>pro</span> <span class='ocrx_word' id='word_1_302' title='bbox 1528 3053 1817 3110; x_wconf 81' lang='lat' dir='ltr'>oratoribus3</span> <span class='ocrx_word' id='word_1_303' title='bbox 1843 3065 1901 3098; x_wconf 90' lang='lat' dir='ltr'>eo</span> <span class='ocrx_word' id='word_1_304' title='bbox 1924 3047 2068 3096; x_wconf 89' lang='lat' dir='ltr'>modo</span> 
     </span>
     <span class='ocr_line' id='line_1_35' title="bbox 291 3133 2070 3201; baseline -0.006 -13"><span class='ocrx_word' id='word_1_305' title='bbox 291 3139 556 3188; x_wconf 84' lang='lat' dir='ltr'>cardinales</span> <span class='ocrx_word' id='word_1_306' title='bbox 606 3139 878 3201; x_wconf 86' lang='lat' dir='ltr'>potuissent</span> <span class='ocrx_word' id='word_1_307' title='bbox 927 3139 1229 3187; x_wconf 88' lang='lat' dir='ltr'>commodius</span> <span class='ocrx_word' id='word_1_308' title='bbox 1285 3136 1468 3184; x_wconf 87' lang='lat' dir='ltr'>venisse</span> <span class='ocrx_word' id='word_1_309' title='bbox 1511 3136 1571 3183; x_wconf 90' lang='lat' dir='ltr'>ad</span> <span class='ocrx_word' id='word_1_310' title='bbox 1622 3135 1872 3191; x_wconf 88' lang='lat' dir='ltr'>circulum.</span> <span class='ocrx_word' id='word_1_311' title='bbox 1926 3133 2070 3179; x_wconf 84' lang='lat' dir='ltr'>Facta</span> 
     </span>
     <span class='ocr_line' id='line_1_36' title="bbox 290 3216 2066 3282; baseline -0.007 -10"><span class='ocrx_word' id='word_1_312' title='bbox 290 3225 556 3273; x_wconf 82' lang='lat' dir='ltr'>elevatione</span> <span class='ocrx_word' id='word_1_313' title='bbox 581 3222 887 3282; x_wconf 89' lang='lat' dir='ltr'>sacramenti,</span> <span class='ocrx_word' id='word_1_314' title='bbox 916 3222 1237 3271; x_wconf 89' lang='lat' dir='ltr'>ascenderunt</span> <span class='ocrx_word' id='word_1_315' title='bbox 1255 3219 1321 3266; x_wconf 92' lang='lat' dir='ltr'>illi</span> <span class='ocrx_word' id='word_1_316' title='bbox 1340 3223 1432 3266; x_wconf 91' lang='lat' dir='ltr'>tres</span> <span class='ocrx_word' id='word_1_317' title='bbox 1453 3218 1672 3267; x_wconf 86' lang='lat' dir='ltr'>canonici</span> <span class='ocrx_word' id='word_1_318' title='bbox 1687 3216 1880 3265; x_wconf 88' lang='lat' dir='ltr'>basilice</span> <span class='ocrx_word' id='word_1_319' title='bbox 1902 3228 2066 3277; x_wconf 86' lang='lat' dir='ltr'>supra-</span> 
     </span>
     <span class='ocr_line' id='line_1_37' title="bbox 291 3293 2062 3370; baseline -0.008 -15"><span class='ocrx_word' id='word_1_320' title='bbox 291 3308 414 3356; x_wconf 86' lang='lat' dir='ltr'>dicte</span> <span class='ocrx_word' id='word_1_321' title='bbox 435 3323 578 3370; x_wconf 87' lang='lat' dir='ltr'>supra</span> <span class='ocrx_word' id='word_1_322' title='bbox 598 3305 958 3353; x_wconf 86' lang='lat' dir='ltr'>tabernaculum</span> <span class='ocrx_word' id='word_1_323' title='bbox 981 3304 1141 3352; x_wconf 88' lang='lat' dir='ltr'>altaris</span> <span class='ocrx_word' id='word_1_324' title='bbox 1163 3301 1556 3365; x_wconf 87' lang='lat' dir='ltr'>ostensuricaput</span> <span class='ocrx_word' id='word_1_325' title='bbox 1575 3318 1615 3349; x_wconf 91' lang='lat' dir='ltr'>s.</span> <span class='ocrx_word' id='word_1_326' title='bbox 1634 3300 1824 3349; x_wconf 89' lang='lat' dir='ltr'>Andree</span> <span class='ocrx_word' id='word_1_327' title='bbox 1846 3293 2062 3361; x_wconf 84' lang='lat' dir='ltr'>apostoli,</span> 
     </span>
     <span class='ocr_line' id='line_1_38' title="bbox 291 3384 1454 3451; baseline -0.007 -12"><span class='ocrx_word' id='word_1_328' title='bbox 291 3408 402 3440; x_wconf 88' lang='lat' dir='ltr'>cum</span> <span class='ocrx_word' id='word_1_329' title='bbox 427 3408 520 3439; x_wconf 88' lang='lat' dir='ltr'>uno</span> <span class='ocrx_word' id='word_1_330' title='bbox 540 3388 825 3437; x_wconf 85' lang='lat' dir='ltr'>beneficiato</span> <span class='ocrx_word' id='word_1_331' title='bbox 854 3388 935 3451; x_wconf 86' lang='lat' dir='ltr'>qui</span> <span class='ocrx_word' id='word_1_332' title='bbox 956 3387 1197 3436; x_wconf 86' lang='lat' dir='ltr'>intorticia</span> <span class='ocrx_word' id='word_1_333' title='bbox 1217 3384 1454 3434; x_wconf 91' lang='lat' dir='ltr'>accendit.</span> 
     </span>
    </p>
   </div>
  </div>
 </body>
</html>
