2262 3958
151 298 260 342 [Avi-il
281 294 373 339 1488]
591 296 760 334 RERUM
794 295 1099 334 URBANARUM
1132 294 1484 333 COMMENTARII.
1861 295 1932 331 297

146 404 292 449 unam
312 399 584 448 orationem
606 404 811 460 tantum,
836 399 1003 459 Credo,
1029 403 1077 447 et
1097 398 1189 446 alia
1215 401 1359 462 prout
1386 397 1434 445 in
1457 395 1717 444 ordinario.
1744 397 1928 444 Conse-

146 483 292 533 cravit
320 483 438 532 duas
480 484 663 533 hostias
713 501 915 549 quarum
961 483 1163 531 alteram
1210 485 1319 546 post
1355 480 1751 529 communionem
1788 495 1926 527 suam

147 566 363 630 reposuit
394 566 443 614 in
478 567 627 616 calice
667 584 753 632 pro
796 567 1003 616 crastina
1042 566 1397 614 reservandam.
1447 563 1650 623 Deinde,
1682 562 1731 611 in
1771 563 1926 627 capite

145 663 297 698 cornu
330 649 533 714 epistole
567 654 699 698 stans
742 666 908 698 versus
942 650 1004 698 ad
1042 650 1292 714 populum,
1339 649 1451 698 lavit
1486 664 1677 697 manus.
1725 647 1923 697 Interim

142 733 394 783 distribute
415 740 524 783 sunt
543 733 742 783 candele
778 736 924 797 Pape,
959 733 1283 781 cardinalibus
1311 737 1359 781 et
1387 733 1582 797 prelatis
1616 749 1704 797 per
1737 733 1924 783 socium

140 833 334 877 meum3
373 821 444 877 et,
481 817 618 866 finita
645 816 816 876 missa,
861 821 909 865 et
953 816 1293 866 benedictione
1332 831 1420 880 per
1473 816 1754 880 pontificem
1798 817 1926 875 data,

142 900 414 951 cardinales
441 904 735 964 acceperunt
755 903 1041 964 paramenta
1070 898 1339 965 presbyteri
1369 902 1417 948 et
1444 898 1632 962 prelati.
1670 898 1930 947 Celebrans

145 985 308 1044 etiam,
345 983 578 1048 depositis
611 983 741 1048 apud
775 983 1098 1032 faldistorium
1124 983 1273 1032 sacris
1303 982 1534 1042 vestibuS‚
1560 981 1745 1045 accepit
1768 998 1932 1046 super-

143 1067 402 1134 pelliceum
422 1070 470 1116 et
482 1066 707 1131 pluviale,
724 1071 772 1116 et
790 1068 1008 1116 ordinata
1026 1070 1100 1117 est
1113 1066 1362 1132 processio
1384 1066 1445 1115 ad
1461 1081 1656 1131 parvam
1674 1065 1926 1129 capellam.

144 1151 405 1201 Celebrans
441 1150 619 1200 mansit
655 1151 782 1216 apud
815 1151 964 1200 altare
1004 1154 1055 1199 ut
1078 1150 1372 1200 ministraret
1414 1153 1775 1199 sacramentum
1803 1152 1930 1214 Pape

145 1234 226 1299 qui
246 1233 451 1299 portavit
471 1234 606 1295 illud,
637 1239 894 1299 postquam
922 1234 1187 1285 incensavit
1213 1250 1368 1299 usque
1393 1234 1454 1283 ad
1478 1250 1672 1300 parvam
1696 1233 1930 1298 capellam

145 1318 233 1367 sub
253 1317 546 1367 baldachino
569 1319 698 1383 quod
717 1323 969 1383 portarunt
991 1319 1274 1369 assistentes
1296 1321 1449 1384 Pape3
1474 1318 1750 1382 discoperto
1773 1317 1929 1383 capite

144 1406 282 1452 erant
326 1405 456 1467 Papa
503 1406 551 1452 et
602 1418 772 1451 omnes
821 1403 900 1452 alii
944 1421 953 1451 ε
991 1402 1206 1453 fimbrias
1258 1403 1489 1467 aurifrigii
1536 1401 1755 1467 pluvialis
1799 1404 1926 1466 Pape

144 1490 398 1552 portarunt
437 1485 708 1535 cardinales
759 1486 1059 1548 assistentes,
1106 1487 1309 1536 caudam
1354 1501 1466 1536 vero
1514 1486 1731 1550 dispotus
1764 1488 1929 1535 Moree

145 1570 410 1635 imperator
444 1570 994 1634 constantinopolitanus
1041 1570 1091 1618 in
1138 1586 1284 1635 parva
1322 1569 1508 1634 capella
1547 1570 1690 1634 juxta
1725 1568 1875 1618 altare
1915 1586 1926 1618 :

143 1652 567 1703 vicecancellarius
597 1653 679 1717 qui
708 1653 984 1714 celebravit,
1022 1654 1209 1718 accepit
1241 1654 1443 1703 calicem
1477 1669 1591 1703 cum
1624 1658 1930 1703 sacramento

145 1735 205 1784 de
255 1751 405 1784 manu
455 1738 583 1801 Pape
620 1740 669 1786 et
709 1737 923 1801 reposuit
958 1737 1007 1785 in
1037 1741 1302 1802 capsettam
1334 1737 1395 1786 ad
1426 1738 1521 1786 hoc
1561 1737 1849 1799 ordinatam,
1885 1742 1932 1787 et

147 1821 278 1884 Papa
297 1818 564 1869 incensavit
592 1819 788 1879 iterum,
822 1820 996 1869 deinde
1025 1821 1189 1870 clausa
1216 1826 1290 1870 est
1322 1825 1537 1885 capsetta
1563 1837 1651 1886 per
1677 1821 1930 1871 sacristam

145 1907 194 1953 et
203 1903 348 1954 clavis
366 1904 612 1969 assignata
631 1904 821 1969 prefato
842 1904 1239 1954 vicecancellario
1255 1905 1304 1954 in
1316 1904 1582 1955 crastinum
1597 1906 1927 1966 celebratur03

142 1993 189 2037 et
218 1990 365 2054 Papa,
396 1988 607 2038 dimissis
635 1989 828 2054 pluviali
859 1994 907 2039 et
930 1990 1052 2038 stola
1086 1990 1223 2050 albis,
1255 1990 1444 2054 accepit
1464 1989 1614 2039 rubea
1636 1989 1853 2054 pretiosa
1884 1995 1933 2038 et

141 2073 568 2137 processionaliter
601 2090 711 2122 cum
757 2074 912 2123 mitris
945 2090 1115 2122 omnes
1151 2074 1371 2122 exierunt
1403 2074 1581 2123 dictam
1617 2073 1854 2137 capellam
1882 2078 1930 2122 et

141 2155 328 2205 iverunt
348 2156 411 2206 ad
430 2157 594 2207 locum
614 2157 986 2222 processionum
1009 2162 1057 2207 et
1077 2157 1428 2207 benedictionis
1448 2157 1528 2206 ubi
1543 2157 1593 2205 in
1612 2157 1780 2222 primis
1802 2157 1928 2206 facta

142 2243 218 2289 est
236 2241 504 2290 reverentia
523 2244 651 2306 Pape
671 2256 760 2306 per
780 2241 1068 2291 cardinales.
1093 2242 1277 2292 Deinde
1299 2244 1430 2306 Papa
1455 2241 1538 2290 ivit
1564 2241 1626 2290 ad
1656 2241 1819 2290 locum
1849 2242 1930 2290 ubi

139 2338 168 2372 a
201 2323 380 2388 populo
410 2323 672 2384 videretur,
711 2328 759 2375 et
793 2325 857 2372 ibi
891 2326 1022 2374 stetit
1065 2326 1215 2390 pedes
1252 2341 1403 2390 usque
1428 2326 1488 2374 ad
1522 2326 1672 2375 finem
1704 2330 1751 2376 et
1777 2326 1931 2376 noluit

139 2406 326 2457 sedere.
364 2410 511 2457 Lecta
545 2407 676 2457 bulla
711 2408 815 2458 sine
851 2409 1178 2473 processibUS,
1207 2412 1337 2474 Papa
1369 2410 1500 2460 dedit
1535 2410 1927 2460 benedictionem

139 2490 408 2541 solemnem
437 2495 486 2541 et
506 2491 831 2557 indulgentias
853 2493 1110 2557 plenarias.
1143 2494 1330 2543 Bullam
1354 2494 1470 2559 legit
1491 2494 1539 2543 in
1560 2495 1710 2544 latino
1732 2498 1788 2543 D.
1808 2498 1931 2544 Mat·
1980 2521 1983 2525 ’
2024 2524 2034 2531 -

138 2574 280 2624 th'eus
325 2575 442 2624 Cibo
490 2575 817 2626 subdiaconus
870 2577 1189 2642 apostolicus,
1229 2577 1279 2626 in
1317 2578 1501 2643 vulgari
1547 2581 1708 2629 autem
1757 2582 1924 2628 Rmus,

139 2659 198 2706 D.
223 2657 477 2707 cardinalis
498 2659 557 2709 de
579 2660 832 2711 Columna.
859 2661 1185 2726 Indulgentias
1213 2662 1472 2727 publicavit
1499 2662 1547 2710 in
1578 2662 1728 2711 latino
1759 2665 1924 2712 RmuS.

139 2743 196 2789 D.
227 2741 484 2791 cardinalis
524 2744 778 2805 SenensiS‚
815 2745 866 2793 in
909 2745 1093 2809 vulgari
1141 2750 1323 2806 autem,
1366 2749 1532 2795 Rmus.
1571 2749 1629 2796 D.
1670 2746 1924 2795 cardinalis

137 2842 178 2874 s,
209 2825 402 2890 Georgii
434 2827 746 2876 camerarius,
780 2828 865 2877 His
902 2828 1068 2888 finitis,
1101 2829 1267 2878 RRmi.
1295 2833 1397 2879 DD.
1423 2830 1691 2880 cardinales
1733 2847 1922 2891 omneS,

135 2909 346 2958 dimissis
379 2909 558 2960 ibidem
592 2913 906 2976 paramentiS‚
947 2917 1152 2977 excepto
1189 2915 1434 2965 cardinale
1474 2916 1533 2964 de
1574 2916 1807 2964 Columna
1843 2915 1923 2979 qui

135 2997 412 3042 cantaturus
433 2998 536 3043 erat
565 2996 868 3060 evangelium
895 3013 982 3062 pro
1016 2997 1243 3047 mandato
1272 2999 1470 3048 retinuit
1498 3004 1784 3064 paramenta
1811 3015 1921 3048 cum

136 3077 435 3127 subdiacono
452 3079 655 3143 prefato,
690 3080 993 3130 associarunt
1026 3083 1206 3146 Papam
1240 3082 1302 3130 ad
1329 3083 1494 3131 locum
1527 3082 1759 3143 mandati,
1796 3082 1926 3131 vide-

133 3161 248 3210 licet
279 3161 469 3210 tertiam
490 3162 657 3226 ‚aulam
683 3164 848 3228 palatii
880 3165 960 3213 ubi
993 3169 1161 3230 parata
1189 3171 1327 3215 erant
1367 3167 1531 3215 omnia
1565 3181 1654 3231 pro
1691 3166 1919 3214 mandato

135 3245 413 3296 necessaria
438 3251 486 3295 et
514 3246 747 3296 tredecim
779 3264 1018 3314 pauperes
1047 3249 1254 3309 lavandi,
1290 3249 1464 3313 quibus
1502 3251 1587 3298 SS.
1623 3252 1680 3297 D.
1715 3251 1773 3298 N.
1810 3249 1925 3298 lavit

134 3330 285 3395 pedes
322 3345 456 3379 more
496 3335 749 3381 consuete.
799 3333 1108 3397 Evangelium
1147 3333 1265 3381 dixit
1311 3332 1529 3398 prefatus
1565 3332 1824 3382 cardinalis
1862 3333 1922 3382 de

134 3414 386 3463 Columna.
425 3415 575 3464 Sedes
612 3418 741 3481 Pape
770 3422 938 3482 parata
966 3422 1070 3467 erat
1107 3417 1251 3482 pallio
1288 3416 1524 3479 violace0‚
1565 3417 1800 3482 pulpitum
1834 3433 1923 3482 pro
