2262 3958
304 315 372 349 193
908 307 1142 343 JOHANle
1175 305 1468 352 BURCHARm,
1860 313 1963 354 [Mars
1980 316 2070 357 1486]

302 428 359 460 eo
389 411 630 476 genuflexi
668 412 869 471 egerunt
905 407 947 455 ei
988 406 1164 470 gratias
1202 411 1249 455 et
1288 408 1549 458 deosculati
1590 416 1700 461 sunt
1736 414 1838 477 ejus
1875 414 2066 477 pedem.

302 495 483 544 Ibidem
504 510 601 542 non
618 494 762 555 longe
781 492 840 539 ab
859 490 993 539 altari
1021 494 1187 554 parata
1212 490 1297 539 fuit
1328 507 1495 554 mensa
1525 509 1611 557 pro
1641 497 1767 559 Papa
1793 498 1872 560 qui
1894 497 2071 547 ibidem

301 578 554 644 prandium
592 574 703 623 fecit
735 578 783 621 et
822 589 934 621 cum
967 588 1024 622 eo
1062 589 1102 621 s.
1138 573 1287 622 Marci
1320 578 1368 623 et
1406 576 1762 640 Andegavensis
1802 579 2067 628 cardinales

306 659 581 724 supradicti.
609 657 885 706 Consecrati
905 671 1023 705 vero
1047 661 1094 704 et
1114 672 1224 704 cum
1247 656 1316 705 eis
1341 657 1418 705 alii
1436 659 1604 722 prelati
1634 660 1792 724 palatii
1818 664 2070 726 prandium

305 745 523 793 fecerunt
547 742 594 789 in
622 741 775 806 prima
805 740 930 799 aula,
959 739 1039 788 ubi
1073 755 1239 788 eorum
1267 741 1413 790 altare
1434 742 1643 806 positum
1670 745 1837 793 fuerat.
1864 747 2073 796 Sacrista

305 828 469 876 habuit
514 842 681 875 omnes
727 825 967 885 candelaS,
1012 824 1175 872 omnia
1221 824 1462 874 intorticia
1507 830 1554 874 et
1585 827 1772 887 bacilia,
1816 834 1865 878 et
1903 845 2072 878 omnes

304 927 454 974 panes
477 927 486 959 ε
510 910 639 958 dedit
661 914 822 958 tamen
844 909 902 957 de
929 908 1130 973 panibus
1158 907 1342 972 aliquos
1370 909 1429 956 ad
1451 926 1670 959 mensam
1700 915 1827 976 Pape
1856 912 2075 962 similiter

305 999 352 1042 et
384 994 442 1042 de
473 994 580 1042 vino
626 992 887 1052 offertorii3
922 991 1164 1040 residuum
1209 991 1375 1040 nescio
1421 992 1496 1040 cui
1541 994 1828 1055 pervenerit.
1882 995 2073 1044 Patinas

303 1076 421 1124 duas
441 1076 609 1124 habuit
630 1079 686 1124 D.
715 1075 1035 1140 Hieronymus
1057 1079 1105 1123 et
1124 1091 1269 1123 unam
1290 1075 1564 1139 mappulam
1583 1092 1593 1135 3
1626 1075 1753 1124 aliud
1773 1081 1942 1140 postea
1962 1094 2073 1125 cum

301 1159 487 1207 duobus
506 1158 743 1222 mappulis
775 1157 940 1206 habuit
966 1159 1022 1205 D.
1061 1160 1199 1222 Hugo
1235 1158 1554 1207 subdiaconus
1590 1159 1878 1223 apostolicus
1911 1177 2075 1225 supra-

302 1241 476 1301 dictus,
519 1245 566 1290 et
613 1241 795 1304 aliquas
838 1240 1087 1305 mappulas
1133 1241 1279 1289 habui
1327 1256 1416 1304 ego
1464 1241 1542 1304 qui
1580 1242 1787 1289 remansi
1833 1243 1978 1291 etiam
2025 1244 2073 1292 in

302 1324 502 1389 prandio
524 1324 702 1372 ibidem
728 1324 777 1371 in
803 1323 895 1373 alia
914 1339 1084 1373 mensa
1103 1327 1210 1389 post
1227 1325 1492 1389 predictam
1522 1326 1955 1387 consecrationem,
1979 1343 2073 1377 una

306 1424 416 1456 cum
439 1408 699 1457 secretario
723 1409 867 1473 Pape.

371 1495 514 1556 Papa,
537 1496 586 1540 ut
609 1508 753 1556 supra
779 1492 892 1551 dixi,
917 1492 964 1539 in
994 1493 1086 1540 hac
1114 1492 1478 1540 consecratione
1497 1508 1641 1555 quam
1664 1496 1799 1542 extra
1819 1491 2074 1542 ecclesiam

303 1576 350 1623 in
367 1575 474 1624 aula
493 1574 766 1639 supradicta
786 1574 917 1635 fecit,
943 1591 1056 1622 usus
1082 1580 1155 1623 est
1175 1575 1338 1638 pallio,
1362 1576 1475 1638 quia
1495 1591 1552 1623 eo
1579 1575 1646 1623 uti
1667 1580 1825 1640 potest
1844 1576 1893 1624 in
1920 1577 2075 1624 omni-

303 1658 391 1706 bus
412 1657 530 1706 locis
554 1672 612 1705 ex
633 1656 860 1720 singulari
881 1656 1126 1721 privilegio
1147 1662 1287 1721 prout
1321 1661 1485 1707 Rmus.
1511 1661 1567 1706 D.
1591 1659 1845 1708 cardinalis
1867 1677 1906 1708 s.
1928 1660 2075 1709 Marci

302 1741 419 1790 mihi
440 1740 616 1789 retulit.
641 1740 732 1787 Alii
751 1743 910 1788 autem
932 1740 1142 1803 quinque
1168 1741 1457 1803 patriarche,
1488 1743 1837 1806 archiepiscopi
1870 1749 1917 1791 et
1949 1745 2076 1808 epis-

302 1824 430 1889 copi,
459 1824 528 1872 -ad
558 1823 651 1871 hoc
684 1822 984 1887 privilegiati,
1026 1823 1171 1886 pallio
1205 1839 1510 1887 nequaquam
1549 1825 1617 1873 uti
1654 1832 1857 1889 possunt
1882 1828 1956 1876 vel
1995 1827 2075 1876 de—

303 1908 417 1956 bent
452 1911 587 1955 extra
620 1906 892 1964 ecclesiam,
919 1906 1004 1954 sed
1034 1906 1158 1954 intra
1190 1907 1444 1956 ecclesiam
1472 1913 1656 1957 tantum
1690 1909 1858 1958 diebus
1885 1910 1946 1959 ad
1975 1911 2070 1959 hoc

302 1990 558 2054 expressis.

369 2076 491 2122 Nota
505 2073 635 2136 quod
649 2072 783 2120 multi
800 2088 857 2121 ex
875 2073 1178 2121 cubiculariis
1201 2074 1439 2123 scutiferis
1457 2078 1583 2140 Pape
1607 2082 1654 2125 et
1668 2077 1771 2126 aliis
1787 2077 2073 2126 officialibus

301 2161 615 2220 portaverunt
653 2160 700 2203 et
731 2156 868 2220 juxta
911 2171 1078 2220 capsas
1117 2174 1351 2221 agnorum
1391 2161 1774 2224 supradictorum
1809 2167 2073 2226 posuerunt

302 2240 473 2288 bacilia
490 2239 624 2302 agnis
647 2239 987 2287 consecrandis
1011 2241 1177 2304 plena3
1210 2243 1294 2290 sed
1324 2245 1450 2307 Papa
1480 2245 1719 2293 mandavit
1747 2246 1909 2294 omnia
1943 2261 2073 2294 amo-

301 2323 397 2369 veri
426 2326 471 2370 et
486 2322 585 2369 tolli
608 2327 653 2369 et
674 2322 826 2370 noluit
846 2338 1146 2387 quecumque
1169 2340 1227 2372 ex
1254 2326 1322 2374 eis
1349 2327 1617 2375 benedictis
1644 2344 1836 2391 capere,
1865 2329 2070 2392 demptis

302 2405 484 2453 duabus
524 2404 704 2453 retibus
749 2409 952 2466 tantum,
993 2423 1195 2469 quorum
1236 2424 1383 2456 unum
1418 2414 1517 2457 erat
1551 2411 1674 2458 Rmi.
1716 2413 1771 2457 D.
1817 2410 2071 2458 cardinalis

302 2507 340 2538 s.
387 2489 514 2538 Petri
554 2490 614 2538 ad
652 2489 855 2539 Vincula
893 2494 940 2537 et
978 2489 1105 2537 aliud
1144 2490 1266 2537 Rmi.
1310 2493 1367 2538 D.
1417 2492 1668 2540 cardinalis
1712 2492 2070 2556 Andegavensis

301 2572 579 2635 supradicti.

361 2655 659 2718 Hodie,post
679 2657 848 2703 horam
877 2671 1201 2719 vesperarum,
1228 2658 1312 2704 SS.
1341 2659 1396 2703 D.
1428 2659 1484 2704 N.
1515 2657 1655 2705 exivit
1685 2658 1743 2705 de
1765 2658 1874 2706 aula
1909 2675 2070 2723 supra·-

302 2736 429 2784 dicta
459 2742 506 2784 et
526 2738 766 2785 commisit
792 2738 986 2786 sacriste
1009 2738 1155 2800 quod,
1179 2743 1425 2802 assumpto
1453 2739 1541 2787 sibi
1565 2742 1622 2788 D.
1659 2741 1844 2789 Thoma
1864 2741 2065 2791 diacono

242 2830 249 2836 '
302 2820 483 2884 capelle
517 2824 564 2869 et
596 2836 691 2869 uno
718 2821 792 2868 vel
817 2821 1050 2869 ambobus
1071 2822 1255 2870 clericis
1277 2823 1594 2886 campanariis
1627 2824 1843 2887 ejusdem
1864 2825 2062 2889 cap-elle,

302 2904 501 2952 intraret
522 2904 697 2952 dictam
719 2904 894 2964 aulam,
920 2910 966 2952 et
988 2920 1157 2953 omnes
1192 2921 1340 2969 agnos
1367 2905 1416 2952 in
1443 2906 1598 2969 capsis
1629 2906 1886 2954 existentes
1912 2907 2069 2971 bapti-

299 2991 452 3045 zaret3
478 2987 650 3035 deinde
673 3003 846 3050 aquam
882 2991 1025 3035 totam
1049 2992 1327 3047 restantem,
1352 2987 1469 3034 nihil
1496 2992 1700 3047 retento,
1730 2989 1989 3052 projiceret
2015 2990 2062 3038 in

301 3070 580 3129 sacrarium,
605 3074 652 3118 et
667 3071 793 3133 quod
815 3071 903 3118 sub
923 3086 1049 3134 pena
1071 3070 1579 3120 excommunicationis
1598 3071 1693 3119 late
1711 3072 1946 3121 sententie
1969 3088 2063 3120 non

296 3154 554 3217 baptizaret
573 3153 782 3216 aliquem
804 3169 981 3217 agnum
1006 3154 1055 3201 in
1078 3154 1255 3203 retibus
1277 3158 1359 3201 aut
1380 3154 1587 3216 cujusvis
1608 3169 1832 3217 persone,
1858 3155 2063 3219 demptis

295 3236 445 3298 ipsius
464 3238 592 3299 Pape
610 3236 657 3283 in
679 3237 851 3300 capsis,
886 3241 938 3284 ut
965 3253 1126 3300 supra,
1158 3236 1487 3284 existentibus
1518 3238 1636 3283 Tum
1667 3237 1866 3284 sacrista
1895 3252 2061 3300 supra—

298 3317 449 3365 dictus
471 3335 566 3366 una
586 3335 694 3366 cum
711 3322 767 3367 D.
793 3320 978 3368 Thoma
995 3323 1042 3368 et
1071 3319 1265 3368 Nicolao
1286 3318 1520 3366 Jacomini
1549 3319 1854 3382 campanario
1881 3317 2062 3380 capelle

300 3400 459 3466 palatii
481 3401 668 3452 intravit
697 3404 872 3452 dictam
906 3403 1060 3452 aulam
1083 3403 1130 3450 in
1156 3417 1248 3466 qua
1274 3401 1383 3464 agni
1401 3407 1465 3472 ‘et
1501 3417 1622 3463 aqua
1645 3406 1798 3459 erant,
1825 3406 1871 3449 et
1901 3401 2061 3449 clauso
