2262 3958
368 331 414 367 92
974 324 1205 363 JOHANNIS
1240 324 1532 373 BURCHARm,
1802 296 2019 374 [Septembre
2039 335 2128 379 1484]

433 431 586 481 Finito
619 431 820 495 psalmo,
857 429 1012 486 Quam
1049 428 1229 486 dilecta,
1270 443 1379 476 cum
1410 429 1504 477 suis
1540 434 1854 495 responsoriis
1882 438 1929 483 et
1961 436 2133 485 oratio-

367 515 523 574 nibus,
562 513 726 563 RRmi.
763 511 942 561 domini
982 511 1209 560 Senensis
1242 515 1289 560 et
1318 513 1470 561 sancti
1501 515 1691 578 Georgii
1729 517 1808 580 qui
1847 518 2132 570 assistebant

367 597 600 661 pontifici,
635 600 681 646 et
709 596 767 645 de
800 594 1019 654 Sabellis,
1053 595 1214 644 senior
1241 600 1349 659 post
1379 612 1460 645 eos
1497 596 1742 659 diaconus,
1779 608 2131 654 recesserunta

366 680 594 744 pontifice
615 684 662 728 et
683 683 810 728 retro
832 679 979 728 altare
999 678 1177 727 ibidem
1201 684 1487 743 acceperunt
1515 686 1796 744 paramenta
1820 684 1914 733 albi
1935 686 2126 747 coloris,

366 763 583 812 videlicet
604 763 831 812 amictum
857 766 905 811 et
931 762 1256 823 dalmaticam;
1291 762 1415 811 ultra
1450 779 1540 825 que
1577 767 1740 812 Rmus.
1778 767 1835 813 D.
1878 767 2128 818 cardinalis

369 846 615 906 Senensis,
640 847 750 909 quia
774 846 983 895 dicturus
1014 850 1116 896 erat
1148 846 1465 910 evangelium,
1499 848 1684 912 accepit
1709 849 1864 898 albam
1889 850 2129 915 singulum

368 933 414 978 et
450 930 643 991 stolam;
687 934 796 979 ante
820 943 1046 993 'quorum
1086 931 1350 980 discessum
1380 947 1408 978 a
1443 932 1689 995 pontifice,
1732 939 2041 984 accesserunt
2072 936 2131 985 ad

368 1015 686 1064 assistendum
722 1018 870 1066 RRm.
894 1018 993 1065 DD.
1038 1016 1095 1064 de
1124 1014 1353 1065 Columna
1383 1017 1430 1062 et
1470 1013 1528 1061 de
1572 1013 1778 1073 Ursinis,
1823 1019 1932 1079 post
1957 1016 2126 1077 dictos,

368 1098 581 1147 seniores
603 1099 791 1147 diaconi
813 1099 1098 1158 cardinales,
1134 1102 1199 1156 et,
1228 1097 1302 1146 his
1325 1096 1476 1145 tribus
1499 1096 1692 1159 paratis,
1726 1097 1792 1145 illi
1819 1098 1913 1146 d‘uo
1935 1099 1994 1147 ad
2023 1099 2132 1149 loca

309 1245 314 1252 ¹
363 1198 448 1230 sua
468 1182 728 1242 redierunt,
754 1186 802 1231 et
820 1183 870 1231 hi
891 1183 1142 1232 astiterunt
1161 1196 1297 1230 more
1318 1180 1473 1229 solito.

418 1265 614 1313 Interim
645 1270 865 1314 cantores
893 1266 1107 1330 cappelle
1138 1268 1303 1313 nostre
1330 1263 1378 1311 in
1410 1264 1585 1327 angulo
1612 1265 1748 1328 juxta
1775 1280 1969 1314 murum
1998 1270 2132 1316 extra

362 1348 539 1396 dictam
571 1349 834 1413 cappellam
863 1353 1061 1408 stantes,
1093 1347 1335 1413 prosecuti
1366 1351 1476 1395 sunt
1506 1347 1694 1396 tertiam
1727 1363 1879 1410 usque
1912 1336 2130 1413 ad'capi-

361 1431 536 1491 tulum;
568 1448 660 1494 quo
687 1448 774 1496 per
801 1448 949 1480 unum
983 1449 1041 1480 ex
1073 1431 1187 1495 ipsis
1217 1431 1426 1494 incepto,
1464 1432 1591 1494 Papa
1618 1429 1821 1478 surrexit
1851 1446 1960 1479 cum
1988 1431 2130 1481 mitra

361 1529 471 1561 cum
495 1514 736 1563 diceretur
759 1515 1043 1575 versiculus;
1077 1518 1185 1577 post
1208 1514 1350 1562 breve
1376 1513 1737 1577 responsorium
1764 1517 2000 1563 venerunt
2018 1518 2128 1564 ante

359 1597 637 1660 pontificem
679 1599 773 1645 duo
814 1598 986 1662 acolyti
1022 1597 1297 1646 ceroferarii
1338 1613 1448 1645 cum
1485 1597 1614 1645 socio
1647 1612 1789 1662 11100,
1837 1597 2128 1662 competenti

360 1680 536 1742 spatio3
561 1680 694 1728 finito
713 1681 764 1742 11).
796 1682 855 1729 ad
874 1680 1181 1739 versiculum,
1198 1683 1326 1744 Papa
1345 1680 1561 1745 deposita
1582 1679 1670 1728 sibi
1691 1680 1968 1729 mitra‘dixit
1991 1696 2001 1730 :
2023 1680 2128 1729 Do-

359 1763 517 1810 minus
549 1764 801 1823 vobiscum,
835 1768 882 1812 et
914 1764 1178 1812 orationem
1212 1780 1271 1812 ex
1301 1763 1423 1812 libro
1457 1779 1598 1826 quam
1632 1763 1856 1827 subprior
1878 1764 2128 1828 presbyte-

358 1861 520 1893 rorum
542 1836 869 1906 cardinalium,
893 1846 1114 1895 videlicet
1140 1850 1306 1894 Rmus.
1341 1849 1400 1894 D.
1428 1846 1680 1895 cardinalis
1701 1846 2002 1896 Novariensis
2023 1863 2126 1896 ser-

359 1929 516 1988 vabat,
539 1929 732 1977 domino
745 1929 1108 1994 archiepiscopo
1128 1930 1395 1978 Arelatensi
1417 1930 1571 1994 ipsum
1598 1931 1851 1994 adjuvante
1871 1934 1918 1979 et
1946 1931 2129 1980 archie-

355 2012 552 2076 piscopo
584 2015 937 2072 Beneventano,
963 2013 1211 2062 candelam
1232 2017 1444 2073 tenente,
1469 2012 1817 2072 assistentibus,
1851 2029 1946 2077 qua
1970 2013 2123 2073 finita,

356 2097 483 2159 Papa
515 2096 705 2159 repetiit
745 2115 754 2144 z
792 2096 1020 2145 Dominus
1050 2097 1297 2154 vobiscum,
1330 2101 1378 2145 et
1404 2101 1642 2156 cantores,
1674 2095 2012 2146 Benedicamus
2030 2097 2126 2147 Do-

352 2178 496 2237 mino,
521 2186 604 2227 ete.
625 2179 820 2228 Interim
842 2179 1118 2228 ceroferarii
1145 2179 1391 2228 redierunt
1411 2180 1471 2228 ad
1498 2179 1664 2229 altare.

416 2263 686 2325 Antequam
707 2266 836 2327 Papa
860 2263 1125 2312 orationem
1149 2277 1236 2327 pro
1258 2261 1409 2311 tertiis
1436 2262 1634 2322 diceret,
1663 2261 1902 2310 mandavit
1925 2262 2043 2311 mihi
2063 2263 2124 2312 ad

353 2344 628 2393 instantiam
649 2346 771 2393 Rmi.
796 2348 854 2393 D.
880 2346 1133 2394 cardinalis
1152 2345 1474 2394 Gerundensis
1496 2345 1575 2407 qui
1592 2345 1684 2394 hoc
1705 2361 1733 2393 a
1753 2345 2014 2394 Sanctitate
2035 2361 2122 2395 sua

353 2427 624 2476 obtinuerat
653 2431 705 2475 ut
739 2428 899 2476 locum
932 2429 1096 2477 darem
1130 2429 1257 2476 inter
1289 2427 1498 2491 prelatos
1538 2427 1837 2491 supradictos
1874 2429 2120 2477 Sanctitati

353 2526 436 2558 sue
463 2510 741 2559 assistentes
773 2514 828 2559 R.
864 2511 913 2559 in
942 2511 1128 2558 Christo
1155 2510 1279 2559 Patri
1311 2512 1369 2558 D.
1404 2509 1602 2558 Alfonso
1632 2509 1858 2574 episcopo
1886 2511 2120 2575 Pampilo-

351 2594 489 2641 nensi
525 2609 668 2656 quem
706 2593 941 2642 Sanctitas
975 2609 1059 2642 sua
1089 2594 1138 2640 in
1165 2593 1445 2656 episcopum
1489 2592 1794 2641 assistentem
1831 2593 1891 2641 ad
1918 2593 2117 2657 predicti

353 2676 606 2724 cardinalis
625 2677 1021 2740 supplicationem
1043 2679 1312 2740 acceperat,
1337 2675 1467 2738 quod
1486 2675 1547 2723 ad
1567 2675 1724 2723 statim
1744 2675 1854 2725 feci.

417 2759 571 2807 Finita
595 2759 750 2818 tertia,
793 2761 877 2807 SS.
915 2759 972 2807 D.
1007 2762 1062 2807 N.
1100 2759 1220 2807 sedit
1256 2762 1320 2817 et,
1355 2763 1554 2822 accepta
1587 2758 1746 2817 mitra,
1781 2758 1891 2808 lavit
1910 2774 2112 2824 ⁹manus,

353 2857 489 2890 more
510 2841 669 2901 solite,
687 2844 825 2890 Rmo.
846 2844 900 2890 D.
921 2841 1310 2890 vicecancellario
1333 2841 1422 2888 sibi
1443 2841 1678 2890 serviente
1691 2846 1738 2889 et
1757 2841 1899 2890 dante
1917 2857 2112 2904 aquam;

355 2924 465 2987 qui,'
495 2924 604 2972 lotis
644 2928 692 2972 et
728 2923 927 2973 extersis
966 2923 1205 2983 manibus,
1248 2923 1465 2987 deposita
1503 2923 1592 2971 sibi
1629 2923 1768 2972 mitra
1795 2925 2019 2984 surrexit,
2069 2930 2116 2974 et

359 3006 556 3055 dimisso
584 3006 775 3069 pluviali
808 3011 855 3055 et
885 3006 1006 3055 stola
1034 3006 1212 3067 rubeis,
1245 3006 1429 3070 accepit
1454 3009 1786 3070 paramentum
1817 3006 1910 3054 albi
1941 3007 2115 3055 coloris

354 3105 493 3138 more
523 3094 570 3138 et
594 3089 761 3139 ordine
785 3093 1035 3150 consueto,
1062 3093 1200 3138 Rmo.
1230 3089 1425 3138 domino
1453 3089 1692 3137 cardinale
1726 3089 1928 3138 Senensi
1956 3089 2113 3153 ipsum

350 3176 564 3235 parante.

415 3256 631 3315 Interim,
679 3255 791 3303 dum
847 3254 1061 3319 pontifex
1105 3259 1385 3319 paramenta
1427 3254 1682 3319 acciperet,
1722 3254 1901 3320 [omnes
1943 3257 2107 3306 RRmi.

351 3339 531 3386 domini
552 3339 834 3399 cardinaleS,
858 3338 1027 3402 prelati
1060 3342 1106 3387 et
1141 3338 1369 3387 officiales
1401 3354 1486 3386 sua
1511 3343 1791 3401 paramenta
1821 3344 2111 3403 acceperunt

352 3420 476 3478 alba,
500 3422 767 3471 cardinales
786 3422 833 3469 in
854 3422 1070 3486 cappella
1091 3421 1306 3485 predicta
1326 3422 1375 3469 in
1394 3421 1513 3470 locis
1535 3421 1633 3470 suis
1654 3421 1874 3472 videlicet
1899 3421 2109 3492 episcopi
