2262 3958
348 338 415 373 148
953 332 1184 369 JOHANNIS
1218 331 1511 378 BURCHARDI,
1903 334 1996 375 [Juin
2018 334 2107 376 1485]

411 436 547 484 Feria
569 435 794 492 secunda,
822 437 880 482 30
903 433 1013 484 dicti
1036 433 1212 481 mensis
1235 433 1482 496 maiiapud
1501 449 1539 480 s,
1566 434 1908 498 Petrumjuxta
1929 440 1975 483 et
1992 436 2114 484 infra
2163 475 2166 482 .

344 519 504 568 locum
523 516 868 567 benedictionis
897 516 1123 564 solemnis
1147 516 1196 563 in
1222 515 1403 580 pulpito
1431 515 1608 564 ibidem
1635 521 1798 580 parato
1817 534 1904 582 per
1924 518 2114 582 episco-

345 617 457 666 pum
485 617 543 649 ex
564 600 755 664 speciali
784 599 1124 647 commissione
1148 601 1231 648 SS.
1268 603 1324 648 D.
1354 602 1410 648 N.
1434 616 1574 664 pape,
1604 600 1793 662 publice
1823 601 2112 665 degradatus

345 685 536 746 quidam
567 684 710 731 frater
748 682 970 730 Nicolaus
1010 682 1121 731 Cole
1158 682 1217 731 de
1254 686 1419 746 Regno
1454 682 1613 731 Sicilie
1652 683 1894 746 professus
1931 684 2110 732 ordinis

343 766 580 814 minorum
604 766 652 813 in
673 765 1006 830 presbyterato
1025 764 1192 813 ordine
1214 766 1496 813 constitutus
1518 769 1712 829 propter
1731 765 2110 815 falsificationem

343 853 535 897 monete
558 853 605 897 et
624 848 801 896 ibidem
824 848 1069 896 Johannes
1092 848 1371 896 Franciscus
1395 849 1671 911 barigellus,
1701 849 1831 896 hunc
1860 848 1947 897 sibi
1971 849 2113 897 tradi-

342 936 461 991 tum,
500 932 672 980 ordine
709 930 972 994 pontificali
1013 930 1140 989 dato,
1188 931 1246 978 ad
1286 931 1452 979 turrim
1483 932 1674 980 Soldani
1712 931 1913 991 reduxit,
1954 935 2001 980 et
2035 931 2111 980 die

340 1015 505 1063 martis
528 1018 588 1064 30
610 1018 657 1063 et
673 1014 837 1062 ultima
866 1013 978 1063 dicti
1007 1013 1186 1062 mensis
1213 1014 1325 1063 maii
1349 1015 1398 1062 in
1428 1030 1598 1079 campo
1622 1015 1759 1064 Flore
1786 1014 1974 1079 publice
2004 1031 2110 1064 sus-

340 1113 538 1161 pensus.
1023 1101 1025 1103 ’
1538 1087 1545 1094 ’

406 1180 541 1228 Feria
568 1181 746 1244 quinta,
782 1184 809 1227 2
837 1178 1018 1227 mensis
1052 1180 1189 1244 junii,
1236 1180 1392 1244 vigilia
1430 1180 1645 1244 corporis
1683 1180 1874 1239 Christi,
1914 1181 2108 1229 fuerunt

339 1280 536 1327 vespere
561 1264 755 1328 papales
785 1263 834 1310 in
855 1262 1039 1327 capella
1065 1263 1350 1327 supradicta,
1387 1266 1513 1327 Papa
1543 1263 1759 1322 absente,
1791 1263 2109 1311 cardinalibus

339 1346 657 1410 presentibus.
680 1350 843 1395 Rmus.
867 1348 922 1393 D.
950 1346 1201 1394 cardinalis
1225 1346 1469 1410 Agriensis
1497 1346 1610 1394 fecit
1638 1346 1868 1394 officium.
1895 1349 1948 1393 In
1968 1360 2109 1393 mane

340 1430 577 1493 sequenti,
608 1431 727 1478 festo
750 1428 966 1494 corporis
989 1429 1180 1489 Christi,
1211 1429 1337 1477 facta
1358 1432 1430 1477 est
1450 1429 1696 1493 processio
1718 1445 1745 1476 a
1767 1428 1949 1493 capella
1967 1443 2111 1493 parva

338 1514 499 1578 palatii
540 1515 796 1578 supradicti
833 1531 983 1579 usque
1018 1500 1138 1561 citra
1176 1513 1372 1560 domum
1405 1511 1617 1575 episcopi
1653 1511 1914 1559 Aleriensis
1942 1526 2108 1560 versus

339 1598 534 1645 domum
556 1597 807 1646 cardinalis
830 1614 867 1646 s,
895 1596 1153 1646 Clementis
1177 1599 1224 1644 et
1245 1594 1416 1643 deinde
1438 1609 1524 1657 per
1542 1593 1666 1641 viam
1685 1594 1872 1642 solitam
1890 1608 2107 1642 reversus

340 1682 400 1729 ad
431 1682 677 1731 basilicam
714 1699 754 1730 s.
795 1681 941 1741 Petri,
986 1670 1066 1729 ubi
1105 1678 1348 1743 predictus
1384 1677 1637 1725 cardinalis
1673 1677 1938 1741 Agriensis,
1981 1679 2109 1740 Papa

339 1764 555 1823 absente,
593 1764 912 1812 cardinalibus
939 1762 1265 1827 presentibus3
1298 1760 1527 1808 officiales
1557 1776 1755 1808 romane
1788 1760 1919 1808 curie
1955 1759 2109 1808 inces-

340 1851 503 1894 serunt
543 1848 707 1895 ordine
746 1846 1068 1911 superioribus
1114 1845 1250 1893 annis
1290 1844 1557 1891 observato.
1610 1843 1868 1891 Cardinalis
1904 1841 2104 1907 portavit

339 1933 691 1976 sacramentum
712 1944 769 1976 ex
792 1929 917 1976 dicta
943 1927 1126 1991 capella
1152 1941 1300 1989 usque
1329 1925 1389 1973 ad
1415 1925 1591 1984 aulam,
1624 1926 1778 1990 capite
1813 1925 2103 1989 discoperto,

340 2013 397 2060 de
421 2013 526 2060 aula
545 2013 674 2060 venit
694 2012 742 2059 in
763 2012 917 2060 bireto
940 2026 1087 2074 usque
1109 2010 1169 2058 ad
1189 2010 1386 2068 curiam,
1410 2009 1490 2056 ubi
1509 2004 1788 2057 vcardinales
1809 2007 2107 2058 descendere

339 2096 495 2144 solent
513 2111 571 2143 ex
592 2095 757 2143 bestiis
777 2099 824 2142 et
844 2095 1125 2153 ascendere,
1158 2098 1203 2142 et
1224 2093 1288 2141 ibi
1307 2093 1500 2156 *accepit
1527 2093 1718 2141 mitram
1739 2092 2100 2157 aurifrigiatam,

340 2179 425 2225 sub
467 2194 561 2241 qua
598 2178 679 2225 ivit
728 2194 816 2241 per
862 2181 1011 2225 totam
1049 2176 1425 2241 processionem.
1479 2176 1820 2224 Baldachinum
1858 2178 2107 2239 portarunt

340 2261 583 2324 digniores
606 2260 792 2308 nobiles
814 2260 894 2323 qui
916 2258 1214 2323 processioni
1235 2258 1572 2307 interfuerunt.

404 2343 541 2390 Feria
574 2347 729 2403 sexta,
775 2347 832 2391 10
875 2343 1052 2391 mensis
1086 2343 1227 2407 junii,
1265 2346 1478 2390 oratores
1517 2343 1650 2391 ducis
1682 2342 1925 2392 Britannie
1966 2357 2108 2407 supra

339 2426 538 2488 recepti,
572 2426 620 2472 in
646 2426 838 2489 publico
868 2425 1152 2474 consistorio
1178 2426 1225 2472 in
1252 2425 1392 2472 tertia
1419 2425 1520 2471 aula
1550 2425 1709 2488 palatii
1739 2424 1996 2489 supradicti
2019 2427 2102 2473 SS.

341 2510 398 2555 D.
424 2510 479 2555 N.
506 2508 784 2557 Innocentio
811 2524 932 2572 pape
954 2524 1036 2555 vin
1064 2508 1375 2573 prestiterunt
1406 2508 1600 2557 nomine
1630 2524 1798 2556 eorum
1831 2508 1965 2557 ducis
1995 2509 2111 2556 obe-

340 2591 569 2638 dientiam
592 2591 801 2639 debitam
824 2595 869 2639 et
892 2594 1188 2639 consuetam.
1210 2592 1483 2641 Orationem
1505 2592 1618 2640 fecit.
1633 2595 1687 2639 R.
1707 2592 1755 2639 in
1774 2591 1962 2640 Christo
1978 2593 2030 2639 P.
2046 2594 2103 2639 D.

340 2673 575 2720 Robertus
598 2673 850 2737 episcopus
871 2674 1197 2721 Trecoriensis
1221 2675 1429 2738 primum
1446 2676 1606 2722 locum
1624 2675 1749 2722 inter
1762 2689 1845 2723 eos
1867 2674 2105 2723 obtinens.

405 2755 543 2803 Feria
568 2759 622 2803 17
649 2756 761 2804 dicti
782 2757 961 2804 mensis
979 2757 1119 2821 junii,
1143 2757 1236 2805 duo
1267 2763 1480 2807 oratores
1508 2758 1801 2806 marchionis
1834 2757 2110 2806 Montisfer-

341 2838 447 2897 rati,
479 2842 533 2887 21
567 2839 726 2903 aprilis
754 2840 968 2904 proxime
990 2841 1205 2904 preteriti
1227 2842 1424 2906 recepti,
1450 2842 1761 2906 prestiterunt
1789 2840 2110 2890 obedientiam

339 2921 534 2970 filialem
562 2926 610 2970 et
636 2923 845 2971 debitam
874 2925 957 2971 SS.
991 2926 1046 2970 D.
1075 2926 1130 2972 N.
1162 2924 1401 2988 predicto,
1441 2925 1488 2972 in
1521 2925 1714 2988 publico
1749 2923 2034 2972 consistorio
2062 2922 2111 2970 in

340 3004 479 3052 tertia
491 3005 899 3069 aulasupradicta
919 3005 1099 3053 habito.
1121 3008 1395 3056 Orationem
1410 3008 1523 3055 fecit
1539 3008 1746 3055 Bonatus
1758 3006 1965 3069 primum
1986 3004 2113 3052 inter

341 3102 423 3134 eos
444 3087 605 3136 locum
628 3088 866 3136 obtinens.
891 3080 894 3083 ⁵

406 3171 611 3219 Sabbato
644 3174 699 3219 18
734 3172 848 3219 dicti
878 3173 1057 3220 mensis
1082 3173 1220 3237 junii,
1263 3173 1321 3221 de
1354 3173 1548 3237 speciali
1578 3174 1801 3221 mandato
1835 3175 1917 3221 SS.
1956 3172 2012 3220 D.
2050 3172 2105 3220 N.

342 3253 485 3316 Pape,
510 3257 640 3302 tenta
663 3258 735 3302 est
755 3258 859 3302 rota
877 3259 923 3303 et
947 3256 1186 3304 audientia
1207 3272 1457 3304 causarum
1477 3256 1585 3303 loco
1612 3260 1858 3304 consueto.

404 3337 541 3384 Feria
562 3338 717 3398 tertia,
755 3341 813 3386 28
837 3340 1015 3387 mensis
1049 3339 1169 3404 junii
1202 3339 1404 3403 predicti
1442 3337 1528 3386 fuit
1555 3338 1894 3386 consistorium
1921 3338 1967 3385 in
2000 3336 2108 3384 aula

340 3418 637 3480 pontificum,
664 3420 706 3466 in
732 3437 825 3483 quo
849 3423 932 3469 SS.
959 3425 1015 3469 D.
1042 3426 1206 3469 nostro
1223 3437 1282 3470 ex
1303 3437 1435 3470 more
1458 3424 1642 3485 parato,
1668 3425 1882 3470 oratores
1912 3419 2103 3477 Veneti,
2125 3450 2130 3455 -
