2262 3958
358 323 405 357 80
960 316 1193 354 JOHANNIS
1227 316 1520 366 BURCHARDI,
1912 322 2016 362 [Αοὺι
2037 322 2125 366 1484]

360 423 543 471 dinales
579 421 856 470 assistentes
901 423 1130 482 poterunt
1166 421 1246 469 illo
1289 437 1433 485 parvo
1470 427 1686 487 tempore
1735 423 1938 487 pedibus
1976 428 2124 485 stare;

425 504 600 555 Sedem
625 505 918 553 eminentem
948 507 995 551 et
1026 504 1229 553 chorum
1252 505 1445 555 basilice
1474 523 1512 554 s.
1536 507 1766 556 Johannis
1793 509 2128 558 Lateranensis

357 591 573 639 similiter
606 592 777 637 ornent
819 586 956 651 paliis
1000 591 1047 636 et
1086 587 1135 635 in
1163 593 1291 637 terra
1325 590 1495 654 pannis
1527 590 1752 639 viridibus
1784 596 1828 640 et
1853 597 2130 642 amoveatur

367 690 425 724 ex
446 690 503 724 eo
526 674 675 722 altare
695 688 751 721 ex
775 671 947 719 tabulis
982 673 1302 736 compositum
1332 688 1427 737 quo
1456 674 1674 723 canonici
1703 674 1879 724 ibidem
1903 680 2125 736 utuntur;

422 760 626 806 Ornetur
645 755 789 805 etiam
813 755 961 804 altare
991 755 1145 819 majus
1165 756 1467 818 solemniter3

427 844 478 889 ln
507 841 691 906 capella
724 857 760 888 s.
782 839 1021 889 Laurentii
1052 855 1145 902 que
1174 841 1347 889 Sancta
1376 843 1660 890 Sanctorum
1689 842 1861 891 dicitur
1885 843 1935 891 in
1954 843 2129 908 palatio

362 924 670 975 Lateranensi
692 928 1057 988 prosternentur
1073 923 1233 986 aliqua
1257 925 1435 988 tapetia
1453 925 1499 972 in
1525 930 1675 985 terra3

421 1009 661 1073 Capellam
685 1024 722 1055 s.
752 1007 962 1056 Silvestri
980 1006 1028 1054 in
1051 1006 1221 1055 eodem
1237 1007 1412 1071 palatio
1435 1013 1605 1058 ornent
1627 1010 1764 1073 paliis
1786 1011 1931 1059 etiam
1958 1012 2125 1061 sedem

362 1094 653 1142 eminentem
675 1092 723 1139 in
746 1090 914 1140 eadem
939 1107 1026 1155 pro
1048 1091 1292 1155 pontifice,
1319 1095 1365 1140 et
1386 1091 1432 1139 in
1455 1096 1598 1152 terra,
1614 1094 1784 1157 pannis
1808 1094 2054 1155 viridibus;

423 1181 604 1226 Ornent
625 1176 832 1240 aliquem
850 1175 1008 1223 locum
1021 1175 1159 1238 juxta
1177 1175 1415 1238 porticum
1437 1176 1632 1225 basilice
1652 1193 1689 1225 s,
1717 1178 1841 1226 Petri
1853 1182 2017 1242 aptum
2034 1195 2121 1245 pro

353 1261 568 1311 facienda
580 1259 833 1308 collatione
854 1273 940 1321 pro
958 1257 1186 1322 pontifice
1205 1263 1252 1306 et
1269 1259 1607 1320 cardinalibus,
1632 1264 1890 1324 antequam
1907 1262 1990 1311 fiat
2008 1278 2122 1327 pro—

355 1345 510 1393 cessio
534 1343 594 1392 ad
615 1346 920 1400 Lateranum,
946 1345 993 1389 et
1018 1341 1138 1389 alius
1170 1341 1347 1390 ibidem
1374 1342 1509 1391 locus
1535 1348 1731 1407 paretur
1750 1360 1836 1408 pro
1857 1346 2052 1409 prelatis
2073 1352 2122 1396 et

351 1428 654 1478 officialibus.

417 1516 486 1561 De
510 1511 671 1561 officio
693 1509 909 1574 magistri
931 1509 1103 1557 domus
1124 1507 1286 1572 palatii
1308 1510 1558 1572 apostolici
1591 1527 1599 1557 :

414 1596 664 1645 Provideat
683 1593 812 1658 quod
833 1593 880 1640 in
907 1591 1025 1640 locis
1057 1591 1137 1640 ubi
1174 1594 1259 1640 SS.
1293 1594 1349 1640 D.
1378 1595 1432 1640 N.
1464 1609 1579 1641 cum
1606 1593 1925 1643 cardinalibus
1952 1599 1999 1644 et
2027 1594 2120 1644 alio

349 1681 428 1729 ubi
450 1679 619 1744 prelati
642 1683 689 1727 et
710 1676 938 1726 officiales
960 1675 1267 1724 collationem
1298 1676 1492 1735 facient,
1522 1676 1616 1724 sint
1644 1693 1812 1727 mense
1840 1682 1887 1727 et
1908 1693 2122 1727 scamma

350 1781 405 1813 ac
422 1763 590 1813 sedilia
616 1761 676 1810 ad
698 1759 1120 1825 opportunitatem,
1140 1759 1302 1808 tabule
1325 1764 1372 1808 et
1394 1761 1666 1821 servitoreS,
1683 1762 1925 1820 malvasia,
1946 1777 2122 1810 marza-

350 1862 518 1912 paneS,
544 1843 854 1910 pinocchiati,
883 1842 1150 1891 canazzioni
1178 1847 1224 1890 et
1251 1842 1343 1890 alia
1363 1849 1650 1907 opportuna.

415 1933 623 1994 Deputet
643 1926 898 1977 duodecim
918 1926 1174 1974 familiares
1194 1928 1320 1989 Pape
1340 1942 1481 1975 roseo
1504 1943 1664 1991 panno
1682 1927 1876 1978 vestitos
1898 1930 1978 1993 qui
1999 1930 2120 1979 duo-

347 2015 503 2064 decim
530 2011 768 2061 intorticia
795 2013 904 2058 ante
929 2025 1103 2073 corpus
1133 2008 1311 2057 domini
1337 2014 1547 2072 portent,
1579 2011 1820 2074 provideat
1847 2012 1905 2061 de
1934 2012 2042 2061 vino
2071 2018 2121 2062 et

346 2100 448 2148 aliis
469 2096 752 2147 necessariis
773 2110 859 2159 pro
881 2092 1079 2158 prandio
1100 2091 1146 2139 in
1166 2091 1341 2155 palatio
1364 2095 1691 2155 Lateranensi,
1711 2095 1921 2144 romanis
1943 2100 1991 2144 et
2011 2095 2118 2143 offi—

345 2182 541 2232 cialibus
561 2196 615 2230 ac
638 2179 860 2229 omnibus
881 2175 1137 2226 curialibus
1159 2174 1332 2223 dando.

408 2268 476 2315 De
498 2264 660 2314 officio
679 2262 849 2328 prioris
870 2261 1184 2308 diaconorum
1205 2258 1519 2307 cardinalium
1545 2278 1553 2308 :

411 2348 547 2396 Prior
581 2348 895 2395 diaconorum
923 2341 1256 2400 cardinalium,
1293 2341 1419 2389 facta
1451 2357 1537 2405 per
1564 2342 1831 2392 cardinales
1859 2344 1907 2392 in
1936 2346 2120 2409 capella

349 2450 388 2481 S.
421 2430 632 2495 Georgii,
667 2429 716 2477 in
748 2427 945 2476 basilica
966 2441 1004 2472 s.
1027 2424 1170 2483 Petri,
1208 2426 1336 2486 Pape
1369 2425 1650 2484 reverentia,
1685 2425 1811 2489 capit
1838 2432 2119 2489 paramenta

352 2531 454 2574 sua,
479 2513 698 2563 videlicet
729 2529 737 2559 t
766 2510 1012 2567 amictum,
1041 2507 1214 2566 albam,
1237 2506 1499 2569 cingulum,
1527 2507 1697 2555 stolam
1726 2512 1774 2555 et
1794 2508 2114 2572 dalmaticam,

349 2603 397 2648 et
416 2597 645 2663 pontifice
667 2595 890 2645 omnihus
911 2590 1202 2657 paramentis
1222 2589 1408 2648 induto,
1434 2589 1604 2653 accipit
1626 2590 1939 2654 manipulum.

411 2681 560 2730 Dictis
593 2679 763 2738 tertiis,
799 2680 936 2741 parat
964 2673 1242 2739 pontificem
1276 2671 1498 2720 omnibus
1531 2672 1824 2735 paramentis
1858 2676 2112 2738 pontifica-

344 2766 488 2824 libus,
529 2763 672 2829 pallio
716 2763 928 2825 dempto,
962 2774 1097 2806 more
1137 2756 1300 2805 solito.
1343 2756 1511 2804 Induto
1556 2755 1782 2819 pontifice
1820 2761 2112 2821 paramentis

347 2847 590 2897 consuetis
619 2851 666 2895 et
703 2844 855 2894 tertiis
891 2841 1054 2901 finitis,
1092 2839 1266 2903 accipit
1294 2839 1497 2887 ferulam
1537 2839 1633 2887 sive
1669 2838 1895 2888 baculum
1930 2842 2109 2903 album,

353 2936 401 2980 et
413 2929 774 2995 processionem
794 2926 982 2976 ordinat
1002 2924 1062 2972 ad
1073 2923 1219 2971 altare
1238 2924 1394 2988 majus
1409 2939 1495 2987 per
1507 2922 1794 2973 Vaticanum
1805 2923 1899 2972 hoc
1914 2925 2079 2974 ordine
2099 2942 2109 2973 :

411 3013 648 3079 Imprimis
666 3011 932 3077 procedunt
951 3005 1163 3056 scutiferi
1182 3008 1327 3070 Pape,

410 3096 686 3148 cubicularii
707 3099 839 3145 extra
858 3108 1117 3151 cameram,

414 3188 628 3232 oratores
648 3179 755 3229 laici
767 3183 822 3228 et
841 3177 1019 3235 clerici,
1042 3192 1135 3225 non
1159 3175 1327 3240 prelati
1345 3190 1399 3223 ac
1420 3175 1642 3236 baroneS,

411 3265 651 3314 secretarii
673 3269 720 3313 et
741 3260 954 3312 advocati
969 3259 1170 3320 mixtim,

401 3349 626 3412 acolythi,

409 3429 569 3477 clerici
587 3445 796 3489 camere,
