2262 3958
338 347 407 382 478
779 383 781 385 ,
945 348 1176 385 JOHANNIS
1208 348 1502 396 BURCHARDI,
1908 351 1990 399 [Mai
2011 353 2104 397 1492]

338 447 488 495 filium
510 451 655 511 Pape,
680 448 805 496 inter
824 463 944 511 quos
966 450 1191 512 equitavit
1211 466 1360 513 usque
1384 451 1442 498 ad
1469 451 1733 511 adventum
1750 452 2065 503 cardinalium
2091 471 2100 500 ε

335 535 444 592 post
464 530 706 593 predictos
734 536 965 578 venerunt
999 533 1185 581 obviam
1225 533 1382 581 eidem
1410 533 1613 597 principi
1640 526 1868 591 RRQ‘DD.
1889 535 2103 600 episcopi

339 613 565 660 Pacensis
588 618 633 661 et
651 614 987 674 Astoricensis,
1013 621 1229 664 oratores
1252 616 1377 679 regis
1403 620 1447 664 et
1468 616 1631 679 regine
1654 617 2004 681 Hispaniarum,
2023 617 2103 682 qui

339 695 483 743 etiam
506 711 603 743 non
630 696 1001 756 descenderunt,
1033 702 1079 747 et
1113 699 1313 762 optime;
1350 699 1601 762 episcopus
1633 715 1746 748 vero
1777 701 2100 761 CortonensiS,

337 779 416 841 qui
437 794 605 842 parum
631 782 739 842 post
761 784 975 829 oratores
996 782 1238 844 predictos
1270 782 1415 841 venit,
1446 783 1695 831 descendit
1716 799 1775 831 ex
1802 799 1944 846 equo,
1977 783 2106 847 quod

335 863 544 911 indebite
581 863 692 911 fecit
725 867 772 911 et
801 864 1196 914 inconvenienter
1233 865 1281 912 in
1309 865 1594 929 episcopalis
1623 866 1865 930 dignitatis
1894 866 2104 919 dedecus

337 950 384 994 et
403 947 727 1010 vilipendium.
765 950 856 996 Per
879 951 1083 1010 quatuor
1110 947 1331 994 milliaria
1357 938 1429 996 vel
1456 948 1584 996 circa
1605 952 1739 996 extra
1759 948 1936 997 Urbem
1960 963 2104 998 vene·-

336 1034 446 1077 runt
466 1030 666 1094 principi
687 1031 902 1094 predicto
924 1031 1111 1079 obviam
1146 1031 1308 1080 RRmi.
1343 1033 1442 1079 DD.
1475 1032 1741 1080 cardinales
1763 1026 2102 1095 Neapolitanus
2135 1047 2138 1050 ⁴

336 1118 383 1161 et
400 1113 630 1161 Ascanius
651 1129 746 1161 non
776 1114 837 1160 ad
862 1113 957 1161 hoc
985 1114 1196 1176 deputati
1230 1114 1315 1162 sed
1342 1129 1401 1162 ex
1429 1131 1497 1173 se,
1530 1120 1581 1162 ut
1607 1113 1810 1177 principi
1837 1113 2099 1177 conjuncti,
2140 1110 2146 1117 ’

335 1201 476 1260 caput
502 1197 722 1260 principi,
747 1201 793 1244 et
815 1196 918 1259 ipse
945 1197 1032 1254 eis,
1058 1196 1338 1259 detegentes
1360 1215 1369 1254 ;
1394 1197 1474 1260 qui
1494 1196 1619 1245 inter
1645 1213 1695 1245 se
1713 1197 1979 1261 principem
1997 1212 2101 1245 me-

336 1279 464 1327 dium
487 1280 739 1338 duxerunt,
765 1279 901 1341 quasi
922 1279 981 1326 ad
1003 1294 1150 1326 unum
1177 1279 1396 1337 milliare,
1427 1279 1643 1327 videlicet
1663 1281 1723 1327 ad
1741 1280 1900 1328 locum
1926 1279 2008 1328 ubi
2027 1279 2099 1327 vie

335 1365 633 1424 separantur,
654 1377 748 1409 una
767 1376 931 1409 versus
955 1366 1143 1424 portam
1166 1361 1400 1421 Latinam,
1435 1359 1481 1410 et
1514 1361 1606 1410 alia
1635 1378 1799 1410 versus
1832 1362 2099 1412 Asinariam

333 1449 521 1508 portam
543 1445 632 1493 iter
659 1445 952 1509 prebentes:
979 1445 1157 1493 ibidem
1189 1445 1455 1509 principem
1487 1444 1786 1504 dimiserunt,
1823 1443 1903 1507 qui
1935 1458 2099 1493 versus

333 1528 600 1576 Asinariam
640 1533 828 1592 portam
871 1532 918 1576 et
963 1531 1337 1577 Lateranensem
1377 1544 1468 1590 que
1516 1528 1688 1576 dicitur
1726 1527 1850 1575 viam
1893 1526 2096 1592 accepit,

333 1611 422 1674 ipsi
457 1627 570 1660 vero
590 1627 755 1660 versus
783 1611 1017 1660 Latinam.
1053 1612 1249 1659 Interim
1280 1611 1510 1659 associavi
1542 1614 1733 1659 nostros
1769 1610 1955 1659 nobiles
1987 1625 2098 1659 cum

333 1695 440 1753 illis,
471 1711 582 1743 nam
603 1695 852 1758 capitaneo
875 1695 1087 1743 Ecclesie
1113 1695 1275 1743 locum
1297 1694 1405 1742 dedi
1428 1711 1456 1742 a
1473 1694 1673 1742 sinistris
1698 1692 1991 1743 marchionis
2018 1693 2100 1742 Gi-

334 1779 565 1837 racensis,
590 1779 688 1826 filio
711 1781 837 1841 Pape
859 1794 887 1826 a
908 1778 1110 1826 sinistris
1133 1778 1263 1826 ducis
1285 1778 1577 1837 Amalfitani,
1602 1783 1650 1827 et
1670 1778 1939 1827 marchioni
1959 1777 2099 1827 Fina-

333 1861 385 1909 rii
406 1879 433 1910 a
454 1861 654 1909 sinistris
676 1861 970 1909 marchionis
998 1861 1224 1919 Piscarie,
1258 1861 1431 1909 deinde
1459 1861 1562 1908 aliis
1587 1861 1758 1909 melius
1779 1861 1907 1924 quod
1925 1859 2058 1925 potui
2082 1876 2092 1908 :

334 1945 663 2009 equitaverunt
684 1949 844 1993 autem
873 1945 1004 2007 prius
1026 1945 1178 1992 nostri
1204 1945 1316 1993 satis
1341 1945 1557 2004 confuse,
1587 1960 1700 1992 nam
1727 1943 1855 2010 filius
1881 1945 2010 2006 Pape
2028 1941 2097 1990 lo-

333 2044 443 2075 cum
467 2032 718 2092 acceperat
740 2044 883 2091 supra
904 2027 1206 2090 capitaneum
1232 2027 1443 2075 Ecclesie
1463 2025 1490 2075 a
1507 2027 1685 2075 dextris
1707 2025 1997 2074 marchionis
2015 2024 2095 2074 Gi-

333 2112 560 2171 racensis,
587 2116 633 2159 et
651 2112 711 2158 ad
729 2111 769 2175 ej
779 2127 832 2158 us
854 2111 1098 2158 dexteram
1114 2110 1356 2173 equitabat
1371 2110 1585 2158 marchio
1601 2109 1793 2169 Finarii,
1815 2107 2094 2173 capitaneus

332 2180 441 2243 vero
461 2196 519 2243 ad
532 2195 773 2242 sinistram
790 2193 1080 2242 marchionis
1098 2193 1383 2242 Giracensis.
1406 2193 1637 2244 Venimus
1650 2194 1743 2241 hoc
1759 2191 1926 2241 ordine
1945 2207 2095 2256 usque

331 2278 390 2325 ad
411 2285 595 2341 portam
615 2278 903 2335 Asinariam,
929 2282 1064 2325 extra
1083 2294 1225 2341 quam
1241 2279 1609 2326 Beneventanus
1628 2282 1675 2326 et
1696 2275 1924 2326 Senensis
1946 2275 2099 2325 cardi-

329 2361 462 2408 nales
484 2362 800 2425 expectabant
815 2362 952 2424 juxta
972 2360 1158 2408 Turrim
1172 2360 1441 2408 Rotundam
1458 2361 1506 2407 in
1518 2361 1625 2408 loco
1639 2359 1803 2418 solito;
1826 2358 2004 2407 familie
2016 2373 2096 2407 au-

332 2448 426 2492 tem
451 2445 781 2501 cardinalium,
806 2445 918 2506 quia
938 2443 1174 2491 intimatio
1190 2443 1279 2490 fuit
1299 2443 1368 2491 eis
1388 2459 1474 2506 per
1492 2457 1712 2490 cursores
1732 2442 1998 2490 malefacta
2017 2442 2091 2490 vel

327 2527 417 2590 ipsi
450 2527 564 2574 alias
598 2526 889 2589 negligentia
917 2526 990 2574 usi
1024 2530 1149 2584 sunt,
1189 2541 1285 2574 non
1317 2530 1550 2573 venerunt
1587 2529 1721 2573 extra
1748 2528 1951 2588 portam,
1988 2520 2089 2573 sola

328 2610 581 2659 cardinalis
614 2609 671 2657 de
710 2608 1104 2658 Vice·comitibus
1144 2608 1323 2656 familia
1360 2612 1575 2672 excepta,
1616 2623 1708 2671 que
1743 2605 1873 2655 venit
1898 2605 2089 2656 circiter

328 2709 476 2742 unum
494 2693 677 2740 miliare
700 2697 833 2740 extra
853 2697 1042 2755 portam
1067 2695 1113 2738 et
1134 2691 1400 2754 principem
1430 2691 1582 2739 verbis
1603 2689 1845 2739 consuetis
1871 2689 2084 2754 accepit;

328 2792 471 2840 quem
493 2775 665 2825 deinde
688 2775 801 2823 dicti
823 2764 925 2822 duo'
939 2774 1088 2821 ultimi
1115 2773 1348 2822 nominati
1372 2775 1638 2823 cardinales
1668 2779 1716 2822 et
1742 2779 1877 2823 extra
1900 2764 2089 2839 portam

330 2859 478 2908 solitis
498 2859 654 2907 verbis
677 2863 723 2908 et
745 2857 1031 2906 ceremoniis
1053 2845 1355 2921 receperunt,
1387 2862 1434 2906 et
1460 2857 1672 2906 medium
1693 2858 1818 2906 inter
1837 2873 1888 2906 se
1909 2857 2089 2906 ducen-

329 2947 400 2991 tes
434 2943 670 2991 duxerunt
703 2941 761 2989 ad
792 2941 1020 3004 palatium
1057 2940 1372 3004 apostolicum
1407 2941 1531 3005 apud
1568 2946 1784 2990 sanctum
1814 2944 2008 2990 Petrum
2041 2946 2105 3002 et,

329 3026 626 3074 associarunt
648 3024 870 3072 intrando
903 3029 1089 3087 portam
1121 3025 1403 3087 predictam.
1440 3026 1700 3074 Cardinalis
1721 3027 2086 3074 Beneventanus

327 3107 578 3171 precessit,
603 3107 683 3170 qui
705 3122 814 3155 euin
841 3111 1033 3154 secutus
1055 3112 1127 3154 est
1147 3107 1369 3170 princeps
1388 3111 1434 3155 et
1453 3107 1585 3154 illum
1608 3106 1857 3166 Senensis;
1880 3107 1982 3167 sed,
2005 3106 2088 3157 ha-

326 3190 426 3239 bita
446 3190 618 3239 deinde
640 3189 893 3238 cardinalis
916 3191 1142 3239 Senensis
1159 3190 1412 3249 sententia,
1430 3191 1654 3240 continuo
1674 3191 1891 3240 fecerunt
1905 3189 2085 3238 inlocis

328 3273 503 3322 strictis
524 3274 789 3338 principem
806 3273 1066 3337 precedere
1081 3291 1091 3331 ς
1107 3278 1154 3322 et
1168 3273 1324 3337 ipsum
1339 3274 1703 3321 Beneventanus
1721 3273 1893 3336 primo,
1913 3271 2084 3322 deinde

328 3357 554 3404 Senensis
577 3362 686 3406 sunt
709 3357 882 3416 secuti3
914 3372 1024 3405 cum
1055 3373 1271 3405 essemus
1299 3360 1407 3405 ante
1434 3355 1682 3404 basilicam
1713 3359 2084 3405 Lateranensem

325 3436 373 3484 in
394 3438 552 3501 platea
571 3440 700 3502 equi,
723 3440 1006 3503 inceperunt
1026 3440 1186 3488 venire
1208 3438 1384 3487 familie
1400 3438 1711 3487 cardinalium
1728 3455 1738 3498 3
1759 3438 1937 3486 familia
1958 3441 2083 3500 Pape
