2262 3958
864 306 1148 344 APPENDICE.
1825 312 1896 349 509

112 404 409 448 Rimoverassi
427 404 543 447 dalla
562 407 749 459 guardia
771 407 813 448 di
834 408 959 450 decto
982 409 1136 450 Palazo
1154 410 1317 461 Jacopo
1337 410 1489 458 Conte,
1513 411 1646 452 oserli
1666 410 1774 452 dara
1796 424 1887 453 uno

109 470 302 531 Collega,
324 472 367 512 et
384 471 485 512 tutti
505 473 650 524 questi
672 473 839 526 signori
860 474 1232 517 Reverendissimi
1248 475 1506 517 auderanno
1525 476 1572 517 in
1590 477 1809 519 Conclavi.

162 551 189 574 ι
209 536 418 587 Quamvis
439 537 477 578 si
496 549 629 590 possa
647 539 737 580 11131
750 540 976 593 giudicare
995 541 1040 582 di
1059 541 1127 582 chi
1140 541 1303 582 habbia
1318 552 1468 583 essere
1487 541 1636 583 futuro
1653 542 1892 594 Pontefice,

111 603 223 653 pum
239 611 267 642 3
286 611 359 642 1113
377 613 484 654 pare
502 602 581 644 che
602 614 650 644 se
669 603 701 644 ii
720 604 930 646 cardinali
943 605 1044 646 delli
1063 605 1183 658 quali
1203 606 1563 649 verisimilmente
1585 609 1672 659 puo
1693 608 1896 661 disporre

27 687 29 690 ⁴
110 664 155 707 13
179 665 350 708 maesta
379 667 452 709 del
479 670 556 719 Re,
586 671 629 710 et
656 669 699 710 13
726 670 992 711 Excellentia
1020 669 1091 711 del
1114 673 1233 712 Duca
1260 671 1303 712 di
1332 672 1506 721 Milano,
1530 684 1721 715 saranno
1752 673 1890 726 fideli,

110 730 296 774 faranno
316 744 406 775 uno
435 733 655 776 Pontefice
683 735 822 776 alloro
848 735 1007 785 mod03
1040 747 1129 776 non
1159 737 1317 788 perche
1343 738 1438 778 loro
1460 739 1583 779 sieno
1611 739 1804 781 bastanti
1841 740 1894 782 ad

111 795 237 848 farlo,
272 809 344 840 ma
378 809 489 841 sono
527 800 723 842 bastanti
757 800 815 842 ad
843 801 1042 842 tenerlo:
1073 804 1117 841 et
1144 801 1380 842 ciaschuno
1412 802 1454 843 di
1493 804 1628 855 quelli
1678 806 1897 847 nominati

113 863 231 906 dalla
241 863 406 906 Maesta
423 865 496 907 del
510 867 571 907 Re
592 868 636 907 31
657 865 714 907 (13
732 866 775 907 10
798 867 921 908 111130
942 869 1061 908 Duca
1078 866 1316 916 diMilano,
1335 867 1390 908 ha
1407 867 1461 908 de
1481 867 1620 909 favori
1639 870 1744 911 dalli
1763 871 1862 912 altri
1886 882 1896 911 :

111 931 153 970 et
163 941 244 982 per
261 933 429 983 quanto
451 931 487 972 si
516 931 626 973 vede
645 931 753 972 hora
775 931 818 972 di
837 932 984 984 questi
1003 932 1220 973 nominati
1244 932 1290 972 in
1315 931 1465 973 favore
1485 933 1599 974 della
1619 936 1749 987 Lega,
1780 947 1804 976 e
1822 934 1899 987 piu

110 993 284 1038 favoriti
312 1006 423 1038 sono
448 997 619 1048 Napoli,
639 997 784 1046 Siene,
807 998 948 1039 Noara
979 1000 1022 1038 et
1045 998 1263 1039 Geronda.
1291 998 1341 1038 Et
1368 998 1725 1049 potrebb'essere
1757 1000 1894 1041 chela

114 1060 332 1104 discordia
351 1062 396 1103 di
423 1062 492 1103 chi
507 1062 548 1103 13
571 1062 719 1112 311313,
742 1062 924 1105 farebbe
952 1063 1128 1105 balzare
1154 1064 1196 1105 13
1217 1075 1320 1105 3033
1346 1063 1392 1104 in
1412 1063 1572 1105 Milano
1596 1077 1675 1117 per
1699 1068 1896 1117 prestar-

105 1126 239 1181 gliele
254 1138 335 1180 per
344 1127 528 1180 qualche
544 1139 681 1169 mese,
705 1131 767 1170 De
788 1140 878 1171 non
893 1130 1124 1180 nominati,
1145 1142 1168 1171 e
1189 1128 1266 1182 piu
1286 1128 1460 1171 favoriti
1481 1141 1592 1171 sono
1613 1132 1700 1172 San
1721 1132 1894 1173 Marcho

106 1193 153 1233 ot
177 1191 404 1235 Ulisbona.
427 1194 463 1235 A
491 1194 571 1236 Dio
592 1194 756 1246 piaccia
774 1195 812 1235 si
832 1194 938 1237 facci
973 1195 1061 1236 tale
1083 1196 1297 1237 electione
1326 1195 1405 1237 che
1437 1196 1500 1237 sia
1522 1197 1578 1238 ad
1603 1197 1771 1239 honore
1794 1210 1891 1248 SUO,

106 1261 352 1311 augmento
376 1259 491 1301 della
517 1259 751 1314 Religione
772 1261 1024 1311 christiana,
1045 1265 1087 1303 et
1102 1262 1452 1303 mantenimento
1471 1263 1586 1304 della
1604 1275 1712 1316 pace
1730 1264 1896 1306 Italica.

166 1413 183 1432 ι
209 1398 348 1452 lioggi
385 1398 421 1439 si
451 1403 631 1452 aspecto
653 1401 694 1441 31
727 1400 1108 1441 Reverendissimo
1139 1399 1423 1452 monsignore
1446 1401 1679 1442 Aschanio.
1711 1403 1765 1443 Se
1794 1402 1890 1453 giu·

108 1459 248 1514 gnei-a
269 1461 447 1505 innanzi
467 1466 504 1505 si
524 1465 669 1517 spacci
689 1465 732 1507 la
750 1469 958 1518 presente
976 1465 1254 1508 chavalchata
1269 1477 1326 1506 ne
1345 1465 1452 1506 daro
1472 1467 1630 1508 notizia
1649 1479 1674 1508 a
1696 1468 1744 1508 V.
1765 1468 1820 1508 M.
1840 1468 1887 1508 in

105 1525 250 1578 gratia
269 1527 386 1570 della
405 1529 526 1582 quali
548 1541 723 1584 sempre
743 1532 805 1573 mi
823 1531 1130 1573 raccomandO.
1165 1532 1313 1581 Rome,
1336 1545 1437 1572 xxm
1457 1532 1647 1585 Augusti
1669 1533 1774 1574 1484
1787 1563 1797 1574 .

161 1625 180 1647 ι
207 1611 255 1653 Ε.
279 1612 326 1654 V.
346 1613 401 1654 M.
425 1614 626 1656 servitor.

785 1698 802 1718 ‹
823 1681 1126 1725 GmnANTons
1152 1684 1412 1733 vespam-ms,
1437 1682 1610 1724 Orator.
1636 1700 1652 1718 ι

158 1802 332 1854 (Leltere
354 1806 399 1847 ai
417 1807 475 1847 X.
498 1807 546 1847 di
561 1805 696 1847 Balia.
720 1807 833 1849 Clas.
858 1810 909 1858 X,
936 1808 1044 1850 Dist.
1069 1808 1109 1859 4,
1130 1821 1174 1850 n.
1198 1808 1284 1862 33.)

974 2059 1029 2105 15

156 2212 372 2268 L'eveque
387 2213 576 2267 francais
593 2214 648 2256 de
669 2215 843 2256 Castres
864 2218 932 2257 est
954 2214 1114 2269 charge
1137 2215 1190 2256 de
1211 2216 1251 2257 la
1272 2215 1410 2269 garde
1437 2215 1498 2257 du
1516 2215 1672 2267 palais.
1706 2215 1883 2258 Delibe-

99 2279 269 2322 rations
289 2279 503 2324 diverses.
523 2281 710 2322 Demain
730 2280 881 2323 entree
898 2294 956 2323 au
977 2282 1206 2324 Conclave.

209 2422 225 2447 c
246 2407 465 2464 Magnifici
486 2409 654 2449 Domini
669 2415 810 2463 patres
826 2407 1076 2458 honorandi,
1095 2407 1446 2450 commendatione
1460 2411 1681 2461 premisse,
1704 2416 1780 2452 etc.

154 2525 174 2548 ι
195 2510 272 2553 Pel
286 2511 330 2553 13
344 2511 430 2553 11113
450 2511 506 2553 (13
526 2512 621 2552 XXI
629 2512 660 2552 II
691 2511 804 2553 (13311
824 2512 978 2553 notitia
999 2522 1023 2552 a
1045 2513 1199 2553 Vostre
1217 2511 1540 2565 Magnificentie
1560 2513 1674 2555 della
1704 2525 1883 2556 concor-

99 2576 173 2620 dia
195 2577 309 2620 facta
338 2580 406 2620 tra
432 2578 578 2630 questi
602 2578 852 2620 Colomnesi
876 2581 920 2619 et
946 2578 1106 2628 Orsini,
1133 2581 1177 2619 et
1198 2578 1230 2620 il
1249 2579 1380 2620 modo
1411 2590 1535 2621 come
1562 2580 1599 2620 si
1625 2580 1791 2622 haveva
1825 2580 1882 2622 ad

98 2643 334 2686 1333131311
354 2644 536 2686 33313110
557 2656 567 2684 :
588 2644 630 2685 le
647 2644 768 2697 quali
790 2654 892 2686 cose
915 2655 995 2697 per
1014 2647 1133 2686 13310
1159 2644 1264 2698 quel
1285 2645 1329 2686 di
1350 2645 1559 2687 hahbono
1586 2647 1846 2688 executione
1867 2659 1877 2688 :

101 2710 144 2750 et
154 2708 302 2763 (1οΡρο
318 2709 522 2752 (13313313
537 2720 561 2750 3
576 2710 947 2752 Reverendissimi
965 2710 1184 2752 Cardinali
1201 2711 1244 2752 S.
1263 2710 1386 2752 Piero
1397 2711 1442 2752 in
1456 2712 1637 2753 Vincula
1652 2715 1695 2753 31
1710 2712 1882 2753 Savello

102 2777 140 2819 si
154 2779 394 2818 trovorono
407 2775 494 2817 alla
509 2776 852 2830 congregatione
871 2786 955 2818 con
974 2776 1005 2817 li
1025 2777 1187 2818 3111113
1208 2777 1379 2827 Palam,
1400 2776 1512 2818 dove
1532 2777 1619 2818 mai
1641 2778 1782 2829 prima
1795 2788 1885 2818 non

102 2843 140 2885 si
160 2853 296 2884 erano
315 2841 454 2884 voluti
471 2845 662 2884 trovare.

158 2923 174 2946 ι
195 2907 468 2950 Deliberossi
494 2907 604 2949 hieri
632 2907 748 2949 nella
779 2909 1138 2962 congregatione,
1158 2909 1237 2949 che
1267 2908 1308 2950 el
1336 2908 1561 2950 Veschovo
1588 2907 1631 2948 di
1664 2908 1829 2957 Cervia‚
1854 2908 1885 2949 11

101 2975 233 3028 quale
263 2985 338 3016 313
372 2974 583 3027 deputato
623 2984 755 3026 sopra
790 2974 832 3015 le
867 2974 1052 3015 fanterie
1085 2975 1164 3015 che
1201 2977 1359 3016 stanno
1387 2975 1758 3016 ordinariamente
1788 2974 1875 3015 alla

100 3039 287 3094 guardia
304 3039 419 3082 della
440 3043 567 3093 porta
589 3039 659 3081 del
679 3040 850 3090 Palam,
874 3043 917 3080 et
942 3040 973 3080 il
994 3040 1148 3093 signor
1164 3041 1324 3092 Jacopo
1346 3041 1496 3090 Conte,
1520 3041 1560 3081 31
1580 3040 1725 3093 quale,
1748 3051 1872 3081 come

100 3105 143 3149 vi
165 3106 335 3159 scripsi,
355 3117 429 3148 era
451 3106 662 3158 deputato
685 3106 770 3147 alla
801 3106 987 3159 guardia
1006 3106 1050 3147 di
1077 3108 1191 3146 tutto
1211 3105 1242 3146 11
1262 3109 1380 3147 13310
1402 3106 1474 3148 (131
1494 3107 1662 3156 Palam,
1687 3107 1724 3148 si
1744 3107 1870 3148 rimo-

101 3171 295 3221 vessino‚
317 3174 361 3213 et
381 3171 424 3212 in
444 3172 609 3225 luogho
637 3172 730 3214 loro
752 3172 798 3213 13
830 3174 959 3224 posto
981 3172 1020 3212 el
1051 3171 1306 3212 Reverendo
1327 3172 1540 3224 Episcopo
1571 3172 1613 3212 di
1646 3172 1824 3221 Castris,
1848 3172 1879 3213 il

36 3292 42 3297 η
100 3237 245 3290 quale.
264 3236 289 3279 3
315 3236 514 3279 franzese
543 3242 587 3279 et
615 3238 763 3280 nobile
795 3252 805 3280 ε
833 3242 876 3280 31
902 3241 1060 3290 questo
1091 3237 1186 3278 solo
1215 3237 1363 3280 hanno
1393 3238 1505 3280 facto
1533 3251 1612 3291 per
1642 3250 1792 3281 essere
1816 3239 1878 3280 lui

103 3304 319 3346 neutrale.

153 3385 172 3407 ι
195 3370 463 3412 Delib‘erossi
486 3371 677 3414 anchora
697 3371 806 3414 ch'el
827 3371 980 3426 signor
999 3371 1159 3422 Jacopo
1186 3371 1321 3412 Conte
1350 3370 1551 3424 togliessi
1574 3371 1642 3413 Vll
1675 3372 1868 3424 squadre

97 3435 142 3478 di
161 3437 307 3490 quelle
328 3437 406 3480 che
422 3437 479 3479 ha
499 3437 540 3479 la
562 3437 829 3480 Excellentia
850 3438 923 3480 del
949 3438 1083 3480 Contc
1105 3440 1147 3478 31
1168 3436 1350 3479 andossi
1376 3448 1458 3479 con
1476 3449 1581 3489 epse
1601 3449 1730 3480 verso
1752 3439 1866 3481 lton·
