2262 3958
173 286 278 328 [Mars
299 282 390 325 1489]
618 278 786 316 RERUM
819 279 1124 319 URBANARUM
1157 281 1507 319 COMMENTARH.
1885 283 1953 320 341

170 385 378 450 antiquis
399 384 630 433 sederunt
650 384 709 431 ad
729 383 836 432 loca
855 399 956 444 sua,
977 384 1191 449 exceptis
1207 385 1265 432 de
1285 387 1421 432 Fuxo
1443 387 1491 433 et
1509 383 1653 432 etiam
1676 399 1714 430 s.
1740 383 1950 447 Georgii,

170 470 252 535 qui
271 473 558 521 manserunt
578 484 687 516 cum
706 468 934 532 pontifice
956 469 1003 516 in
1024 485 1111 516 sua
1130 467 1420 527 assistentia,
1446 470 1757 531 expectantes
1779 467 1950 514 introi-

169 561 270 603 tum
295 554 436 603 Turci
471 554 531 601 ad
559 552 899 602 consistorium
937 557 984 599 et
1020 551 1144 599 illius
1176 551 1536 615 receptionem;
1568 549 1762 598 interim
1796 552 1947 598 Fran-

167 639 324 688 ciscus
346 638 462 688 Cibo
485 655 543 687 ex
562 638 713 686 latere
734 636 973 701 pontificis
1005 635 1063 684 de
1093 635 1241 700 ipsius
1269 635 1516 693 mandato,
1549 650 1661 682 cum
1683 634 1953 682 oratoribus

164 723 297 772 laicis
315 723 396 771 ivit
415 723 478 772 ad
498 720 843 771 associandum
865 722 1071 767 Turcum
1100 735 1157 767 ex
1173 719 1379 766 cameris
1402 718 1712 766 habitationis
1736 734 1845 776 sue3
1871 719 1951 782 qui

165 791 235 854 sic
274 807 543 856 associatus
583 804 799 854 medium
843 803 966 851 inter
1010 802 1316 850 Franciscum
1367 807 1413 850 et
1452 802 1666 871 priorem
1709 802 1950 861 Alvernie,

163 889 534 955 precedentibus
576 887 893 936 servientibus
934 901 1179 934 armorum
1214 890 1262 934 et
1301 885 1614 948 sequentibus
1654 885 1813 948 ipsum
1854 888 1952 935 suis

162 972 529 1038 quatuordecim
578 970 892 1020 servitoribus
929 974 976 1018 et
1009 969 1256 1030 militibus,
1303 969 1433 1018 venit
1471 985 1558 1033 per
1601 970 1945 1019 consistorium

155 1072 324 1119 ‘coram
358 1054 616 1120 pontifice3
660 1059 708 1104 et
741 1055 855 1103 licet
888 1054 1131 1102 diceretur
1170 1053 1328 1117 ipsum
1369 1055 1580 1102 Turcum
1627 1054 1949 1103 reverentiam

156 1139 375 1206 pontifici
393 1141 652 1201 facturum,
672 1155 808 1187 more
823 1141 1108 1199 Turcorum,
1134 1154 1279 1186 manu
1298 1142 1476 1187 terram
1493 1138 1756 1202 tangendo,
1774 1139 1949 1189 deinde

157 1239 355 1275 manum
374 1223 723 1284 deosculando,
747 1228 912 1272 tamen
939 1223 1053 1271 illud
1086 1222 1248 1271 facere
1275 1222 1536 1282 recusavit;
1568 1222 1652 1271 sed
1682 1222 1730 1270 in
1748 1222 1945 1272 introitu

116 1314 119 1316 ’
155 1308 430 1358 consistorii
451 1309 500 1357 in
522 1308 683 1357 medio
713 1312 759 1356 et
783 1313 895 1357 ante
930 1308 1107 1371 gradus
1143 1307 1251 1356 solii
1281 1308 1363 1357 ubi
1398 1307 1726 1371 genuflectere
1767 1308 1943 1369 solent,

157 1391 486 1456 genuflectere
507 1391 678 1453 noluit,
709 1391 860 1440 immo
887 1392 1026 1456 juxta
1053 1396 1101 1440 et
1122 1392 1262 1441 valde
1289 1407 1459 1456 parum
1487 1397 1629 1456 caput
1657 1397 1944 1457 coopertum

155 1476 371 1541 pontifici
410 1477 672 1536 inclinavit,
715 1476 836 1525 adeo
876 1476 1006 1540 quod
1045 1476 1240 1524 difficile
1281 1476 1562 1540 hujusmodi
1586 1476 1835 1526 inclinatio
1864 1493 1946 1526 co-

155 1561 325 1625 gnosci
363 1561 517 1625 potuit
554 1576 639 1610 seu
687 1560 862 1620 videri3
907 1560 1125 1609 ascendit
1165 1560 1226 1608 ad
1265 1560 1548 1624 pontificem
1589 1575 1764 1624 quem,
1811 1566 1943 1610 stans

155 1649 362 1705 erectus,
393 1645 643 1709 amplexus
675 1648 748 1694 est
779 1649 827 1693 et
859 1660 1005 1708 super
1038 1644 1289 1692 brachium
1318 1645 1571 1692 dexterum
1600 1661 1771 1709 parum
1799 1645 1943 1693 deos-

154 1727 359 1788 culatus,
389 1732 533 1792 caput
564 1745 704 1777 suum
735 1744 928 1792 semper
956 1732 1128 1776 tenens
1157 1733 1462 1792 coopertum.
1493 1731 1595 1786 Quo
1631 1729 1777 1790 facto,
1809 1733 1941 1778 stans

150 1827 314 1861 coram
334 1812 584 1876 pontifice,
609 1811 674 1860 illi
697 1811 925 1875 explicari
948 1811 1063 1860 fecit
1086 1828 1173 1875 per
1203 1827 1343 1859 suum
1375 1812 1691 1875 interpretem
1724 1813 1936 1876 gaudere

150 1911 203 1945 se
240 1896 483 1961 pontificis
530 1894 829 1959 presentiam
868 1894 1101 1958 attigisse,
1145 1894 1400 1958 ipsumque
1451 1910 1622 1958 rogare
1659 1895 1789 1958 quod
1825 1895 1938 1943 sacti

148 1992 341 2030 memor
356 1996 465 2030 esse
483 1979 595 2028 velit
625 1983 673 2027 et
703 1994 815 2027 eum
846 1978 1028 2026 habere
1059 1978 1477 2038 commendatum,
1516 1983 1580 2038 et,
1613 1995 1723 2027 cum
1746 1984 1937 2042 tempus

148 2063 342 2113 dabitur
363 2068 410 2112 et
435 2064 592 2122 locus,
618 2063 666 2110 in
695 2066 885 2111 secreto
908 2062 1002 2110 alia
1028 2062 1397 2126 explicaturum.
1425 2062 1647 2111 Pontifex
1667 2063 1933 2127 respoudit,

142 2147 330 2212 jamdiu
353 2147 548 2207 fecisse,
566 2162 654 2211 per
675 2162 766 2210 que
787 2146 1018 2194 Nobilitas
1038 2162 1122 2193 sua
1143 2162 1230 2210 pro
1251 2161 1336 2194 suo
1365 2150 1489 2194 statu
1513 2151 1559 2194 et
1582 2147 1709 2195 bono
1733 2150 1935 2195 Romam

146 2231 421 2290 duceretur,
445 2237 494 2279 et
514 2231 645 2295 quod
666 2246 754 2279 sua
776 2229 1008 2278 Nobilitas
1035 2230 1082 2277 in
1111 2229 1242 2278 nullo
1264 2229 1482 2278 dubitare
1514 2230 1706 2290 debeat,
1733 2231 1818 2279 sed
1837 2231 1934 2280 lete

144 2314 320 2374 vivere,
363 2315 473 2379 quia
507 2315 670 2363 omnia
707 2314 756 2361 in
797 2314 977 2361 bonum
1008 2312 1156 2361 finem
1197 2317 1306 2361 sunt
1341 2313 1578 2361 ordinata.
1626 2316 1717 2361 Pro
1759 2314 1933 2377 quibus

143 2401 345 2459 TurcuS,
376 2398 443 2447 ita
469 2414 520 2447 se
548 2397 796 2447 confidere
830 2412 1073 2455 asserenS,
1114 2396 1363 2445 Sanctitati
1396 2413 1480 2445 sue
1516 2397 1694 2460 gratias
1726 2398 1825 2461 egit
1849 2398 1928 2463 (1).

142 2485 264 2532 Tum
287 2482 487 2531 recessit
506 2482 777 2547 apontifice
808 2484 1010 2540 Turcus‚
1041 2484 1088 2528 et
1120 2496 1291 2529 omnes
1315 2481 1586 2529 cardinales
1620 2481 1669 2528 in
1695 2482 1793 2529 suis
1811 2483 1931 2531 locis

143 2571 325 2616 stantes
345 2572 420 2615 est
449 2567 718 2631 amplexus,
743 2571 790 2614 et
821 2582 969 2629 super
1001 2565 1096 2613 sive
1125 2565 1254 2613 circa
1285 2565 1523 2629 spatulam
1551 2565 1799 2614 dexteram
1830 2565 1930 2613 sin-

143 2650 279 2714 gulos
301 2651 568 2709 osculatus;
594 2650 788 2699 interim
812 2650 890 2698 alii
917 2649 1058 2697 Turci
1086 2649 1290 2713 predicti
1319 2649 1598 2709 familiares,
1627 2665 1792 2698 coram
1813 2666 1932 2714 pon-

146 2733 271 2782 tifice
291 2739 544 2794 venerunt,
567 2738 615 2782 et
636 2734 830 2798 singuli,
862 2750 984 2782 unus
1009 2733 1230 2781 videlicet
1254 2738 1362 2796 post
1387 2733 1551 2792 alium,
1584 2750 1731 2798 super
1751 2734 1927 2782 solium

143 2817 544 2881 genuflectentes,
594 2823 773 2866 terram
812 2833 959 2865 manu
997 2817 1196 2866 dextera
1240 2822 1513 2881 tangentes,
1561 2817 1709 2878 illam,
1751 2817 1924 2865 deinde

142 2901 387 2966 pontificis
419 2901 568 2966 pedes
599 2916 711 2950 cum
752 2901 941 2964 pluviali
977 2905 1022 2949 et
1052 2902 1263 2949 vestibus
1301 2902 1634 2966 amplexantes
1664 2901 1924 2965 genuflexi,

142 2990 252 3034 sunt
278 2985 497 3045 osculati,
536 2989 582 3034 et
612 2987 821 3034 Turcum
849 2990 1108 3049 patronum
1140 3002 1282 3034 suum
1310 2986 1482 3046 secuti,
1510 2987 1609 3050 qui,
1644 2985 1927 3050 amplexatis

188 3121 239 3169 (t)
268 3135 287 3154 «
310 3119 405 3157 Sunt
426 3120 487 3169 qui
503 3120 642 3165 dieunt,
666 3125 702 3158 et
722 3121 790 3158 hoc
813 3133 937 3158 verum
960 3125 1028 3167 est,
1050 3122 1146 3170 quod
1171 3122 1249 3170 ipse
1269 3123 1422 3160 voluerit
1442 3124 1597 3161 osculari
1620 3125 1755 3173 Papam
1772 3124 1805 3160 in
1821 3124 1926 3171 faeie,

139 3186 175 3218 et
195 3180 298 3229 Papa
328 3181 553 3226 retrocessit,
577 3185 611 3218 et
640 3186 758 3218 tamen
788 3182 866 3230 ipse
893 3186 1033 3220 tantum
1057 3184 1237 3231 spatulam
1259 3184 1446 3220 osculatus
1468 3190 1537 3222 est.
1558 3199 1575 3217 »
1599 3185 1804 3230 Infessura
1834 3185 1927 3222 dans

109 3287 112 3290 Δ
139 3242 291 3287 Eccard,
314 3241 382 3278 col.
418 3242 524 3289 1987)
572 3254 633 3278 car
655 3242 747 3280 dans
774 3243 806 3280 le
838 3248 934 3281 texte
966 3243 1010 3279 de
1047 3243 1237 3289 Muratori‚
1270 3244 1357 3280 [ἴεν.
1386 3245 1475 3280 Ital.
1506 3245 1660 3290 Script„
1685 3248 1710 3280 t.
1740 3244 1805 3289 111,
1826 3256 1862 3292 p.
1888 3257 1924 3290 ιι,

136 3302 204 3339 col.
223 3302 326 3347 1229,
347 3313 394 3338 on
415 3301 454 3338 lit
475 3313 483 3338 :
508 3316 526 3334 «
548 3301 659 3346 Sunt,
674 3303 736 3351 qui
757 3303 901 3348 dicunt,
925 3303 991 3340 sed
1013 3315 1082 3340 non
1107 3303 1196 3340 scio.
1214 3317 1231 3337 »
1247 3303 1339 3351 Voy.
1359 3306 1379 3339 a
1401 3303 1651 3352 l'Appenfflce,
1669 3306 1727 3339 η’)Β
1746 3304 1792 3339 34
1810 3309 1846 3340 et
1864 3304 1925 3350 36,

134 3361 169 3398 la
188 3361 291 3398 relat.
313 3362 359 3398 de
385 3361 561 3398 Caoursin
591 3367 628 3399 et
657 3362 745 3399 celle
771 3362 817 3399 de
848 3363 891 3400 Ρ.
916 3363 1161 3400 Beneficiatus
1183 3375 1254 3411 que
1276 3363 1442 3400 Bonanni
1467 3375 1488 3400 a
1508 3363 1647 3399 inseree
1668 3363 1760 3400 dans
1782 3363 1814 3400 le
1835 3368 1865 3402 t.
1894 3365 1923 3409 I,

137 3433 173 3470 p.
198 3421 267 3460 109
281 3421 326 3459 de
348 3433 414 3459 son
435 3433 538 3460 ouvr.
563 3433 571 3458 :
594 3423 846 3460 Numismata
866 3425 988 3462 Pont.
1015 3424 1122 3460 Rom.
