2262 3958
374 327 444 364 316
976 321 1209 360 JOHANNIS
1242 320 1535 367 BURCHARDI,
1861 326 2024 368 [octobre
2043 329 2134 371 1488]

372 429 493 478 ticiis
508 444 695 488 novem,
719 444 773 475 ac
789 428 923 490 juxta
941 429 1150 474 castrum
1166 423 1419 472 intorticiis
1437 425 1752 489 quadraginta
1772 431 1898 487 oct0,
1917 427 2135 477 videlicet

372 511 531 574 viginti
550 515 752 573 quatuor
767 510 815 556 in
837 508 1051 572 quolibet
1070 508 1220 555 latere
1243 512 1291 554 et
1316 507 1442 554 lecto
1468 507 1555 554 sub
1583 512 1740 557 castro
1762 510 1958 570 doloris,
1979 511 2136 574 longi-

370 593 543 641 tudinis
589 593 854 656 palmarum
899 606 1119 638 meorum
1161 589 1389 638 tredecim
1430 593 1477 638 et
1513 590 1822 654 longitudinis
1861 608 2034 642 novem
2079 610 2135 642 ac

371 675 632 723 altitudinis
667 690 750 722 sex
783 678 830 722 et
860 673 963 722 aliis
1006 671 1303 736 opportuniS,
1346 671 1510 719 habite
1548 671 1741 720 fuerunt
1774 674 1972 736 exequie
2007 675 2134 724 bone

370 757 603 806 memorie
623 756 853 805 Johannis
874 753 1163 803 Arcimboldi
1192 754 1311 801 tituli
1342 771 1379 802 s.
1419 755 1643 804 Prexedis
1667 756 1951 821 presbyteri.
1973 758 2136 806 Cardi-

370 840 490 888 nalis
512 839 846 888 Ulixbonensis
868 837 1122 886 celebravit
1143 837 1357 884 missam.
1384 841 1550 898 Rmus,
1578 841 1633 886 D.
1653 839 1866 886 Julianus
1886 839 2135 900 Ostiensis,

369 924 613 971 Johannes
634 922 918 970 Albanensis
944 920 1174 984 episcopi,
1196 920 1427 967 Johannis
1449 920 1625 968 titulis.
1650 921 1817 970 Vitalis
1833 926 1880 970 et
1894 922 2138 971 Johannes

371 1007 493 1055 tituli
528 1023 566 1054 s.
609 1005 836 1070 Stephani
867 1006 915 1052 in
950 1005 1079 1052 Celio
1112 1006 1273 1052 Monte
1304 1004 1570 1068 presbyteri
1602 1004 1868 1053 cardinales
1902 1021 1996 1054 una
2030 1021 2139 1066 cum

372 1089 644 1138 celebrante
667 1087 885 1134 fecerunt
908 1085 1256 1134 absolutionem
1279 1088 1384 1148 post
1415 1085 1610 1133 missam
1633 1089 1679 1133 et
1701 1102 1974 1136 sermonem
1996 1103 2139 1151 quem

372 1173 484 1222 fecit
522 1175 806 1235 procurator
849 1168 1028 1217 ordinis
1080 1184 1120 1216 s,
1178 1168 1447 1231 Augustini.
1504 1169 1713 1232 Lugubri
1769 1170 1964 1219 fuerunt
2007 1171 2138 1235 prius

371 1252 655 1316 Magnificus
678 1253 734 1300 D.
768 1250 990 1315 Aloysius
1012 1250 1344 1299 Arcimboldus
1372 1250 1625 1298 cardinalis
1645 1252 1861 1300 defuncti
1880 1253 2007 1302 filius
2022 1253 2140 1318 legi-

369 1337 525 1384 timus,
542 1338 656 1382 Post
677 1349 786 1381 eum
802 1338 1008 1397 quatuor
1023 1333 1253 1397 episcopi,
1273 1332 1494 1380 videlicet
1515 1335 1888 1382 Interamnensis
1904 1336 2135 1400 magister

374 1420 543 1467 domus
570 1417 861 1476 Parmensis,
901 1416 1167 1472 Adriensis‚
1199 1415 1479 1479 Adjacensis
1509 1420 1557 1463 et
1582 1416 1886 1464 Venefranus
1913 1417 2060 1466 abbas
2078 1418 2136 1467 de

372 1501 592 1550 Corvaria
631 1499 950 1548 Bononiensis
988 1499 1193 1546 diecesis
1234 1502 1281 1546 et
1323 1502 1515 1546 centum
1561 1498 1639 1546 alii
1672 1499 1799 1547 inter
1837 1500 2130 1563 capellanOS‚

374 1584 622 1633 scutiferos
653 1587 699 1630 et
729 1582 846 1629 alios
879 1581 1154 1629 familiares.
1190 1581 1511 1629 Interfuerunt
1537 1580 1661 1630 ultra
1692 1582 2003 1631 absolventes>
2025 1599 2137 1648 pre-

374 1668 527 1715 dictos
561 1665 725 1713 RRmi.
768 1667 869 1712 DD.
904 1663 1340 1723 vicecancellarius,
1383 1664 1739 1727 Neapolitanus,
1781 1666 2010 1730 episcopi,
2053 1668 2140 1715 Se·

377 1750 557 1808 nensis,
583 1749 641 1797 de
663 1751 813 1806 Fuxo,
838 1747 896 1795 de
926 1747 1145 1805 Sabellis,
1175 1747 1233 1794 de
1265 1747 1510 1807 Columna,
1548 1748 1606 1795 de
1635 1748 1817 1796 Ursinis
1839 1753 1885 1797 et
1906 1750 2139 1798 Ascanius

373 1831 564 1880 diaconi
613 1829 896 1878 cardinales.
948 1828 1311 1875 Testamentarii
1358 1834 1468 1876 sunt
1508 1830 1674 1877 RRmi.
1725 1831 1782 1878 de
1838 1831 2039 1879 Sabellis
2092 1837 2140 1880 et

373 1914 607 1963 Ascanius
641 1912 828 1960 diaconi
867 1911 1132 1960 cardinales
1166 1915 1213 1959 et
1242 1913 1298 1958 D.
1345 1912 1589 1960 Johannes
1624 1914 1790 1961 Petrus
1821 1914 2139 1963 Arrivabenus

374 2000 458 2046 SS.
485 2000 543 2045 D.
568 1999 625 2045 N.
648 1998 775 2058 Pape
798 1993 1100 2042 secretarius.

438 2079 601 2127 RRmi.
624 2081 725 2126 DD.
749 2077 1015 2125 cardinales
1034 2077 1262 2125 sederunt
1281 2077 1331 2124 in
1343 2077 1541 2125 banchis
1555 2079 1793 2127 hincinde
1814 2079 1998 2143 positis,
2020 2096 2139 2144 quos

371 2167 532 2210 tamen
567 2160 912 2225 aliquantulum
957 2175 1122 2207 versus
1161 2160 1371 2208 medium
1417 2161 1620 2209 ecclesie
1665 2162 1789 2209 trahi
1823 2162 1915 2211 feci
1946 2167 2141 2227 propter

370 2245 627 2303 intorticia,
653 2259 712 2292 ne
735 2259 847 2291 eera
867 2259 1012 2307 super
1036 2260 1118 2291 eos
1148 2244 1333 2292 flueret.
1366 2246 1418 2291 In
1446 2244 1541 2292 fine
1568 2244 1708 2292 banci
1737 2245 2072 2310 episcoporum
2094 2251 2141 2296 et

372 2327 780 2391 presbyterorum,
815 2330 1030 2373 oratores
1063 2326 1233 2389 prelati
1268 2331 1315 2374 et
1343 2326 1451 2375 laici
1487 2327 1536 2374 in
1564 2327 1718 2375 banco
1758 2328 1999 2377 humiliori
2032 2335 2140 2393 post

374 2410 580 2457 hancum
615 2412 776 2455 autem
805 2402 1118 2455 diaconorum
1144 2424 1231 2470 per
1253 2409 1472 2456 eamdem
1501 2409 1678 2456 lineam
1709 2410 1941 2458 sedebant
1972 2410 2140 2474 prelati

367 2492 421 2544 vin
437 2506 520 2539 sex
539 2489 705 2538 baucis
722 2489 896 2552 longiS,
917 2489 963 2536 in
986 2490 1141 2553 prima
1159 2505 1322 2538 versus
1344 2491 1555 2538 medium
1575 2491 1777 2540 ecclesie
1794 2491 1962 2555 prelati
1979 2493 2140 2556 palatii

374 2573 546 2621 deinde
568 2572 663 2631 alii,
685 2571 733 2618 in
754 2571 932 2619 ultimis
953 2572 1297 2635 prothonotarii
1320 2576 1365 2620 et
1386 2556 1642 2621 auditores.
1661 2576 1888 2622 Cantores
1906 2577 2142 2623 steterunt

374 2661 502 2706 retro
534 2657 683 2704 altare
711 2655 865 2718 majus
898 2654 946 2701 in
980 2655 1128 2702 choro
1163 2654 1380 2702 fratrum.
1413 2656 1650 2719 Pulpitum
1676 2671 1761 2719 pro
1794 2660 1986 2704 oraturo
2013 2658 2141 2706 stetit

374 2741 422 2789 ni
447 2740 601 2804 capite
620 2737 761 2787 banci
785 2737 1120 2800 episcoporum
1142 2729 1470 2796 cardinalium,
1502 2743 1664 2786 tamen
1688 2738 1824 2800 quasi
1852 2741 1980 2786 retro
2001 2739 2141 2802 pilas-

375 2828 501 2871 trum
523 2822 651 2886 quod
671 2820 883 2868 medium
913 2823 1015 2867 erat
1040 2819 1165 2867 inter
1190 2820 1396 2867 bancum
1422 2824 1469 2872 et
1494 2820 1744 2884 pulpitum.
1774 2821 1982 2885 Lugubri
2010 2821 2143 2870 sede-

375 2911 483 2955 runt
499 2907 634 2970 juxta
657 2907 867 2952 castrum
889 2918 1024 2951 more
1046 2902 1186 2951 solito
1217 2908 1263 2950 et
1290 2903 1485 2951 ultimus
1504 2903 1687 2951 bancus
1705 2904 2032 2953 transversalis
2055 2904 2143 2952 fuit

377 2990 657 3055 triplicatus,
684 2991 803 3036 Cera
823 2986 910 3034 fuit
926 2986 1126 3049 pulchra
1141 2989 1187 3034 et
1206 2986 1328 3034 bene
1346 2987 1559 3034 laborata
1575 3002 1632 3034 ex
1646 2987 1882 3035 bombice.
1901 2987 2143 3035 Intorticia

374 3088 460 3137 pro
483 3070 800 3120 cardinalibus
823 3072 870 3117 et
891 3069 1154 3117 elevatione
1184 3070 1473 3118 sacramenti
1493 3070 1683 3118 fuerunt
1704 3071 1910 3134 quinque
1930 3070 2049 3119 libre
2071 3070 2142 3118 vel

376 3155 523 3214 circa;
563 3154 656 3202 alia
682 3156 889 3216 quatuor
915 3152 987 3199 vel
1021 3152 1166 3200 circa.
1212 3152 1387 3200 Facule
1426 3167 1513 3215 pro
1546 3153 1758 3216 prelatis,
1797 3153 2064 3202 oratoribus
2097 3157 2143 3201 et

372 3238 586 3301 lugubris
609 3237 807 3285 duarum
821 3234 1050 3283 librarum
1070 3239 1116 3282 et
1134 3235 1226 3283 alia
1239 3234 1413 3283 deinde
1435 3234 1637 3294 minora,
1662 3250 1796 3283 more
1820 3235 1975 3283 solito.

438 3322 538 3368 Hoc
560 3320 634 3368 die
655 3322 839 3367 tantum
858 3318 1021 3366 habite
1044 3322 1153 3365 sunt
1168 3317 1368 3379 exequie
1385 3316 1443 3365 de
1458 3316 1653 3364 licentia
1672 3319 1755 3366 SS.
1779 3320 1833 3366 D.
1852 3320 1907 3366 N.
1927 3319 2072 3380 Pape.
2091 3321 2139 3365 et

375 3415 471 3446 non
491 3417 575 3463 per
595 3416 765 3448 novem
786 3400 886 3447 dies
907 3404 1047 3462 prout
1074 3399 1178 3448 fieri
1206 3399 1342 3447 solet.
1372 3399 1476 3447 Alia
1503 3414 1638 3449 more
1666 3400 1806 3449 solito
1834 3403 1944 3448 sunt
1973 3398 2139 3447 obser-
