2262 3958
352 339 400 376 36
960 339 1193 376 JOHANNIS
1226 339 1520 386 BURCHARm,
1906 342 2010 383 [Aom
2028 342 2119 385 1484]

355 443 566 501 sionem,
608 441 1044 506 presentationem,
1087 441 1400 502 electionem,
1451 442 1892 504 confirmationem,
1934 445 2125 493 institu-

354 527 561 586 tionem,
604 542 688 575 seu
723 525 934 588 quamvis
980 525 1119 572 aliam
1165 525 1369 573 similem
1418 526 1492 573 vel
1534 525 1812 576 dissimilem
1853 528 2126 592 dispositio-

292 603 298 609 ’
353 627 465 658 nem
494 610 554 675 (1)
589 610 866 657 eorumdem
900 607 1082 656 ratione
1116 608 1426 657 ecclesiarum
1459 612 1507 657 et
1538 609 1782 658 titulorum
1813 611 2124 660 cardinalium

355 709 521 741 eorum
549 697 595 741 et
626 693 768 741 etiam
800 692 1137 751 ecclesiarum,
1168 692 1592 753 monasteriorum,
1625 694 1939 757 prioratuum,
1969 695 2125 759 digni-

353 780 526 835 tatum,
559 780 926 840 personatuum,
961 775 1424 824 administrationum
1455 780 1501 824 et
1531 776 1798 825 officiorum
1828 777 2123 841 aliorumque

353 860 702 908 beneficiorum
748 859 1214 920 ecclesiasticorum,
1255 860 1427 924 quibus
1457 865 1657 924 presunt
1693 865 1740 909 et
1777 877 1870 924 que
1907 861 2125 909 obtinent

354 961 533 1008 eosque
561 961 758 1009 preesse
787 949 834 994 et
862 961 949 1010 pro
980 949 1196 1008 tempore
1232 944 1448 992 obtinere
1479 944 1725 1008 continget
1756 944 1804 991 in
1837 944 2026 992 titulum
2049 943 2125 992 vel

353 1029 688 1077 commendam
710 1027 769 1094 (2)
793 1045 876 1076 seu
897 1028 1012 1076 alias
1043 1043 1344 1091 quocumque
1369 1028 1478 1091 jure
1506 1027 1579 1076 vel
1605 1028 1739 1075 titulo
1769 1027 2126 1090 quomodolibet

353 1113 687 1177 spectantium,
723 1113 942 1175 quodque
965 1112 1258 1175 expectative
1289 1111 1457 1174 gratie,
1492 1111 1723 1175 speciales
1754 1110 2120 1171 reservationes,

351 1197 575 1245 mandata
594 1197 652 1245 de
675 1195 883 1244 uniendo
906 1199 953 1243 et
980 1194 1141 1257 quevis
1172 1195 1261 1243 alie
1293 1194 1630 1258 dispositiones
1661 1198 1708 1243 et
1738 1194 1899 1258 regule
1931 1193 2123 1242 cancel-

350 1280 495 1340 larie,
533 1279 816 1344 dignitatum
858 1279 1094 1342 majorum
1138 1283 1185 1326 et
1225 1277 1560 1342 principalium
1602 1277 1897 1341 aliorumque
1938 1276 2124 1325 benefi-

352 1364 536 1411 ciorum
570 1367 618 1411 et
645 1362 950 1411 familiarium
989 1361 1323 1421 cardinalium,
1364 1364 1444 1409 aut
1479 1376 1788 1408 romanorum
1820 1360 2121 1425 pontificum,

351 1463 437 1495 seu
473 1447 753 1495 eorumdem
789 1450 869 1494 aut
898 1446 1023 1493 dicte
1056 1445 1182 1492 sedis
1213 1444 1513 1502 officialium,
1550 1460 1633 1493 seu
1665 1444 1779 1492 alias
1811 1443 2124 1507 quovismodo

351 1528 699 1577 reservationes
745 1527 993 1591 generales
1042 1525 1139 1573 sive
1182 1525 1414 1589 speciales
1461 1525 1786 1584 continentes,
1837 1525 1933 1574 sive
1985 1524 2124 1573 indu-

350 1615 514 1660 centes
548 1611 938 1668 constitutiones,
975 1609 1118 1658 etiam
1147 1608 1510 1672 precedentium
1539 1607 1847 1667 innovantes,
1889 1611 1969 1656 aut
2009 1608 2125 1656 alias

350 1694 708 1757 quomodolibet
741 1694 938 1742 effectus
970 1692 1220 1750 facienteS,
1265 1691 1323 1738 ad
1355 1691 1481 1739 dicta
1522 1692 1830 1750 monasteria,
1865 1691 2146 1755 prioratus‚'

348 1778 699 1842 preposituras,
738 1776 1017 1840 dignitates,
1054 1778 1364 1838 personatus,
1403 1774 1837 1822 administrationes
1867 1778 1915 1822 et
1944 1774 2120 1832 officia,

349 1861 657 1909 canonicatus
689 1864 736 1908 et
764 1859 1032 1923 prebendas
1070 1857 1254 1919 aliaque
1293 1856 1528 1905 beneficia
1566 1857 1834 1905 nullatenus
1867 1873 1918 1906 se
1955 1860 2123 1906 exten..

348 1945 485 2004 dant,
525 1946 610 1992 sed
647 1945 707 1992 de
747 1943 860 2007 ipsis
901 1957 989 2005 pro
1028 1945 1245 2003 tempore
1288 1939 1646 2002 quomodolibet
1691 1944 1825 1989 extra
1874 1955 2122 1989 romanam

347 2026 530 2074 curiam
575 2026 718 2074 etiam
764 2024 1063 2075 cessantibus
1119 2023 1417 2072 commendis
1459 2023 1742 2087 illorumque
1788 2026 2122 2075 commendate

346 2110 519 2169 forent,
551 2110 846 2167 vacantibus,
881 2107 1146 2156 cardinales
1176 2106 1266 2170 ipsi
1297 2106 1566 2170 disponant,
1597 2108 1795 2171 perinde
1817 2124 1871 2157 ac
1902 2108 1940 2156 si
1971 2108 2122 2173 gratie

348 2192 642 2256 expectative
674 2191 907 2255 speciales
942 2195 989 2239 et
1021 2191 1110 2239 alie
1149 2191 1520 2250 reservationes,
1556 2191 1859 2251 affectiones,
1893 2191 2119 2251 uniones,

349 2276 712 2324 constitutiones
744 2279 791 2323 et
823 2275 1047 2322 mandata
1081 2273 1358 2338 hujusmodi
1388 2289 1483 2322 non
1522 2278 1825 2338 apparerent.
1861 2277 1978 2323 Cum
2009 2288 2123 2323 vero

345 2358 422 2404 illa
455 2358 504 2404 in
536 2358 662 2405 dicta
701 2357 832 2404 curia
868 2371 1038 2404 vacare
1079 2357 1340 2420 continget,
1383 2356 1474 2403 nisi
1513 2357 1572 2405 de
1613 2371 1841 2420 expresso
1882 2371 2123 2406 consensu

348 2439 494 2503 ipsius
525 2439 779 2487 cardinalis
811 2438 1037 2486 ordinarii
1069 2453 1152 2486 seu
1180 2440 1574 2487 commendatarii
1603 2440 1652 2487 in
1683 2440 1984 2505 expeditione
2013 2439 2123 2488 lite-

347 2539 505 2570 rarum
538 2523 744 2586 desuper
775 2522 1064 2580 adhibendO,
1101 2521 1201 2569 sine
1236 2536 1328 2584 quo
1361 2522 1656 2585 provisiones
1690 2522 1793 2586 ipse
1821 2523 1993 2571 nullius
2028 2523 2121 2570 sint

345 2606 535 2669 penitus
565 2606 750 2653 roboris
788 2604 861 2653 vel
898 2604 1146 2663 momenti,
1180 2604 1407 2652 ecclesias
1438 2620 1644 2667 qnoque,
1678 2606 1986 2666 monasteria,
2015 2621 2122 2670 pre-

346 2689 600 2751 posituras,
635 2689 894 2751 prioratus,
929 2687 1207 2750 dignitateS,
1240 2692 1547 2750 personatus,
1582 2687 2016 2737 administrationes
2045 2689 2119 2737 vel

347 2770 527 2829 officia,
572 2770 880 2818 canonicatus
927 2773 973 2817 et
1009 2769 1277 2832 prebendas
1320 2770 1559 2833 reliquave
1592 2772 1828 2821 beneficia
1863 2771 2118 2821 ecclesias-

348 2852 442 2899 tica
483 2852 712 2900 secularia
758 2855 805 2899 et
845 2850 1063 2898 ordinum
1109 2864 1519 2914 quorumcumque
1566 2853 1805 2917 regularia
1851 2869 1960 2902 cum
2004 2867 2120 2902 cura

349 2938 395 2982 et
417 2935 517 2982 sine
546 2951 676 2994 cura,
702 2934 1084 2997 qualiacumque,
1114 2949 1202 2997 per
1231 2934 1430 2995 obitum,
1463 2937 1815 3000 promotionem
1843 2952 1928 2986 seu
1955 2950 2116 2999 quam-

347 3019 414 3065 vis
436 3018 576 3065 aliam
597 3018 925 3067 dimissionem
944 3018 1018 3066 vel
1046 3016 1407 3081 dispositionem
1433 3017 1752 3075 familiarium,
1783 3016 2116 3064 continuorum

350 3101 743 3149 commensalium
777 3101 1084 3149 cardinalium
1115 3100 1414 3159 eorumdem,
1450 3115 1537 3163 pro
1570 3102 1786 3163 tempore
1821 3098 1963 3146 etiam
1993 3098 2117 3162 apud

350 3183 513 3229 sedem
539 3184 771 3246 prefatam
797 3183 1028 3241 vacantia,
1062 3182 1206 3232 etiam
1236 3183 1275 3230 si
1300 3182 1555 3230 familiares
1581 3182 1672 3246 ipsi
1700 3180 2006 3242 decedentes,
2038 3182 2118 3230 illa

401 3332 432 3366 1.
461 3330 748 3378 Institutionem,
783 3344 847 3369 scu
879 3329 1046 3380 quamvis
1082 3329 1187 3368 aliam
1228 3328 1380 3368 similem
1412 3327 1470 3367 vel
1507 3328 1715 3366 dissimilem
1754 3329 2042 3378 dispositionem.
2070 3348 2117 3356 ——

350 3388 507 3437 Manque
528 3390 618 3426 dans
638 3390 758 3427 Rinal.

396 3450 432 3484 2.
461 3448 527 3486 Vel
547 3451 805 3488 commendam.
829 3469 871 3479 -—
893 3451 942 3488 Ici
960 3450 1107 3489 s‘arrete
1127 3449 1160 3489 la
1180 3448 1327 3489 citation
1347 3450 1391 3489 de
1411 3450 1601 3489 Burchard
1621 3450 1713 3488 dans
1735 3448 1859 3488 Rinat.
