2262 3958
316 322 365 358 88
926 315 1157 354 JOHANNIS
1191 311 1483 357 BURCHARDI,
1872 309 1975 352 [Aom
1995 309 2086 350 1484]

389 424 482 472 Sed
503 423 612 486 quia
632 421 832 470 Romani
854 419 971 467 mihi
993 418 1213 466 dixerunt
1234 432 1342 464 suas
1358 416 1406 463 in
1426 413 1570 462 mutis
1591 411 1868 477 hujusmodi
1890 425 2090 461 consue-

324 508 508 557 tudines
529 507 647 555 velle
671 506 943 562 observare,
968 517 1136 550 eorum
1158 499 1354 548 arbitrio
1377 496 1563 561 reliqui.

387 595 455 639 De
479 588 751 639 vexilliferis
777 604 787 636 :

387 689 606 722 cursores
638 673 721 719 SS.
758 673 813 719 D.
847 673 900 719 N.
944 685 1066 734 pape
1107 669 1334 733 deputent
1367 663 1727 728 quatuordecim
1767 679 1825 711 ex
1865 662 1980 726 ipsis
2012 660 2092 725 qui

322 757 573 820 duodecim
594 771 738 820 parva
757 754 926 822 vexilla
947 757 994 801 et
1014 753 1132 800 duos
1155 750 1442 800 cherubinos
1464 751 1672 812 portent,

389 839 619 889 tredecim
640 838 795 902 capita
815 837 1069 900 regionum
1088 837 1280 899 portent
1301 849 1384 882 sua
1403 832 1573 880 vexilla
1598 849 1606 878 :

385 921 736 972 confalonerius
757 920 920 985 populi
940 918 1144 978 romani,

383 1009 665 1071 procurator
684 1004 862 1053 ordinis
883 1004 1022 1052 beate
1043 1001 1190 1050 Marie
1210 999 1634 1058 Theutonicorum,

386 1105 548 1138 comes
570 1089 811 1137 Johannes
838 1086 1123 1135 Franciscus
1144 1085 1202 1132 de
1224 1083 1422 1142 Balneo,

388 1158 551 1222 comes
571 1171 804 1221 Antonius
827 1171 884 1219 de
905 1168 1186 1226 Mirandula,

384 1259 666 1319 procurator
686 1252 865 1302 ordinis
887 1269 926 1300 s.
950 1251 1180 1301 Johannis
1204 1248 1592 1314 Hierosymitani.

389 1342 565 1387 Omnes
585 1338 633 1386 hi
654 1338 862 1386 habeant
883 1352 1031 1400 equos
1052 1335 1276 1383 bardatos
1299 1337 1346 1382 et
1367 1333 1460 1381 sint
1481 1331 1651 1381 armati
1669 1347 1818 1394 usque
1841 1332 1899 1380 ad
1921 1329 2095 1378 collum

325 1440 435 1472 cum
457 1421 744 1486 supravestis
765 1437 851 1485 pro
875 1437 925 1468 se
949 1424 994 1468 et
1016 1418 1168 1481 equis,
1204 1421 1251 1465 et
1277 1416 1477 1479 quilibet
1500 1431 1667 1464 eorum
1697 1414 1874 1464 habeat
1894 1416 2099 1477 quatuor

323 1506 580 1555 familiares
613 1503 902 1553 mantellinis
922 1502 1114 1566 paribus
1137 1503 1345 1551 indutos.

382 1593 450 1637 De
473 1588 790 1636 cardinalibus
813 1591 859 1634 et
879 1585 1073 1650 prelatis
1099 1603 1108 1634 :
1157 1633 1165 1639 ,

389 1671 553 1719 RRmi.
587 1673 685 1718 DD.
717 1669 982 1718 cardinales
1009 1668 1184 1717 faciant
1210 1667 1314 1716 fieri
1342 1669 1593 1730 coopertas
1622 1665 1681 1713 de
1702 1662 1966 1712 buccacino
1988 1661 2094 1711 albo

325 1771 415 1817 que
438 1770 587 1816 equos
610 1753 815 1815 undique
839 1751 1119 1814 cooperiant
1137 1767 1164 1798 a
1184 1754 1313 1798 terra
1332 1767 1419 1814 per
1437 1751 1649 1814 palmum
1669 1749 1741 1797 vel
1763 1748 1909 1796 circa.

382 1837 567 1885 Portari
586 1836 762 1884 faciant
781 1838 1061 1898 paramenta
1081 1834 1233 1882 ordini
1256 1837 1303 1881 et
1324 1832 1529 1897 tempori
1550 1830 1898 1889 convenientia,
1924 1829 2095 1892 quibus

323 1921 474 1985 parati
496 1920 587 1967 sint
607 1919 655 1966 in
676 1918 822 1966 missa
842 1921 888 1966 et
908 1917 1217 1981 processione
1239 1917 1299 1964 ad
1319 1918 1624 1964 Lateranum.
1641 1917 1693 1962 ln
1714 1912 2025 1978 processione
2037 1912 2097 1960 ad

325 2005 629 2060 Lateranum,
655 2001 856 2064 quisque
890 2015 1038 2064 penes
1073 2015 1123 2048 se
1153 2000 1329 2047 habeat
1356 1999 1610 2047 servitores
1641 2002 1749 2046 octo
1774 1997 1850 2045 vel
1880 1996 2010 2044 circa
2037 1995 2098 2043 ad

325 2085 615 2133 voluntatem
643 2100 796 2143 suam,
820 2084 1021 2131 honeste
1049 2082 1261 2141 vestitOS,
1293 2082 1489 2130 baculos
1526 2082 1660 2130 albos
1690 2082 1738 2129 in
1771 2079 1982 2128 medium
2011 2093 2098 2143 pa-

326 2168 697 2216 rafrenariorum
734 2167 953 2215 manibus
993 2169 1237 2229 portantes
1258 2204 1268 2225 ‚
1311 2169 1358 2214 et
1392 2165 1442 2212 hi
1488 2168 1629 2213 erunt
1661 2164 1770 2213 loco
1814 2163 2091 2228 parafrena-

326 2251 522 2299 riorum.

331 2337 336 2341 ”
394 2333 567 2381 Prelati
604 2333 821 2381 similiter
854 2332 1030 2381 faciant
1065 2336 1318 2395 coopertas
1359 2331 1537 2380 similes
1573 2331 1631 2379 de
1672 2330 1895 2393 fustagno
1934 2333 2095 2378 tamen

328 2416 453 2474 albo,
485 2431 581 2463 non
612 2415 669 2462 de
700 2414 1000 2462 bambacino.
1030 2415 1231 2462 Portarii
1258 2414 1432 2462 faciant
1456 2413 1680 2477 pluvialia
1712 2413 1820 2462 alba
1848 2417 1895 2461 et
1928 2412 2095 2460 mitras

330 2499 570 2562 simplices
589 2498 760 2561 quibus
779 2497 826 2544 in
844 2497 1154 2560 processione
1176 2497 1271 2544 sint
1288 2496 1439 2560 parati
1460 2495 1676 2544 similiter
1691 2495 1803 2544 etin
1820 2495 1985 2555 missa,
2004 2495 2094 2543 nisi

330 2583 475 2630 missa
496 2582 599 2644 ipsa
619 2581 764 2629 alium
791 2581 1003 2629 colorem
1021 2580 1301 2644 postularet.

388 2668 439 2712 In
463 2664 769 2728 processione
806 2664 1007 2727 quisque
1040 2679 1188 2727 penes
1217 2679 1268 2712 se
1294 2662 1471 2712 habeat
1495 2662 1748 2711 servitores
1777 2678 1863 2711 seu
1884 2661 2094 2726 parafre-

329 2748 487 2796 narios
506 2748 710 2796 honeste
730 2748 939 2807 vestitos,
962 2746 1158 2795 baculos
1176 2746 1310 2794 albos
1328 2745 1376 2792 in
1395 2744 1620 2793 manibus
1638 2749 1903 2809 portantes.

388 2834 457 2879 De
488 2830 689 2879 cameris
720 2830 766 2878 in
796 2847 835 2878 s.
858 2830 1078 2879 Johanne
1106 2829 1415 2877 Lateranensi
1451 2823 1827 2877 distribuendis:

393 2930 582 2964 camere
611 2930 778 2964 omnes
812 2913 1151 2964 canonicorum
1187 2912 1381 2961 basilice
1413 2899 1452 2960 s.
1490 2912 1722 2961 Johannis
1757 2912 2092 2962 Lateranensis

333 2997 491 3046 sivein
512 2998 744 3046 canonica
767 2999 861 3047 sive
887 3014 1030 3061 supra
1045 2998 1222 3045 lobiam
1238 3012 1324 3060 per
1344 3011 1489 3059 quem
1506 2995 1567 3044 ad
1595 2998 1771 3044 Sancta
1801 2996 2088 3042 Sanctorum

332 3080 426 3127 itur
447 3081 619 3130 situate
639 3081 981 3129 distribuantur
1000 3081 1123 3130 inte'r
1142 3083 1347 3128 RRmos.
1379 3081 1479 3127 DD.
1503 3077 1768 3127 cardinales
1786 3091 1872 3140 per
1891 3076 2090 3125 biduum

334 3164 405 3210 vel
447 3164 658 3212 triduum
700 3169 810 3214 ante
853 3164 979 3211 diem
1032 3161 1352 3212 coronationis
1396 3165 1443 3209 et
1485 3177 1573 3225 per
1615 3160 1798 3207 litteras
1855 3159 2097 3224 alphabeti

335 3246 599 3308 signentur,
637 3264 692 3296 ac
720 3248 875 3296 claves
906 3262 1073 3295 eorum
1101 3244 1298 3308 singulis
1326 3243 1601 3292 camerariis
1639 3243 1950 3291 cardinalium
1979 3242 2098 3291 assi-

335 3332 540 3390 gnentur
586 3331 663 3393 qui
710 3346 791 3379 eas
836 3329 1053 3378 mundari
1098 3328 1273 3376 faciant
1316 3330 1363 3374 et
1401 3325 1569 3389 pannis
1616 3326 1895 3389 opportunis
1938 3325 2095 3383 lectis,

335 3412 574 3470 scammiS‚
607 3415 815 3473 sedibus,
849 3413 1029 3461 mensis
1062 3415 1110 3460 et
1140 3410 1242 3459 aliis
1275 3410 1416 3457 rebus
1442 3409 1724 3473 opportunis
1759 3409 1980 3457 ordinent
2007 3423 2093 3471 pro
