2262 3958
359 302 429 337 556
1099 294 1383 334 APPENDICE.

361 402 530 444 facilius
548 402 722 443 veniam
742 403 825 442 ate
848 410 1101 452 promerear
1129 411 1138 439 :
1162 409 1293 451 quam
1323 397 1360 438 si
1379 407 1469 438 non
1500 395 1686 447 dederiS‚
1717 407 1862 448 neque
1893 405 2126 437 censuram

363 473 452 510 tam
472 467 672 517 formido,
695 477 828 519 quam
847 476 948 506 amo
975 464 1287 505 amicissimam
1307 466 1348 503 et
1375 461 1693 514 aequissimam
1714 463 1849 502 tuam.
1868 461 1962 502 Meo
1978 463 2127 501 tamen

367 546 421 575 ex
437 534 585 574 animo
601 532 779 573 effluere
793 541 1021 583 nunquam
1036 541 1143 570 sane
1158 529 1312 581 potuit,
1332 539 1475 580 neque
1489 527 1578 568 ullo
1593 530 1790 579 tempore
1807 526 1966 578 poterit
1979 527 2127 566 sancta

369 601 411 640 et
431 597 695 638 suauissima
728 596 969 638 recordatio
1000 595 1078 646 tui,
1107 596 1188 636 etsi
1217 594 1486 647 pepercerim
1513 593 1678 634 calamo
1708 595 1800 633 tam
1831 592 1920 642 diu,
1941 591 2061 632 nulla
2080 601 2128 632 se

369 664 474 704 mihi
493 663 699 703 offerente
718 662 787 703 vel
807 662 1048 712 occasione,
1070 661 1140 703 vel
1161 671 1292 702 causa
1316 659 1547 701 scribendi.
1570 660 1730 699 Verum
1751 667 1822 698 me
1842 656 2128 698 dormientem

370 729 527 770 exciuit
547 740 618 770 res
638 729 784 779 modo,
817 738 949 780 quam
977 726 1040 780 (ut
1066 726 1188 779 puto)
1211 730 1260 767 tu
1279 726 1467 767 libenter
1486 723 1756 776 Archangele
1787 722 1847 762 sis
1867 721 2097 762 auditurus
2120 734 2130 762 z

369 796 443 847 qui
461 805 549 836 non
569 805 755 846 paruam
770 793 885 835 vitae
897 796 1067 844 partem
1084 793 1210 845 egisti
1227 791 1410 842 Faesuli‚
1432 794 1474 831 et
1488 791 1694 842 inclytam
1710 787 2000 829 Mediceorum
2010 785 2131 827 fami-

369 861 473 901 liam
488 860 729 907 excoluisti,
751 859 836 900 illis
851 869 986 911 prope
1008 858 1284 908 vernaculus,
1306 867 1566 908 semperque
1584 854 1883 895 charissimus.
1900 851 1990 893 Res
2003 851 2132 904 plane

369 927 476 967 haec
503 928 584 975 est,
614 928 665 966 ut
692 924 772 965 tibi
798 924 1023 976 aliquanto
1044 926 1287 971 notescant,
1316 933 1429 975 quae
1456 924 1558 962 sunt
1581 919 1701 972 apud
1725 930 1807 960 nos
1840 920 1935 959 acta
1954 929 2040 970 quo
2062 916 2132 958 die

372 994 557 1032 loannes
586 990 788 1040 Medices,
818 989 1038 1030 Laurentii
1064 989 1215 1041 magni
1237 987 1369 1037 filius,
1386 986 1701 1029 ‘cardinalatus
1727 984 1891 1036 accepit
1923 982 2130 1036 insignia,

371 1057 495 1098 cuius
517 1056 732 1107 ordinem,
755 1055 979 1108 mysteria,
999 1055 1199 1107 plausus,
1222 1054 1439 1105 publicam
1462 1052 1688 1101 laetitiam,
1713 1050 1941 1092 liberalem
1960 1049 2134 1101 impen-

370 1133 480 1171 sam,
495 1122 615 1162 lauta
637 1121 957 1173 ambitiosaque
977 1120 1179 1162 conuiuia
1198 1129 1470 1168 enumerare,
1492 1121 1625 1170 atque
1648 1116 1894 1158 describere
1911 1113 2132 1156 facundis-

371 1188 469 1229 simi
489 1187 698 1236 OratoriS,
714 1187 784 1228 vel
805 1185 1003 1226 Historici
1021 1197 1133 1237 opus
1153 1185 1304 1237 utique
1321 1185 1390 1235 sit,
1415 1184 1494 1225 sed
1506 1183 1793 1237 grandiloque
1813 1191 1957 1233 neque
1975 1181 2133 1221 Poetae

368 1264 439 1294 res
460 1255 583 1293 tanta
609 1251 875 1292 convenerit.
898 1252 988 1304 Ego
1009 1251 1201 1303 ingenue
1227 1250 1379 1300 fateor,
1402 1260 1472 1290 me
1492 1261 1517 1289 a
1543 1251 1665 1290 tanto
1693 1247 1884 1289 facinore
1911 1245 2039 1295 vinci,
2058 1245 2134 1297 qui

370 1319 500 1359 etiam
521 1317 558 1358 si
575 1317 720 1366 velim,
748 1327 893 1369 neque
918 1316 981 1357 rei
1003 1316 1290 1357 illustrandae
1316 1316 1420 1357 satis
1445 1326 1624 1367 possem
1641 1323 1816 1366 operae,
1834 1310 2133 1364 temporisque

368 1394 548 1432 nauare,
569 1382 703 1423 sacris
721 1381 1086 1434 quadragesimae
1100 1385 1275 1422 sanctae
1291 1380 1511 1434 mysteriis
1528 1381 1573 1420 in
1587 1379 1706 1421 aliud
1719 1389 1790 1419 me
1803 1375 2130 1419 reuocantibus.

369 1450 529 1489 Verum
559 1448 784 1497 enimuero
808 1448 853 1488 in
879 1447 1148 1488 breuiarium
1169 1446 1390 1499 quoddam
1411 1446 1581 1498 potiora
1607 1448 1801 1487 attamen
1822 1443 2053 1497 stringam,
2074 1452 2132 1484 ne

367 1514 563 1565 palatum
584 1514 806 1554 incassum
825 1513 905 1554 tibi
926 1513 1188 1554 exacuerim.
1213 1514 1320 1554 Cum
1339 1513 1486 1564 itaque
1504 1511 1691 1553 Ioannes
1707 1511 1776 1552 hic
1789 1510 1990 1560 Medices,
2009 1507 2132 1561 quin-

367 1579 680 1620 tumdecimum
698 1579 854 1620 aetatis
876 1590 1042 1619 annum
1055 1582 1227 1619 tantum
1248 1589 1401 1631 agens,
1419 1577 1659 1619 Cardinalis
1676 1577 1920 1618 declaratus
1935 1578 2018 1625 est,
2036 1577 2132 1616 tum

367 1644 564 1686 Pontifex
584 1647 626 1685 et
649 1645 759 1685 sacri
778 1646 927 1686 Patres
946 1645 1179 1685 voluerunt
1196 1643 1469 1696 impuberem
1482 1643 1604 1684 illum
1621 1642 1730 1684 tanti
1746 1643 1911 1684 ordinis
1925 1640 2131 1683 adminis-

368 1711 556 1751 tratione
594 1711 934 1763 insignibusque
967 1710 1021 1751 ad
1051 1701 1288 1751 triennium
1327 1720 1469 1761 usque
1508 1720 1655 1750 carere
1687 1721 1699 1749 ε
1728 1721 1816 1763 quo
1845 1712 2062 1764 tantisper
2089 1716 2133 1754 et

367 1777 564 1817 moribus
586 1779 628 1816 et
649 1776 855 1816 doctrinis
873 1776 1151 1826 coalesceret,
1178 1778 1314 1828 atque
1337 1774 1580 1827 proficeret,
1612 1778 1654 1816 et
1671 1774 1828 1816 virtute
1849 1783 1899 1814 ac
1919 1766 2132 1822 sapientia

367 1845 550 1892 mactus,
566 1844 687 1882 tanto
708 1841 883 1894 fastigio
910 1844 1219 1893 tantarumque
1247 1853 1396 1882 rerum
1420 1841 1697 1892 susceptione
1727 1840 1888 1892 dignus
1907 1836 2131 1879 euaderet.

367 1908 506 1955 Venit,
530 1909 620 1948 Deo
637 1907 760 1947 illum
778 1910 998 1956 seruante,
1014 1909 1189 1958 optatus
1204 1907 1272 1947 hic
1286 1907 1395 1956 dies,
1415 1906 1728 1958 plenitudoque
1745 1903 1936 1951 triennii.
1951 1903 2133 1954 Suscep-

367 1976 492 2013 turus
508 1973 656 2024 itaque
683 1972 790 2012 haec
816 1975 1089 2022 ornamenta,
1120 1984 1232 2024 quae
1265 1972 1469 2022 diximus,
1503 1966 1685 2013 Pallium
1717 1971 1891 2021 scilicet,
1922 1970 2129 2018 Biretum,

366 2038 592 2079 ardentem
611 2038 792 2087 Pileum,
815 2037 1170 2090 desponsationis
1196 2038 1422 2087 annulum,
1449 2038 1587 2089 pridie
1607 2048 1740 2089 quam
1759 2037 1920 2078 talibus
1939 2035 2131 2077 iniciare-

366 2107 451 2153 tu1·,
471 2103 528 2144 ad
548 2113 631 2143 nos
650 2106 752 2154 post
767 2103 995 2145 meridiem
1015 2104 1223 2144 Faesulas
1245 2103 1513 2153 conscendit,
1533 2114 1670 2155 paruo
1693 2113 1875 2143 suorum
1895 2100 2132 2143 admodum

367 2170 589 2219 comitatu,
612 2171 655 2209 et
673 2168 841 2217 humili,
863 2179 912 2209 ac
927 2169 1110 2220 simplici
1131 2169 1262 2209 cultu.
1286 2169 1495 2210 Postridie
1510 2167 1648 2209 adfuit
1663 2179 1791 2209 mane
1805 2168 1991 2209 Ioannes
2007 2167 2132 2207 Picus

367 2234 608 2275 Mirandula
626 2236 791 2283 noster,
828 2237 870 2275 et
901 2235 1082 2275 Iacobus
1117 2235 1351 2284 Saluiatus,
1387 2234 1628 2275 Cardinalis
1661 2233 1870 2283 sororius,
1889 2243 1939 2273 ac
1957 2232 2130 2272 Simeon

367 2301 490 2340 Staza
511 2300 706 2339 notarius
729 2312 738 2340 :
758 2311 857 2340 cum
878 2300 1039 2351 quibus
1063 2300 1168 2340 hora
1190 2300 1274 2340 diei
1293 2299 1460 2340 circiter
1487 2303 1608 2340 sexta
1636 2299 1689 2341 de
1708 2299 1906 2340 cubiculo
1925 2309 2132 2351 egressus

368 2376 490 2405 sacer
507 2364 762 2405 adolescens
782 2366 997 2416 templum
1016 2366 1209 2406 intrauit.
1235 2365 1316 2406 Ubi
1333 2366 1522 2417 primum
1539 2366 1586 2406 in
1605 2365 1797 2418 Virginis
1815 2364 1995 2405 laudem
2013 2363 2131 2416 (Sab-

367 2431 519 2471 batum
549 2430 665 2471 enim
698 2433 805 2480 erat,
840 2430 933 2471 dies
966 2431 1132 2482 Virgini
1163 2433 1309 2472 vetere
1335 2431 1547 2483 religione
1579 2429 1763 2482 dicatus)
1796 2431 1882 2470 ritu
1912 2432 2131 2482 cantuque

367 2495 552 2537 solemni
571 2496 644 2547 agi
664 2495 804 2546 coepit
825 2506 874 2535 ea
896 2506 965 2535 res
988 2506 1124 2543 sacra,
1145 2506 1277 2546 quam
1292 2496 1425 2548 vulgo
1441 2495 1622 2535 dicimus
1638 2496 1813 2537 Missam
1837 2509 1847 2536 ε
1865 2495 1910 2536 in
1927 2506 2013 2547 qua
2032 2507 2131 2536 cum

367 2561 487 2612 prius
507 2563 832 2600 sacrosanctum
853 2571 935 2612 ego
956 2560 1130 2600 Domini
1153 2571 1310 2611 corpus
1331 2561 1679 2613 sanguinemque
1698 2561 1924 2609 libassem,
1946 2564 2041 2601 tum
2061 2559 2133 2600 ille

366 2628 467 2665 ante
483 2626 615 2665 Aram
631 2624 676 2664 in
689 2635 832 2676 genus
845 2624 983 2664 flexus
997 2626 1418 2666 concommunicauit
1434 2626 1646 2678 singulari
1659 2626 1918 2678 humilitate,
1937 2629 1979 2667 et
1994 2637 2130 2678 quan-

366 2695 457 2731 tum
482 2691 661 2743 agnosci
686 2692 858 2741 poterat
887 2691 1045 2731 deuota
1074 2690 1253 2742 quidem
1281 2694 1443 2741 mente,
1470 2694 1512 2731 et
1539 2695 1681 2732 erecta
1709 2703 1883 2744 semper
1909 2692 1955 2733 in
1977 2694 2132 2733 Deum.

366 2757 538 2796 Peracta
563 2767 610 2795 re
639 2766 777 2805 sacra,
800 2756 1060 2797 vestimenta
1091 2768 1193 2798 mox
1218 2767 1243 2797 a
1269 2768 1340 2797 me
1370 2768 1546 2809 quoque
1568 2761 1671 2798 sunt
1698 2757 1927 2798 benedicta
1949 2770 1959 2798 :
1978 2760 2130 2809 postea

366 2832 484 2871 vero,
514 2821 688 2861 sublata
713 2832 863 2870 manu,
892 2822 1073 2872 bullam,
1100 2823 1322 2874 breueque
1350 2822 1569 2863 Pontificis
1602 2822 1774 2864 Maximi
1806 2826 1980 2872 tenens,
2012 2823 2135 2863 illum

366 2888 481 2927 hunc
512 2888 557 2927 in
579 2887 762 2928 modum
796 2888 952 2928 affatus
977 2888 1181 2939 equidem
1209 2900 1321 2928 sum.
1354 2911 1406 2916 ——
1431 2889 1556 2939 Quod
1578 2889 1671 2939 tibi,
1704 2887 1922 2929 Ecclesiae
1951 2889 2132 2929 Sanctae

367 2953 459 3002 Dei,
479 2953 664 3004 patriae,
687 2953 929 3005 Generique
952 2956 1027 2993 tuo
1048 2953 1179 2994 foelix
1205 2954 1482 3005 salutareque
1502 2954 1571 3003 sit,
1593 2954 1723 2995 hodie
1741 2955 1927 2995 Ioannes
1947 2953 2133 2994 Medices

367 3018 601 3058 decursum
629 3022 695 3059 est
731 3018 968 3059 triennium
1005 3018 1299 3059 Cardinalatui
1330 3023 1406 3059 tuo
1439 3031 1517 3071 per
1547 3020 1659 3059 hanc
1694 3019 1874 3068 bullam,
1910 3019 2134 3070 breueque

370 3082 626 3134 praefixum.
645 3085 812 3135 Legant
832 3083 907 3135 qui
924 3083 1087 3124 volunt.
1118 3085 1294 3125 Servata
1320 3088 1420 3125 sunt
1444 3083 1604 3135 omnia,
1630 3084 1683 3124 de
1709 3084 1871 3136 quibus
1891 3087 1940 3124 tu
1959 3084 2133 3125 Simeon

371 3148 590 3198 publicam
626 3148 834 3188 tabellam
866 3148 1256 3202 testimoniumque
1288 3149 1502 3191 conficito.
1533 3172 1584 3177 —
1614 3149 1822 3199 Subinde,
1846 3149 1978 3201 pallio
2007 3160 2032 3189 a
2062 3138 2136 3189 me

371 3213 554 3253 indutus
582 3216 649 3253 est
677 3213 721 3253 in
746 3213 915 3254 iusticia
937 3217 979 3254 et
998 3215 1226 3255 sanctitate
1242 3215 1455 3259 ,veritatis
1481 3215 1673 3255 Biretum
1690 3214 1893 3267 denique,
1913 3214 2131 3262 Galerum,

370 3279 680 3330 Annulumque
698 3280 874 3330 porrexi
901 3280 969 3320 his
992 3291 1170 3321 rursum
1193 3293 1292 3321 cum
1311 3281 1471 3322 verbis.
1499 3283 1607 3320 Haec
1626 3284 1727 3320 sum
1745 3281 1894 3320 decora
1914 3279 2133 3331 diqnicalis

371 3343 565 3384 sublimis
587 3351 683 3385 tuae
702 3356 729 3384 a
750 3343 856 3385 Sede
878 3347 1118 3396 Apostolica
1139 3347 1216 3386 tibi
1236 3345 1386 3386 tradita
1410 3349 1531 3399 atque
1550 3356 1752 3386 concessa
1773 3361 1785 3386 .·
1807 3348 1961 3397 quibus
1982 3359 2130 3398 quam-

367 3408 440 3447 diu
467 3410 638 3459 vixeris,
659 3410 713 3449 ad
746 3409 824 3450 Dei
848 3410 1027 3460 laudem,
1063 3411 1203 3460 tuique
1233 3410 1413 3451 salmem
1432 3410 1597 3458 {utinam
1622 3423 1781 3463 semper
1807 3403 1941 3453 utare.
1965 3412 2131 3463 Quibus
