2262 3958
157 312 420 356 [Fevrier1487]
592 309 761 346 RERUM
795 307 1099 345 URBANARUM
1132 305 1483 344 COMMENTAHH.
1866 304 1937 338 237

157 411 575 479 viceffincellarius
597 414 643 458 et
663 410 1022 474 Andegavensis
1045 408 1331 467 cardinales,
1353 407 1435 471 qui
1464 411 1642 466 tamen,
1671 405 1935 454 rationibus

157 483 278 546 meis
313 494 587 554 intellectis,
640 494 1002 557 acquieverunt.
1047 496 1160 541 Mox
1193 492 1350 540 sciens
1378 491 1612 555 quosdam
1657 490 1819 539 dicere
1858 505 1936 538 me

158 582 243 630 SS.
270 566 326 628 D.
352 580 410 627 N.
433 594 579 642 super
598 578 690 626 hoc
713 578 973 625 informare
993 576 1190 636 debere,
1221 574 1299 639 qni
1322 577 1450 623 esset
1474 589 1560 638 pro
1582 572 1777 632 comite,
1804 571 1899 620 dixi
1925 590 1933 618 :

158 686 180 709 «
204 661 253 710 Si
276 664 406 725 Papa
425 676 512 724 pro
534 660 728 719 comite,
753 660 859 724 quis
886 675 973 724 pro
995 660 1182 724 justitia
1211 659 1335 708 erit?
1366 679 1387 702 »
1429 658 1713 722 Equitaru-nt
1747 657 1941 706 interim

156 745 445 805 inordinate,
470 745 612 793 ambo
634 743 775 808 primi
790 743 1038 802 videlicet;
1065 759 1176 791 eum
1198 757 1364 790 comes
1395 741 1709 789 nihilominus
1728 740 1943 805 superio-

159 845 264 879 rem
304 829 467 878 locum
501 827 730 876 retineret
749 826 797 874 in
826 825 1033 874 ecclesia
1054 842 1092 872 S.
1130 825 1282 884 Pauli,
1309 826 1392 872 SS.
1416 826 1472 871 D.
1501 825 1573 882 N.,
1595 823 1842 872 intellecta
1866 840 1942 872 ra-

159 913 290 962 tione
308 928 435 971 mea,
447 910 664 960 mandari
674 909 815 975 jussit
838 909 1051 972 utrisque
1068 912 1118 956 ut
1140 913 1312 957 neuter
1327 907 1490 955 officio
1505 907 1780 966 interesset,
1799 914 1942 972 prout

118 1039 121 1041 ,
159 996 339 1046 factum
376 998 466 1043 est.
501 994 655 1062 Finita
690 993 861 1052 missa,
895 995 1047 1056 Papa,
1082 992 1281 1040 dimisso
1310 995 1421 1040 ante
1456 991 1606 1040 altare
1640 991 1855 1055 pluviali,
1896 991 1945 1038 in

160 1080 284 1130 stola
324 1078 515 1127 intravit
560 1077 926 1136 monasterium,
971 1076 1051 1125 ubi
1081 1076 1192 1125 fecit
1221 1075 1497 1140 prandium,
1534 1074 1734 1124 retentis
1774 1088 1940 1122 secum

158 1163 396 1227 aliquibus
418 1161 757 1210 cardinalibus.
785 1164 988 1209 Peracto
1007 1159 1209 1224 prandio
1230 1161 1314 1208 SS.
1341 1159 1548 1208 restituit
1562 1164 1720 1208 castra
1741 1175 1780 1206 s.
1808 1156 1942 1206 Pauli

159 1247 208 1299 in
223 1262 400 1311 guerra
420 1246 668 1310 superiore
697 1249 853 1309 capta,
890 1248 936 1293 et
966 1244 1125 1293 abbati
1154 1244 1402 1293 licentiam
1432 1243 1674 1293 concessit
1710 1243 1791 1291 illa
1822 1242 1946 1290 rein-

161 1330 336 1380 trandi.
362 1329 546 1379 Deinde
569 1329 698 1378 circa
724 1329 896 1377 horam
925 1345 1006 1376 xm
1034 1328 1083 1375 in
1111 1329 1284 1377 eodem
1311 1327 1478 1376 habitu
1506 1343 1561 1376 ac
1583 1327 1757 1376 eodem
1778 1326 1946 1374 ordine

160 1430 249 1479 per
269 1413 492 1462 eamdem
508 1413 634 1460 viam
655 1411 793 1460 rediit
809 1411 869 1460 ad
883 1411 1114 1476 palatium
1130 1411 1258 1476 apud
1276 1428 1315 1459 s.
1336 1413 1549 1469 Petrum,
1568 1409 1946 1474 precedentibus

163 1497 322 1561 ipsum
358 1512 503 1546 cruce
535 1500 582 1544 et
613 1495 935 1560 cardinalibus
970 1512 1025 1544 ac
1058 1495 1274 1559 principe
1319 1494 1730 1543 Salernitanense.
1773 1494 1947 1540 Comes

162 1596 276 1631 vero
305 1580 520 1630 Tendille
552 1595 649 1628 non
686 1580 896 1628 interfuit
929 1596 938 1628 :
977 1579 1096 1628 citra
1124 1584 1323 1644 pontem
1356 1595 1395 1628 s.
1429 1578 1620 1643 Augeli,
1655 1576 1942 1634 cardinales,

162 1665 393 1715 licentiati
414 1681 444 1713 a
464 1667 609 1728 Papa,
635 1664 806 1712 domos
828 1663 1090 1712 redierunt.

230 1748 458 1807 Sabbato,
481 1751 538 1795 27
557 1747 784 1811 januarii,
811 1747 858 1794 in
877 1747 1086 1796 ecclesia
1114 1763 1149 1796 s.
1170 1747 1428 1796 Salvatoris
1455 1747 1757 1806 Ursinorum,
1785 1745 1948 1794 habite

165 1837 276 1881 sunt
303 1831 504 1895 exequie
531 1832 658 1879 bone
685 1831 920 1879 memorie
953 1831 1164 1879 Silvestri
1188 1831 1401 1895 episcopi
1430 1830 1717 1895 Clugiensis.
1753 1829 1949 1877 Missam

165 1915 427 1966 celebravit
448 1918 504 1963 R.
531 1914 580 1962 in
607 1914 799 1963 Christo
828 1917 881 1963 P.
914 1918 971 1963 D.
1003 1915 1136 1963 Titus
1165 1915 1421 1979 episcopus
1450 1914 1719 1963 Castrensis
1740 1914 1788 1962 in
1809 1913 1954 1978 patri-

164 1999 346 2049 monio.
369 1998 566 2048 Funesti
588 1998 786 2047 fuerunt
807 2015 908 2060 sex,
939 1983 1179 2048 videlicet.
1207 2002 1265 2047 D.
1291 1999 1518 2060 Jacobus,
1546 1999 1694 2048 frater
1713 1997 1947 2057 defuncti,

164 2100 317 2152 nepos
354 2099 470 2132 suus
503 2087 552 2132 et
581 2087 789 2147 quatuor
815 2083 1075 2132 familiares
1106 2084 1243 2148 juxta
1276 2083 1567 2132 catalectum
1600 2083 1714 2130 hinc
1743 2086 1790 2130 et
1818 2081 1947 2129 inde.

163 2171 377 2217 Fuerunt
410 2167 652 2216 intorticia
694 2154 969 2227 duodecim,
1007 2168 1146 2231 juxta
1182 2167 1479 2231 sepulturam
1519 2167 1645 2227 duo;
1684 2165 1949 2215 celebranti

161 2251 327 2299 datum
349 2254 422 2298 est
443 2266 592 2299 unum
610 2255 658 2299 et
678 2267 763 2315 pro
786 2251 1051 2300 elevatione
1074 2252 1459 2300 sacramentisex
1473 2250 1945 2314 quatuorlibrarum.

161 2335 489 2384 Interfuerunt
509 2334 687 2384 familie
711 2338 1003 2384 RRmorum.
1030 2352 1068 2384 S.
1094 2336 1261 2396 Marci,
1288 2353 1327 2384 s.
1353 2335 1614 2384 Clementis
1638 2339 1749 2384 ets.
1776 2333 1949 2397 Angeli

161 2418 496 2479 cardinalium,
521 2419 734 2484 episcopi
758 2424 875 2480 tres,
900 2421 1041 2470 electi
1063 2421 1176 2481 duo,
1207 2437 1331 2469 unus
1360 2418 1718 2485 protonotarius
1743 2421 1790 2466 et
1811 2417 1951 2482 pauci

163 2503 241 2553 alii
277 2503 502 2552 curiales.
543 2504 714 2553 Habite
753 2509 863 2553 sunt
907 2505 1126 2566 candele,
1168 2509 1276 2554 octo
1309 2505 1541 2554 librarum
1585 2519 1715 2563 cere,
1754 2502 1946 2566 viginti;

163 2589 322 2638 medie
347 2589 488 2648 libre,
521 2587 744 2653 triginta3
777 2594 825 2637 et
851 2594 949 2638 tres
977 2575 1062 2638 seu
1094 2594 1298 2653 quatuor
1322 2589 1574 2639 unciarum
1598 2587 1947 2652 quinquaginta

163 2671 238 2721 vel
249 2673 525 2737 sexaginta.
548 2675 835 2722 Sermonem
856 2673 969 2723 fecit
986 2679 1094 2739 post
1116 2674 1314 2723 missam
1336 2674 1530 2738 quidam
1547 2673 1693 2721 frater
1704 2671 1948 2720 Mattheus

165 2755 347 2804 ordinis
366 2757 725 2820 predicatorum
751 2773 760 2805 :
787 2773 880 2821 quo
902 2757 1056 2818 finite,
1082 2759 1334 2807 celebrans
1361 2758 1473 2807 fecit
1500 2756 1875 2815 absolutionem,
1902 2758 1949 2804 et

166 2838 260 2888 alia
279 2854 414 2888 more
437 2839 579 2888 solito
603 2844 712 2888 sunt
735 2841 1004 2889 observata.

234 2923 372 2972 Feria
391 2923 574 2988 quinta,
605 2927 623 2970 1
650 2923 832 2972 mensis
854 2923 1100 2985 februarii,
1118 2942 1207 2990 per
1219 2926 1416 2988 Urbem,
1440 2926 1564 2976 tubis
1585 2925 1942 2985 resonantibus,

168 3007 460 3072 proclamata
477 3011 551 3056 est
577 3008 906 3058 confederatio
934 3010 1059 3059 inter
1082 3026 1326 3058 summum
1344 3011 1625 3075 pontificem
1646 2998 1701 3058 ⁸et
1728 3009 1951 3058 dominos

166 3091 480 3142 Venetiarum
503 3095 550 3141 et
583 3108 750 3141 eorum
771 3093 1079 3154 coherenteS,
1106 3094 1322 3143 subditos
1345 3099 1462 3156 etc.,
1489 3095 1550 3144 ad
1574 3111 1665 3143 xxv
1695 3110 1868 3152 annos,
1907 3097 1955 3142 et

167 3175 342 3224 deinde
361 3176 590 3239 quamdiu
611 3177 828 3242 partibus
851 3178 1081 3242 placebit.

235 3259 372 3307 Feri-a
394 3263 547 3318 sexta,
585 3263 611 3307 2
644 3260 891 3323 februarii,
925 3263 1102 3312 festum
1127 3262 1474 3327 purificationis
1503 3263 1642 3312 beate
1671 3262 1818 3311 Marie
1856 3261 1955 3310 vir-

172 3343 313 3408 ginis,
353 3346 437 3392 SS.
472 3345 528 3391 D.
560 3335 622 3393 N.
663 3362 774 3395 cum
812 3346 860 3395 in
895 3363 1091 3396 camera
1130 3346 1366 3411 papagalli
1406 3351 1689 3411 paramenta
1727 3351 1963 3396 consueta

168 3426 428 3491 acciperet,
454 3427 696 3478 mandavit
718 3430 835 3479 mihi
857 3431 988 3495 quod
1021 3431 1236 3481 dicerem
1254 3430 1664 3496 archiepiscopos.
1696 3430 1889 3480 Andree
1916 3434 1964 3480 et
