2262 3958
0 770 10 814 ἑ

934 298 1220 336 APPENDICE.
1898 301 1971 339 5¹9

1048 434 1104 479 28

233 571 473 621 Nouveaux
493 567 651 609 details
673 579 749 608 sur
763 566 978 608 l'election
994 566 1052 607 du
1067 568 1179 618 Pape
1196 569 1240 607 et
1257 578 1334 607 sur
1346 567 1386 608 13
1404 566 1623 609 caractere
1640 568 1694 609 de
1709 579 1758 609 ce
1775 568 1961 611 dernier.

239 697 259 720 «
277 681 504 734 Maqm’sleo
519 680 630 721 Dno.
648 692 739 721 mco
761 679 1138 719 observandissimo
1159 679 1391 720 Laurentio
1410 679 1458 719 de
1479 682 1669 722 Medicis.
1692 683 1919 724 Florente'e.

241 798 262 820 «
282 781 512 836 Magnifice
534 781 916 830 Lorenzo.Questa
935 783 1063 821 nocte
1086 783 1263 832 passata
1286 781 1372 821 alle
1393 782 1432 830 7,
1451 792 1476 821 0
1497 780 1521 822 8
1539 782 1660 832 hore,
1675 795 1774 824 meo
1791 784 1966 834 iudicio,

184 847 296 891 dove
316 848 503 890 arrivare
524 846 581 888 ad
603 847 650 886 V.
673 845 995 898 Magnificentia
1021 845 1062 885 13
1091 845 1312 886 creatione
1347 845 1420 886 del
1448 857 1595 888 nuovo
1630 848 1848 890 Pontefice
1874 850 1969 891 Car-

181 914 303 957 dinal
324 913 366 956 di
380 912 587 962 Malfetta,
610 913 853 960 Genovese‚
869 911 1086 951 chiamato
1107 910 1359 951 innocentio
1382 914 1550 952 octavo.
1571 913 1667 952 Non
1685 912 1727 953 vi
1748 912 1966 964 significai

180 981 306 1022 decta
336 978 557 1020 creatione
588 975 747 1029 perche
782 977 973 1018 Antonio
995 979 1038 1017 ct
1068 976 1108 1016 io
1144 987 1351 1018 eravamo
1370 976 1416 1016 in
1435 976 1613 1017 Palazzo
1641 987 1722 1017 con
1755 977 1796 1017 le
1816 977 1971 1018 lettere

179 1047 428 1099 preparate,
448 1046 492 1084 et
511 1043 697 1084 bastava
719 1041 797 1082 che
819 1041 880 1082 lui
901 1041 943 1082 lo
971 1040 1145 1082 facessi.
1168 1041 1221 1082 Al
1241 1041 1472 1083 Cardinale
1494 1041 1536 1082 di
1557 1043 1642 1082 San
1660 1042 1782 1082 Piero
1802 1042 1848 1082 in
1865 1043 1969 1083 Vin-

177 1111 275 1153 cula
291 1111 328 1151 si
347 1110 400 1152 da
422 1111 580 1162 questa
601 1107 836 1155 creatione,
860 1110 903 1148 et
922 1107 984 1147 lui
1011 1107 1071 1147 mi
1097 1118 1204 1159 pare
1225 1107 1304 1148 che
1326 1108 1368 1148 al
1388 1110 1596 1159 presente
1616 1107 1800 1160 governi
1815 1110 1859 1148 et
1878 1107 1969 1148 dis-

177 1186 326 1230 ponga
342 1173 478 1215 inolto
499 1186 509 1214 ε
532 1173 574 1215 31
589 1175 704 1225 Papa
727 1171 750 1213 e
772 1173 815 1214 di
834 1184 916 1214 sua
935 1176 1092 1214 natura
1108 1173 1239 1214 homo
1251 1173 1386 1223 mitis,
1403 1173 1540 1214 comis
1559 1177 1602 1214 ct
1622 1177 1901 1225 mansuetuS,
1926 1178 1970 1215 et

179 1239 421 1282 admodum
438 1239 681 1281 tractabilis
705 1252 715 1279 :
737 1240 829 1280 cosi
857 1250 933 1280 era
963 1238 1206 1289 cardinale,
1239 1241 1282 1280 et
1302 1238 1433 1280 credo
1461 1250 1510 1280 se
1536 1239 1581 1280 in
1610 1238 1903 1292 gubernando
1925 1242 1969 1280 et

177 1305 375 1359 regendo
395 1309 547 1347 utetur
566 1305 746 1358 ingenio
765 1316 847 1346 suo
872 1307 915 1346 et
934 1316 1024 1345 non
1044 1305 1205 1355 alieno,
1237 1303 1336 1346 sara
1358 1305 1474 1346 bono
1495 1304 1715 1346 Pontefice
1737 1307 1780 1345 et
1799 1305 1966 1357 quieto,

150 1374 222 1413 ·et
242 1371 394 1424 procul
424 1372 479 1412 ab
513 1371 635 1413 omni
665 1382 890 1412 armorum
917 1371 1128 1421 motione,
1155 1373 1197 1411 et
1226 1369 1318 1412 fara
1349 1371 1498 1412 huona
1525 1371 1565 1411 13
1598 1374 1716 1412 00113
1742 1369 1902 1423 perche
1931 1371 1969 1412 si

179 1435 309 1478 311133
330 1435 430 1478 sara
451 1437 666 1490 gratioso.
690 1438 749 1478 113
773 1436 959 1490 figliuoli
974 1441 1016 1478 et
1034 1436 1231 1490 figliuole
1247 1440 1290 1477 et
1307 1436 1447 1489 nipoti
1468 1440 1510 1478 et
1530 1437 1655 1478 molti
1674 1437 1863 1489 parenti,
1880 1439 1924 1477 31
1944 1435 1968 1477 e

179 1499 460 1544 Gentiluomo
482 1502 525 1543 di
546 1503 722 1544 Genova
747 1503 789 1543 di
810 1514 912 1544 casa
940 1503 1062 1543 Zibo.
1098 1504 1165 1552 Et,
1201 1502 1393 1543 secondo
1425 1502 1623 1551 intendo,
1652 1514 1731 1554 per
1750 1505 1923 1551 natura,
1945 1500 1968 1542 e

177 1566 342 1621 guelfo.
378 1567 519 1609 Dicesi
555 1568 688 1609 etiam
727 1579 874 1609 essere
907 1568 1083 1609 inimico
1116 1568 1229 1610 delle
1266 1569 1386 1609 Stato
1422 1568 1499 1609 che
1526 1579 1661 1621 regge
1694 1568 1735 1608 al
1764 1570 1969 1620 presente

180 1635 356 1676 Genova
383 1646 394 1675 :
419 1634 476 1674 ha
497 1632 607 1675 fatto
627 1634 904 1687 Depositario
933 1634 1148 1675 Generale
1170 1633 1335 1674 Giovan
1357 1635 1598 1674 Francesco
1620 1633 1857 1686 Frangiotti
1879 1633 1966 1673 luc-

179 1700 325 1751 chese‚
348 1700 390 1741 el
409 1700 540 1752 quale
559 1701 615 1742 ha
637 1712 718 1754 per
737 1700 901 1753 moglie
934 1699 974 1741 la
1005 1700 1165 1740 sorella
1189 1699 1229 1741 di
1253 1701 1294 1740 S.
1323 1700 1445 1741 Piero
1464 1700 1511 1740 in
1530 1699 1727 1739 Vincula.
1751 1698 1893 1740 Dicesi
1912 1699 1967 1738 ha

181 1765 285 1807 dato
312 1766 356 1806 13
383 1777 484 1807 0333
515 1777 596 1807 333
624 1762 666 1806 31
695 1765 925 1807 Cardinale
963 1765 1006 1806 di
1036 1767 1235 1818 Ragona,
1267 1767 1318 1806 et·
1338 1765 1380 1806 le
1411 1765 1658 1806 masseritie
1690 1775 1715 1805 a
1748 1764 1895 1816 quello
1926 1764 1971 1805 di

183 1831 394 1874 Colonna.
416 1832 469 1873 Al
488 1831 717 1874 Cardinale
740 1831 964 1872 Sforzesco
992 1831 1182 1872 Ascanio
1210 1831 1251 1871 13
1274 1831 1509 1884 1133311033
1529 1831 1600 1872 (131
1620 1829 1906 1878 Ρ3111130310;
1930 1829 1972 1869 31

184 1897 414 1940 Cardinale
431 1898 475 1939 di
494 1897 682 1939 Novaria
704 1896 973 1939 confermato
988 1897 1030 1938 13
1050 1897 1291 1949 1133311033
1304 1897 1347 1937 (11
1364 1896 1546 1949 Perugia
1566 1899 1609 1936 et
1623 1895 1838 1948 aggiunto
1853 1898 1970 1935 certe

186 1964 298 2006 Cina
313 1963 426 2005 oltre
446 1964 488 2004 al
518 1966 732 2005 consueto
758 1963 840 2004 :Al
870 1962 1100 2004 Cardinale
1128 1962 1285 2003 013130
1317 1962 1360 2003 13
1391 1962 1628 2015 Legatione
1655 1961 1767 2002 della
1797 1962 1968 2002 Marca:

181 2029 328 2082 quella
350 2028 394 2070 di
417 2029 614 2083 Bologna
640 2029 684 2069 31
713 2029 898 2070 Savello.
922 2029 975 2069 Al
1000 2027 1228 2069 Cardinale
1255 2027 1299 2068 di
1314 2028 1486 2077 Milano‚
1508 2039 1532 2068 0
1554 2028 1686 2078 forse,
1709 2026 1787 2068 che
1808 2026 1970 2079 meglio

181 2094 294 2143 diro,
315 2095 361 2136 al
381 2095 638 2145 Matiscone,
662 2095 810 2147 quella
826 2094 869 2135 di
888 2095 1088 2147 Vignone
1113 2107 1122 2134 :
1145 2096 1186 2134 et
1206 2093 1263 2134 ad
1283 2093 1533 2142 altri,Badie
1556 2097 1598 2133 et
1617 2091 1820 2133 benefizii
1835 2092 1969 2140 assai,

185 2161 228 2200 et
241 2158 365 2200 molti
385 2158 431 2200 di
447 2159 584 2211 quelli
602 2161 680 2201 che
694 2171 828 2201 erano
850 2160 893 2200 di
914 2161 954 2200 S.
983 2159 1104 2200 Piero
1135 2159 1180 2198 in
1198 2159 1393 2199 Vincula.
1414 2159 1467 2199 Al
1487 2158 1645 2210 Signor
1663 2157 1795 2198 Paulo
1815 2157 1971 2198 Orsino

181 2224 238 2265 ha
259 2223 362 2265 dato
390 2224 432 2265 13
459 2225 645 2278 guardia
668 2226 737 2267 del
764 2226 934 2266 Palazo.
967 2226 1130 2276 Queste
1165 2235 1266 2265 cose
1294 2224 1331 2264 si
1361 2235 1470 2264 sono
1493 2224 1617 2264 decte
1644 2226 1687 2264 et
1707 2223 1840 2263 etiam
1856 2221 1973 2263 affir-

181 2292 300 2331 mate
327 2303 338 2331 ε
359 2301 446 2332 303
467 2303 514 2332 30
531 2303 578 2333 33
599 2293 690 2333 0031
711 2291 994 2344 sequiranno.
1018 2290 1162 2331 Dicesi
1177 2300 1352 2339 encoro,
1368 2300 1441 2330 mo
1457 2291 1615 2341 questo
1630 2298 1719 2328 non
1739 2287 1796 2328 ho
1817 2290 1972 2339 potuto

126 2393 128 2395 ,
181 2355 412 2400 intendere
445 2360 602 2410 troppo
634 2358 748 2400 hene
781 2359 859 2399 che
875 2357 906 2398 il
925 2358 1083 2410 Signor
1106 2357 1320 2408 Prospero
1349 2355 1520 2396 fratello
1543 2354 1615 2395 del
1638 2353 1865 2395 Cardinale
1891 2354 1971 2395 Co-

182 2421 317 2463 lonna
334 2419 358 2462 e
375 2421 489 2464 facto
518 2422 725 2475 Prefecto,
746 2428 789 2466 et
809 2423 1072 2473 elPrefecto,
1095 2422 1267 2464 fratello
1289 2422 1334 2463 di
1359 2423 1400 2462 S.
1433 2422 1554 2462 Piero
1575 2422 1621 2462 in
1641 2420 1836 2470 Vincula,
1859 2419 1972 2460 facto

183 2487 394 2540 Capitano
415 2487 460 2529 di
479 2490 520 2530 S.
539 2490 708 2531 Chiesa.
729 2478 759 2531 E
781 2491 821 2531 la
844 2500 948 2531 0030
963 2499 1125 2530 330013
1140 2489 1176 2528 31
1195 2486 1350 2538 fresca,
1375 2487 1454 2528 che
1475 2497 1564 2527 non
1583 2486 1620 2526 si
1640 2487 1730 2538 330
1748 2483 1972 2526 affirmare

183 2553 272 2594 cusi
304 2553 362 2594 ad
383 2564 581 2608 unguem
603 2555 751 2608 quello
783 2556 820 2596 si
853 2555 1007 2596 scrive.
1047 2556 1110 2595 Fu
1136 2564 1286 2594 messa
1320 2563 1345 2593 a
1368 2552 1525 2595 saccho
1557 2562 1648 2592 una
1678 2562 1782 2592 cosa
1813 2550 1854 2591 d'
1883 2561 1973 2590 uno

183 2629 424 2672 genovose,
443 2632 610 2674 genero
628 2621 699 2662 del
717 2622 832 2673 Papa
850 2633 859 2661 :
874 2621 1017 2662 intesa
1034 2620 1076 2660 13
1100 2619 1289 2669 3ον3113,
1306 2629 1396 2659 303
1413 2617 1461 2658 fu
1478 2619 1600 2670 pero,
1622 2615 1792 2670 grande
1813 2615 1946 2668 preda
1962 2626 1972 2663 ;

186 2696 296 2737 pure
315 2685 471 2727 dicono
492 2698 640 2728 essere
663 2686 765 2728 stati
798 2686 958 2727 trovati
990 2686 1102 2726 circa
1123 2685 1202 2726 400
1219 2684 1364 2725 ducati
1400 2684 1441 2725 di
1477 2683 1645 2724 denari.
1684 2684 1739 2722 Le
1771 2693 1873 2722 cose
1899 2681 1973 2733 qui

187 2753 256 2792 tra
270 2750 504 2793 Colonnesi
525 2755 567 2794 et
585 2752 730 2793 Orsini
751 2763 860 2793 sono
876 2751 1101 2804 pacifiche,
1122 2754 1165 2792 et
1185 2751 1277 2791 cosi
1295 2749 1427 2791 credo
1443 2750 1484 2790 13
1501 2746 1722 2789 manterra
1730 2777 1812 2788 .....

247 2830 268 2853 «
297 2817 498 2858 Secundo
538 2818 575 2858 si
612 2818 749 2870 parla,
787 2817 914 2869 pochi
950 2817 1169 2859 Cardinali
1197 2817 1346 2857 hanno
1398 2815 1563 2856 havuto
1610 2813 1730 2854 assai
1764 2823 1884 2853 voce.
1930 2813 1973 2852 S.

191 2883 349 2931 MarcO‚
379 2882 550 2933 diconO,
580 2886 761 2935 excepto
789 2886 832 2923 et
863 2881 1095 2932 Pontefice,
1124 2882 1285 2923 havere
1312 2881 1473 2922 havato
1499 2878 1575 2932 piu
1599 2889 1705 2920 voce
1731 2878 1809 2918 che
1830 2877 1975 2918 alcum

192 2947 318 2988 altro.
339 2947 387 2987 El
405 2948 763 2989 Vicecancelliere
783 2958 872 2988 non
894 2947 932 2987 si
951 2947 992 2988 fa
1026 2947 1250 2988 mentione
1270 2957 1326 2987 ne
1349 2945 1526 2987 havessi
1547 2958 1556 2985 :
1580 2947 1622 2984 et
1645 2954 1768 2995 pure,
1791 2942 1974 2983 creden-

194 3012 291 3054 dosi
311 3024 460 3055 essere
478 3015 609 3066 Papa,
628 3014 796 3055 haveva
828 3012 939 3054 facto
965 3011 1055 3054 fare
1087 3012 1174 3053 due
1200 3012 1346 3053 Bastie
1372 3011 1457 3052 alle
1485 3013 1611 3062 porte
1627 3009 1740 3050 della
1765 3009 1870 3049 Casa
1894 3018 1975 3048 sua

193 3089 274 3131 per
292 3078 535 3120 difenderla
568 3078 640 3119 dal
665 3089 789 3119 sacco
821 3089 869 3118 se
901 3077 1014 3118 fussi
1042 3080 1155 3118 stato
1182 3078 1296 3128 Papa
1321 3089 1330 3117 :
1353 3087 1440 3117 non
1458 3076 1667 3127 bisogno.
1698 3074 1856 3115 Milano
1887 3084 1976 3114 non

194 3145 251 3186 ha
270 3144 434 3187 havuto
453 3156 559 3186 voce
581 3157 592 3185 ε
615 3145 706 3186 0031
737 3143 963 3185 affirmano
983 3155 1006 3183 e
1025 3141 1102 3195 piu
1122 3145 1165 3183 et
1194 3142 1224 3182 li
1255 3153 1353 3182 sua.
1382 3143 1554 3183 Novara
1582 3144 1624 3182 et
1650 3139 1805 3191 Napoli
1828 3139 1865 3180 si
1884 3139 1977 3180 dice

193 3209 388 3253 haverne
401 3211 564 3252 havuta
581 3211 815 3263 qualcuna.
840 3211 895 3250 La
911 3209 1207 3258 coronatione,
1231 3207 1378 3257 credO,
1396 3208 1434 3248 si
1454 3205 1547 3248 fara
1576 3206 1814 3247 Domenica
1835 3217 1859 3245 3
1880 3207 1977 3246 0010

255 3359 275 3382 «
293 3346 444 3393 Rome,
469 3342 538 3383 die
559 3355 640 3382 xxx
658 3342 847 3395 Augusti
876 3340 996 3382 1484.

869 3434 889 3455 «
911 3420 958 3459 V.
978 3418 1032 3465 M.
1057 3415 1262 3466 Servitor,
1287 3417 1448 3456 Lotsius
1469 3416 1634 3461 Annum:
1653 3413 1787 3454 Loeti.
1803 3429 1822 3450 »
