2262 3958
303 331 370 366 406
910 306 1143 362 JOH‘ANNIS
1176 324 1472 371 BURCHARm,
1850 326 1957 369 [Avrn
1980 325 2071 370 1490]

371 431 550 480 Eadem
573 431 666 487 die,
691 430 812 476 hora
840 431 1087 485 consueta,
1121 427 1169 474 in
1194 427 1321 475 dicta
1342 427 1542 491 capella,
1567 427 1691 477 dicte
1708 432 1816 476 sunt
1832 429 2064 477 matutine

305 515 611 563 tenebrarum
634 512 804 575 quibus
822 513 905 559 SS.
927 514 984 558 D.
1009 515 1175 558 noster
1205 526 1316 558 cum
1335 511 1487 581 tribus
1514 511 1826 575 presbyteriis
1850 512 2073 575 palatinis

304 601 350 646 et
371 612 454 645 sex
487 596 701 643 diaconis
738 593 1061 642 cardinalibus
1094 593 1325 651 interfuit,
1361 609 1512 657 cappa
1550 592 1762 651 indutus,
1794 594 1929 657 cujus
1962 594 2073 641 fim—

303 681 429 728 brias
452 678 655 742 portavit
677 677 1070 741 archiepiscopus
1087 677 1380 725 Arelatensis
1401 677 1582 740 primus
1605 677 1854 725 assistens.

374 762 580 811 Sabbato
600 765 783 819 sancto,
814 764 870 808 10
889 760 1069 823 aprilis,
1095 763 1260 808 Rmus.
1283 763 1339 808 D.
1363 760 1634 808 Parmensis
1656 760 1909 824 presbyter
1925 761 2076 808 cardi—

306 846 427 893 nalis
448 845 496 892 in
527 843 711 907 capella
730 842 962 906 predicta,
989 844 1117 905 Papa
1135 846 1378 905 presente,
1406 842 1663 890 celebravit
1689 841 1902 889 officium
1924 857 1933 900 ;
1959 857 2076 889 can-

308 933 435 976 tores
457 926 678 975 dixerunt
699 924 995 988 prophetias.
1019 926 1075 971 D.
1102 924 1422 988 Hieronymus
1440 925 1729 987 Calagranus
1752 924 2074 973 subdiaconus

284 1072 287 1077 .
309 1010 599 1074 apostolicus
623 1013 813 1072 paratus
844 1022 978 1054 more
1010 1007 1168 1066 solito,
1193 1007 1309 1056 dixit
1332 1010 1458 1071 Pape
1485 1025 1494 1056 :
1518 1008 1795 1068 Amzzcneio,
1819 1017 1930 1067 etc.,·
1947 1008 2076 1057 cele-
2132 1048 2135 1051 ,

309 1095 453 1142 brans
475 1093 593 1156 dixit
628 1091 791 1139 omnia
823 1090 912 1138 tria
943 1090 1133 1138 alleluia
1165 1094 1212 1138 et
1247 1090 1307 1137 ad
1332 1090 1622 1156 Magnificat
1654 1093 1781 1140 idem
1822 1092 2073 1141 celebrans

309 1175 572 1224 incensavit
594 1175 759 1233 altare,
786 1174 871 1222 fuit
892 1174 1166 1222 incensatus
1190 1174 1290 1237 ipse
1323 1189 1432 1221 cum
1460 1176 1618 1233 mitra,
1651 1178 1778 1239 Papa
1803 1175 1904 1224 sine
1934 1175 2077 1223 mitra

311 1264 357 1307 et
379 1259 455 1306 alii
482 1273 650 1306 omnes
674 1272 806 1304 more
830 1262 1079 1304 consueto.

376 1344 517 1389 Festo
529 1340 711 1389 Pasche
731 1340 1096 1388 resurrectionis
1111 1342 1166 1387 D.
1189 1341 1244 1387 N.
1263 1343 1304 1387 J.
1319 1340 1510 1399 Christi,
1525 1342 1608 1388 SS.
1628 1343 1684 1388 D.
1700 1345 1867 1389 noster
1883 1341 1930 1388 in
1950 1340 2080 1389 basi-

310 1426 403 1473 lica
416 1424 645 1488 principis
668 1423 995 1487 apostolorum
1018 1423 1077 1471 de
1097 1424 1224 1472 Urbe
1246 1423 1306 1471 ad
1331 1439 1475 1486 quam
1490 1423 1914 1487 processionaliter
1929 1423 2076 1483 venit,

313 1507 570 1557 celebravit
591 1506 803 1554 officium
819 1507 1035 1555 solemne
1062 1523 1072 1554 :
1098 1507 1350 1569 epistolam
1369 1510 1425 1554 D.
1449 1507 1770 1571 Hieronymus
1789 1507 2078 1570 Calagranus

314 1591 431 1639 dixit
465 1594 513 1639 et
552 1589 851 1652 evangelium
888 1592 1051 1636 Rmus.
1078 1591 1133 1637 D.
1160 1590 1415 1638 cardinalis
1445 1591 1503 1639 de
1543 1593 1692 1638 Fuxo.
1731 1592 1854 1638 Dum
1877 1589 2078 1654 epistola

315 1676 605 1732 cantaretur,
619 1672 676 1720 de
696 1671 922 1719 mandato
946 1673 1030 1720 SS.
1056 1674 1112 1719 D.
1138 1675 1193 1721 N.
1215 1688 1356 1736 pape,
1378 1673 1487 1721 dedi
1505 1673 1665 1721 locum
1687 1674 1813 1722 inter
1827 1673 2080 1737 episcopos

316 1757 595 1804 assistentes
619 1758 674 1802 D.
700 1755 905 1802 Johanni
935 1755 1144 1803 Antonio
1177 1756 1404 1820 episcopo
1425 1757 1748 1804 Alexandrino
1782 1757 1863 1819 qui
1885 1772 1943 1805 ex
1969 1761 2082 1805 tunc

316 1842 375 1888 ab
395 1839 578 1889 eisdem
602 1840 649 1886 in
672 1840 976 1887 assistentem
1002 1843 1074 1886 est
1095 1843 1333 1902 receptus.
1356 1839 1619 1902 Epistolam
1641 1855 1834 1903 grecam
1855 1840 1972 1888 dixit
1993 1842 2085 1887 De-

317 1922 518 1971 metrius
538 1925 582 1969 et
596 1920 896 1984 evangelium
915 1935 1109 1983 grecum
1133 1920 1384 1984 episcopus
1402 1921 1676 1984 Suanensis.
1691 1924 1747 1969 D.
1762 1922 2082 1985 Hieronymus

322 2008 510 2054 Scottus
533 2004 760 2053 Senensis
783 2003 842 2051 ad
873 2003 1194 2067 prefationem
1218 2004 1340 2051 Rmi.
1367 2007 1423 2052 D.
1449 2004 1507 2052 de
1530 2004 1712 2052 Ursinis
1733 2009 1779 2052 et
1801 2003 2003 2067 epistole
2032 2007 2080 2052 et

317 2088 550 2136 Ascanius
588 2087 775 2134 diaconi
818 2086 1103 2147 cardinales,
1135 2087 1183 2134 in
1223 2087 1457 2151 evangelii
1499 2102 1649 2136 cornu
1694 2090 2086 2150 representantesv

319 2171 515 2235 angelos
538 2170 796 2234 sepulchri,
823 2172 1076 2219 astiterunt
1097 2169 1144 2216 in
1173 2170 1326 2217 altari.
1349 2172 1493 2217 Facta
1511 2170 1776 2218 elevatione
1796 2169 2085 2218 sacramenti

320 2270 407 2318 per
426 2253 725 2317 pontificem,
751 2253 810 2301 de
846 2254 1072 2301 mandato
1102 2253 1373 2301 Sanctitatis
1404 2268 1504 2312 sue,
1530 2259 1725 2302 ostensa
1745 2256 1816 2301 est
1845 2243 2089 2302 Veronica
2115 2309 2117 2311 ¹

319 2337 513 2400 populo.
552 2337 790 2384 Sanctitas
831 2353 916 2384 sua
948 2338 1319 2386 communicavit
1349 2351 1518 2384 omnes
1555 2337 1782 2384 diaconos
1822 2335 2088 2383 cardinales

322 2433 524 2481 quorum
546 2432 748 2465 numero
771 2423 957 2481 septem
978 2418 1185 2477 fuerunt,
1206 2424 1313 2482 post
1335 2435 1417 2468 eos
1442 2420 1614 2468 ducem
1638 2419 1803 2467 Urbini
1826 2423 1872 2466 et
1891 2419 2088 2466 fratrem

324 2503 450 2563 Pape
487 2502 543 2546 D.
586 2499 878 2558 Mauritium,
916 2499 1089 2548 deinde
1119 2502 1474 2563 protonotarios
1511 2502 1807 2560 assistenteS,
1842 2505 1942 2548 tum
1969 2499 2088 2548 alios

325 2596 492 2629 omnes
526 2585 757 2643 quotquot
787 2585 1035 2640 venerunt,
1077 2582 1243 2631 ordine
1277 2588 1525 2632 consueto.
1566 2584 1722 2631 Finita
1759 2583 1923 2642 missa,
1963 2585 2090 2646 Papa

323 2667 512 2712 retento
538 2663 701 2726 pallio,
738 2664 839 2711 visa
872 2665 1127 2724 Veronica,
1160 2667 1580 2729 processionaliter
1616 2665 1831 2713 ascendit
1853 2665 1913 2713 ad
1928 2666 2087 2713 locum

325 2747 514 2811 publice
541 2746 891 2794 benedictionis
926 2747 1236 2811 et.plena1'·ias
1270 2750 1591 2813 indulgentias
1619 2749 1749 2798 dedit
1778 2765 1895 2812 quas
1917 2749 2083 2796 RRmi.

327 2833 427 2878 DD.
442 2846 479 2877 S.
499 2830 693 2893 Georgii
715 2830 762 2877 in
783 2831 931 2879 latino
948 2831 1066 2880 etde
1089 2833 1322 2881 Columna
1343 2833 1529 2882 diaconi
1552 2834 1819 2881 cardinales
1843 2833 1892 2879 in
1909 2831 2089 2895 vulgari

326 2913 720 2977 pronunciarunt.
745 2915 931 2976 Aquam
954 2930 1040 2978 pro
1059 2917 1278 2978 manibus
1315 2920 1441 2981 Pape
1472 2919 1520 2965 in
1547 2919 1694 2966 missa
1723 2917 2053 2965 ministrarunt
2078 2933 2088 2965 :

328 2998 502 3061 primo,
526 3000 583 3045 D.
610 2997 883 3060 Alphonsus
907 3004 1069 3047 orator
1089 3000 1214 3063 regis
1241 3001 1493 3064 Hispanie3
1521 3001 1750 3060 secundo,
1776 3003 1833 3048 D.
1854 2998 2091 3047 Robertus

329 3086 489 3130 orator
518 3081 807 3144 imperialis3
840 3083 1000 3141 tertiO,
1038 3084 1132 3132 dux
1160 3086 1276 3132 Sore
1308 3089 1354 3133 et
1383 3088 1567 3147 quarto,
1602 3083 1697 3131 dux
1724 3083 1915 3142 Urbini;
1946 3085 2084 3129 Rmo.

329 3168 385 3213 D.
411 3166 638 3229 episcopo
681 3166 931 3214 Portuensi
971 3166 1212 3214 cardinale
1242 3165 1634 3214 vicecancellario
1675 3165 1947 3213 assistente.
1989 3163 2095 3210 Alia

330 3248 492 3295 omnia
511 3263 646 3296 more
667 3253 900 3297 consueto
923 3254 1033 3297 sunt
1055 3250 1320 3298 observata.

385 3331 522 3378 Feria
543 3331 754 3379 secunda
776 3333 975 3390 Pasche,
1005 3336 1060 3380 12
1090 3332 1271 3395 aprilis,
1312 3333 1476 3377 Rmus.
1512 3332 1568 3376 D.
1605 3328 1858 3378 cardinalis
1881 3344 1916 3375 s.
1939 3328 2092 3374 Anas-

326 3411 442 3459 tasie
465 3413 722 3462 celebravit
743 3415 940 3464 missam
962 3415 1229 3463 solemnem
1250 3413 1299 3461 in
1320 3412 1503 3477 capella
1533 3413 1717 3477 majore
1747 3410 1911 3476 palatii
1942 3422 2084 3474 apos-
