2262 3958
297 334 320 368 8
907 315 1139 355 JOHANNIS
1173 312 1466 359 BURCHARDI,
1850 318 1942 360 [Juin
1965 322 2057 365 1434]

301 429 566 480 cardinales
596 430 642 474 et
669 421 835 488 prelati
864 420 1048 467 iverunt
1075 415 1225 479 parati
1253 415 1312 462 ad
1339 429 1579 462 cameram
1606 417 1838 482 papagalli
1860 419 1919 466 ad
1941 435 2073 468 asso-

303 513 526 563 ciandum
558 507 838 573 pontificem
866 502 943 566 qui
972 497 1394 565 processionaliter
1421 498 1507 544 sub
1539 498 1824 548 baldachino
1854 502 1982 551 venit
2014 504 2074 552 ad

303 598 465 645 locum
485 592 673 658 publice
694 584 1061 641 benedictionis,
1080 581 1159 629 ubi
1175 581 1301 629 facta
1319 580 1406 627 sibi
1426 596 1453 627 a
1471 581 1788 630 cardinalibus
1809 586 2075 634 reverentia

307 680 553 733 consueta,
593 672 705 721 lecti
745 670 936 717 fuerunt
974 681 1246 731 processus.
1289 663 1470 711 Deinde
1513 668 1639 727 Papa
1680 665 1809 714 dedit
1846 667 2075 717 benedic-

308 764 489 810 tionem
520 763 566 807 et
594 754 832 820 plenarias
861 749 1179 813 indulgentias
1213 763 1346 795 more
1384 748 1542 807 solito,
1582 753 1628 796 et
1664 766 1880 799 reversus
1913 757 1986 803 est
2014 752 2074 800 ad

302 858 543 893 cameram
572 854 722 887 suam.
755 839 928 884 Postea
955 837 1117 881 Rmus.
1150 834 1206 879 D.
1241 831 1493 878 cardinalis
1520 831 1940 896 vicecancellarius
1966 851 2073 901 pre-

302 928 455 975 dictus
475 924 584 972 lavit
605 922 753 986 pedes
775 917 1007 967 tredecim
1028 914 1316 979 pauperibus
1339 914 1504 962 ordine
1528 921 1776 966 consuetO.

365 1009 542 1056 Eadem
560 1006 655 1063 die,
676 1004 724 1051 in
747 1018 873 1060 sero,
892 1001 1083 1048 fuerunt
1107 997 1336 1045 matutine
1358 998 1682 1058 tenebrarum,
1702 1002 1830 1064 Papa
1849 1001 2067 1062 absente,

300 1094 441 1157 prout
460 1090 565 1138 heri
588 1103 714 1136 sero.

364 1174 504 1222 Feria
537 1175 669 1219 sexta
700 1167 904 1219 Veneris
946 1169 1126 1223 sancte,
1159 1164 1337 1212 factum
1365 1168 1437 1212 est
1470 1164 1517 1211 in
1546 1166 1729 1229 capella
1764 1168 1949 1231 majore
1986 1183 2072 1231 pa-

297 1258 396 1305 latii
430 1256 642 1304 officium
677 1252 843 1301 ordine
872 1251 1122 1306 consueto,
1148 1250 1276 1311 Papa
1302 1247 1519 1295 absente.
1552 1249 1729 1296 Obtulit
1756 1253 1917 1297 tamen
1950 1249 2076 1298 cele-

297 1341 441 1388 brans
470 1337 713 1402 pontificis
741 1334 935 1382 nomine
958 1333 1155 1379 ducatos
1184 1331 1350 1393 viginti
1373 1331 1491 1378 duos
1512 1331 1559 1378 in
1588 1333 1743 1380 crucis
1771 1333 2067 1382 adoratione.

362 1424 539 1471 Eadem
567 1421 662 1478 die,
693 1420 741 1466 in
773 1433 900 1475 sero,
932 1415 1092 1463 habite
1122 1418 1230 1462 sunt
1256 1414 1485 1463 matutine
1515 1416 1819 1464 tenebrarum
1846 1420 1987 1480 prout
2020 1417 2070 1465 in

300 1508 484 1556 duobus
506 1501 874 1568 precedentibus
905 1499 1089 1546 diebus.

364 1590 570 1638 Sabbato
601 1588 785 1642 sancto,
814 1581 972 1645 vigilia
999 1581 1199 1638 Pasche,
1228 1583 1392 1627 Rmus.
1426 1584 1480 1628 D.
1514 1582 1766 1630 cardinalis
1797 1585 2069 1634 Parmensis

298 1673 413 1722 fecit
443 1669 655 1719 officium
683 1668 729 1714 in
759 1665 941 1729 capella
967 1663 1151 1726 majore
1178 1663 1416 1726 predicta,
1448 1664 1619 1722 vordine
1655 1669 1909 1726 consueto,
1945 1669 2072 1734 Papa

299 1756 513 1803 absente.

363 1840 415 1885 In
446 1837 521 1884 die
560 1834 741 1883 Pasche
772 1829 1136 1879 resurrectionis
1171 1829 1414 1877 salvatoris
1444 1829 1614 1890 nostri,
1639 1831 1678 1878 si
1705 1832 1828 1881 b‘ene
1850 1833 2071 1894 memini,

300 1923 383 1969 SS.
428 1923 484 1967 D.
529 1922 694 1965 noster
739 1915 863 1963 venit
901 1913 1324 1977 processionaliter
1360 1913 1420 1960 ad
1465 1913 1711 1963 basilicam
1752 1932 1792 1964 s.
1835 1915 1980 1975 Petri,
2025 1920 2072 1965 et

299 2003 488 2061 sedens,
521 1999 777 2049 celebravit
806 1998 1002 2045 missam
1029 2012 1163 2045 more
1192 2001 1421 2051 consueto
1450 2002 1496 2046 et
1524 1998 1891 2049 communicavit
1917 2015 2071 2064 popu-

296 2087 412 2133 lum.
445 2088 559 2133 Post
585 2083 800 2141 missam,
826 2080 949 2129 venit
976 2079 1398 2143 processionaliter
1430 2081 1489 2128 ad
1518 2081 1679 2129 locum
1705 2081 1893 2146 publice
1920 2082 2070 2130 bene·-

299 2168 539 2226 dictionis,
563 2166 641 2214 ubi
663 2166 711 2212 in
733 2165 852 2212 tiara
872 2164 967 2211 sive
990 2180 1158 2227 regno,
1181 2163 1356 2226 populo
1380 2163 1658 2212 solemniter
1676 2164 1954 2220 benedixit.¹

364 2251 500 2298 Feria
522 2250 880 2312 secunda,post
908 2247 1110 2305 Pascha,
1134 2246 1219 2294 suit
1246 2246 1393 2295 missa
1414 2246 1640 2296 solemnis
1666 2248 1715 2296 in
1744 2248 1941 2297 basilica
1959 2264 2070 2313 pre-

297 2334 441 2392 dicta,
467 2338 514 2380 et
534 2349 630 2379 non
653 2347 830 2388 sermo,
855 2333 981 2392 Papa
1002 2330 1216 2376 absente.

365 2415 597 2472 Sabbato,
632 2413 681 2460 in
713 2413 831 2459 albis
859 2411 944 2458 suit
970 2410 1116 2458 missa
1148 2411 1375 2457 solemnis
1406 2411 1454 2457 in
1485 2411 1667 2474 capella
1699 2411 1880 2475 majore
1908 2410 2069 2475 palatii

299 2514 440 2563 quam
463 2496 717 2545 celebravit
738 2495 930 2558 quidam
952 2493 1222 2557 episcopUS,
1248 2496 1375 2556 Papa
1395 2494 1610 2541 absente.

363 2584 415 2628 In
435 2580 591 2643 vigilia
613 2577 908 2626 ascensionis
938 2575 1145 2635 Domini,
1171 2576 1359 2624 suerunt
1387 2592 1583 2639 vespere
1608 2576 1801 2640 papales
1819 2577 1868 2625 in
1889 2578 2072 2642 capella

299 2665 482 2728 majore
516 2662 695 2726 palatii,
736 2665 800 2719 et,
837 2660 884 2707 in
915 2660 1015 2718 die,
1049 2659 1194 2706 missa
1227 2659 1275 2706 in
1307 2659 1503 2706 basilica
1536 2675 1573 2705 S.
1613 2659 1757 2707 Petri.
1790 2662 1890 2717 Qua
1917 2660 2068 2720 finita,

299 2751 426 2810 Papa
455 2746 582 2793 venit
615 2746 674 2792 ad
701 2745 862 2792 locum
902 2743 1090 2807 publice
1129 2742 1494 2801 benedictionis,
1535 2746 1581 2791 et
1613 2743 1856 2791 benedixit
1893 2743 2068 2807 populo

297 2846 432 2877 more
456 2832 704 2876 consueto.

366 2915 417 2960 In
437 2911 595 2975 vigilia
616 2913 945 2967 PentecosteS,
966 2908 1156 2956 fuerunt
1172 2924 1371 2972 vespere
1392 2908 1585 2972 papales
1606 2908 1654 2956 in
1679 2909 1861 2973 capella
1886 2908 2067 2972 majore

296 2995 476 3059 palatii,
501 2997 628 3056 Papa
647 2996 889 3056 presente,
914 2991 992 3053 qui
1014 2991 1192 3055 incepit
1211 2992 1443 3056 hymnum
1466 2995 1594 3040 stans
1616 2992 1664 3039 in
1686 2992 1799 3039 sede
1823 2991 1945 3039 solii.
1971 2976 1984 2989 ⁶

362 3080 414 3125 In
445 3076 599 3140 vigilia
636 3091 673 3122 s.
699 3073 946 3131 trinitatis,
979 3073 1169 3121 fuerunt
1200 3090 1397 3137 vespere
1427 3076 1645 3138 papaleS,
1672 3075 1720 3122 in
1753 3075 1934 3138 capella
1963 3091 2061 3123 ma-

294 3160 400 3222 jore
423 3164 469 3207 et
490 3159 668 3206 ibidem
685 3157 734 3204 in
761 3157 835 3204 die
857 3157 1019 3216 missa,
1045 3160 1171 3221 Papa
1188 3158 1403 3215 absente,
1425 3161 1471 3204 et
1493 3173 1668 3205 sermo.

364 3244 416 3287 In
450 3242 606 3303 vigilia
638 3240 853 3304 corporis
888 3239 1084 3298 Christi,
1122 3240 1310 3288 fuerunt
1344 3256 1540 3303 vespere
1572 3240 1764 3303 papales
1796 3240 1845 3287 in
1878 3241 2060 3305 capella

298 3324 481 3387 majore
509 3323 667 3385 palatii
702 3327 773 3381 et,
809 3313 857 3369 in
884 3322 977 3380 die,
1007 3322 1153 3370 missa
1184 3323 1233 3370 in
1261 3322 1456 3370 basilica
1484 3339 1521 3369 S.
1559 3323 1708 3381 Petri,
1744 3323 1873 3386 prius
1903 3328 2060 3371 tamen

296 3405 457 3452 habita
479 3407 551 3451 est
571 3404 816 3466 processio
837 3419 971 3469 more
995 3403 1150 3451 solito.
