<?xml version="1.0" encoding="UTF-8"?>
<!DOCTYPE html PUBLIC "-//W3C//DTD XHTML 1.0 Transitional//EN"
    "http://www.w3.org/TR/xhtml1/DTD/xhtml1-transitional.dtd">
<html xmlns="http://www.w3.org/1999/xhtml" xml:lang="en" lang="en">
 <head>
  <title>
</title>
<meta http-equiv="Content-Type" content="text/html;charset=utf-8" />
  <meta name='ocr-system' content='tesseract 3.04.00' />
  <meta name='ocr-capabilities' content='ocr_page ocr_carea ocr_par ocr_line ocrx_word'/>
</head>
<body>
  <div class='ocr_page' id='page_1' title='image "./diariumsivererum01burcuoft_0505.png"; bbox 0 0 2262 3958; ppageno 0'>
   <div class='ocr_carea' id='block_1_1' title="bbox 692 683 1333 814">
    <p class='ocr_par' dir='ltr' id='par_1_1' title="bbox 692 683 1333 814">
     <span class='ocr_line' id='line_1_1' title="bbox 692 683 1333 814; baseline -0.006 -1"><span class='ocrx_word' id='word_1_1' title='bbox 692 683 1333 814; x_wconf 73' lang='lat' dir='ltr'><strong>APPENDIGE</strong></span> 
     </span>
    </p>
   </div>
   <div class='ocr_carea' id='block_1_2' title="bbox 1004 1407 1024 1453">
    <p class='ocr_par' dir='ltr' id='par_1_2' title="bbox 1004 1407 1024 1453">
     <span class='ocr_line' id='line_1_2' title="bbox 1004 1407 1024 1453; baseline 0 0"><span class='ocrx_word' id='word_1_2' title='bbox 1004 1407 1024 1453; x_wconf 90' lang='lat'>1</span> 
     </span>
    </p>
   </div>
   <div class='ocr_carea' id='block_1_3' title="bbox 120 1523 1907 1664">
    <p class='ocr_par' dir='ltr' id='par_1_3' title="bbox 120 1523 1907 1664">
     <span class='ocr_line' id='line_1_3' title="bbox 171 1523 1907 1598; baseline -0.004 -10"><span class='ocrx_word' id='word_1_3' title='bbox 171 1547 232 1588; x_wconf 86' lang='lat' dir='ltr'><strong>Le</strong></span> <span class='ocrx_word' id='word_1_4' title='bbox 261 1547 377 1598; x_wconf 91' lang='lat' dir='ltr'><strong>Pape</strong></span> <span class='ocrx_word' id='word_1_5' title='bbox 397 1556 423 1586; x_wconf 91' lang='lat' dir='ltr'><strong>a</strong></span> <span class='ocrx_word' id='word_1_6' title='bbox 445 1555 503 1586; x_wconf 90' lang='lat' dir='ltr'><strong>eu</strong></span> <span class='ocrx_word' id='word_1_7' title='bbox 530 1544 610 1585; x_wconf 87' lang='lat' dir='ltr'><strong>des</strong></span> <span class='ocrx_word' id='word_1_8' title='bbox 640 1542 852 1584; x_wconf 89' lang='lat' dir='ltr'><strong>douleurs</strong></span> <span class='ocrx_word' id='word_1_9' title='bbox 877 1541 1144 1583; x_wconf 88' lang='lat' dir='ltr'><strong>d’entrailles</strong></span> <span class='ocrx_word' id='word_1_10' title='bbox 1166 1544 1209 1583; x_wconf 93' lang='lat' dir='ltr'><strong>et</strong></span> <span class='ocrx_word' id='word_1_11' title='bbox 1229 1552 1318 1582; x_wconf 88' lang='lat' dir='ltr'><strong>une</strong></span> <span class='ocrx_word' id='word_1_12' title='bbox 1343 1540 1479 1582; x_wconf 81' lang='lat' dir='ltr'><strong>fievre</strong></span> <span class='ocrx_word' id='word_1_13' title='bbox 1501 1540 1554 1582; x_wconf 88' lang='lat' dir='ltr'><strong>de</strong></span> <span class='ocrx_word' id='word_1_14' title='bbox 1574 1523 1803 1584; x_wconf 76' lang='lat' dir='ltr'><strong>mauvaise</strong></span> <span class='ocrx_word' id='word_1_15' title='bbox 1831 1552 1907 1581; x_wconf 90' lang='lat' dir='ltr'><strong>na-</strong></span> 
     </span>
     <span class='ocr_line' id='line_1_4' title="bbox 120 1606 1610 1664; baseline -0.005 -9"><span class='ocrx_word' id='word_1_16' title='bbox 120 1617 231 1656; x_wconf 87' lang='lat' dir='ltr'><strong>ture.</strong></span> <span class='ocrx_word' id='word_1_17' title='bbox 253 1614 333 1654; x_wconf 89' lang='lat' dir='ltr'><strong>Les</strong></span> <span class='ocrx_word' id='word_1_18' title='bbox 351 1610 630 1664; x_wconf 86' lang='lat' dir='ltr'><strong>astrologues</strong></span> <span class='ocrx_word' id='word_1_19' title='bbox 652 1613 728 1650; x_wconf 88' lang='lat' dir='ltr'><strong>ont</strong></span> <span class='ocrx_word' id='word_1_20' title='bbox 741 1607 886 1661; x_wconf 83' lang='lat' dir='ltr'><strong>predit</strong></span> <span class='ocrx_word' id='word_1_21' title='bbox 907 1619 956 1649; x_wconf 89' lang='lat' dir='ltr'><strong>sa</strong></span> <span class='ocrx_word' id='word_1_22' title='bbox 972 1611 1087 1649; x_wconf 88' lang='lat' dir='ltr'><strong>mort</strong></span> <span class='ocrx_word' id='word_1_23' title='bbox 1101 1619 1213 1660; x_wconf 89' lang='lat' dir='ltr'><strong>pour</strong></span> <span class='ocrx_word' id='word_1_24' title='bbox 1232 1608 1274 1648; x_wconf 92' lang='grc'><strong>13</strong></span> <span class='ocrx_word' id='word_1_25' title='bbox 1289 1607 1403 1648; x_wconf 86' lang='grc'><strong>111013</strong></span> <span class='ocrx_word' id='word_1_26' title='bbox 1422 1606 1476 1647; x_wconf 91' lang='grc'><strong>(13</strong></span> <span class='ocrx_word' id='word_1_27' title='bbox 1491 1606 1610 1659; x_wconf 86' lang='lat' dir='ltr'><strong>juin.</strong></span> 
     </span>
    </p>
   </div>
   <div class='ocr_carea' id='block_1_4' title="bbox 476 1726 1550 1781">
    <p class='ocr_par' dir='ltr' id='par_1_4' title="bbox 476 1726 1550 1781">
     <span class='ocr_line' id='line_1_5' title="bbox 476 1726 1550 1781; baseline -0.003 -11"><span class='ocrx_word' id='word_1_28' title='bbox 476 1746 493 1766; x_wconf 72' lang='grc' dir='ltr'><strong><em>α</em></strong></span> <span class='ocrx_word' id='word_1_29' title='bbox 520 1730 572 1770; x_wconf 82' lang='lat' dir='ltr'><strong>Al</strong></span> <span class='ocrx_word' id='word_1_30' title='bbox 590 1730 817 1781; x_wconf 73' lang='lat' dir='ltr'><strong>Maynisico</strong></span> <span class='ocrx_word' id='word_1_31' title='bbox 838 1728 1026 1769; x_wconf 82' lang='lat' dir='ltr'><strong>Lorenzo</strong></span> <span class='ocrx_word' id='word_1_32' title='bbox 1045 1729 1114 1768; x_wconf 84' lang='lat' dir='ltr'><strong>dei</strong></span> <span class='ocrx_word' id='word_1_33' title='bbox 1134 1726 1287 1768; x_wconf 83' lang='lat' dir='ltr'><strong>Medici</strong></span> <span class='ocrx_word' id='word_1_34' title='bbox 1306 1740 1334 1767; x_wconf 87' lang='lat' dir='ltr'><strong><em>a</em></strong></span> <span class='ocrx_word' id='word_1_35' title='bbox 1353 1726 1550 1767; x_wconf 80' lang='lat' dir='ltr'><strong>Firenze.</strong></span> 
     </span>
    </p>
   </div>
   <div class='ocr_carea' id='block_1_5' title="bbox 119 1814 1911 2400">
    <p class='ocr_par' dir='ltr' id='par_1_5' title="bbox 119 1814 1911 2400">
     <span class='ocr_line' id='line_1_6' title="bbox 174 1814 1908 1874; baseline -0.003 -15"><span class='ocrx_word' id='word_1_36' title='bbox 174 1838 191 1859; x_wconf 73' lang='grc' dir='ltr'>ι</span> <span class='ocrx_word' id='word_1_37' title='bbox 215 1822 449 1874; x_wconf 73' lang='lat' dir='ltr'><strong>Maqnisice</strong></span> <span class='ocrx_word' id='word_1_38' title='bbox 467 1820 545 1869; x_wconf 77' lang='lat' dir='ltr'><strong>vir,</strong></span> <span class='ocrx_word' id='word_1_39' title='bbox 570 1823 645 1860; x_wconf 76' lang='lat' dir='ltr'><strong>etc.</strong></span> <span class='ocrx_word' id='word_1_40' title='bbox 667 1821 830 1870; x_wconf 87' lang='lat' dir='ltr'><strong>Questa</strong></span> <span class='ocrx_word' id='word_1_41' title='bbox 863 1819 957 1860; x_wconf 88' lang='lat' dir='ltr'><strong>solo</strong></span> <span class='ocrx_word' id='word_1_42' title='bbox 983 1830 1063 1871; x_wconf 88' lang='lat' dir='ltr'><strong>per</strong></span> <span class='ocrx_word' id='word_1_43' title='bbox 1086 1818 1306 1859; x_wconf 77' lang='lat' dir='ltr'><strong>advisarvi</strong></span> <span class='ocrx_word' id='word_1_44' title='bbox 1339 1828 1463 1858; x_wconf 91' lang='lat' dir='ltr'><strong>come</strong></span> <span class='ocrx_word' id='word_1_45' title='bbox 1485 1828 1510 1857; x_wconf 88' lang='lat' dir='ltr'><strong>a</strong></span> <span class='ocrx_word' id='word_1_46' title='bbox 1536 1817 1694 1857; x_wconf 88' lang='lat' dir='ltr'><strong>Nostro</strong></span> <span class='ocrx_word' id='word_1_47' title='bbox 1724 1814 1908 1868; x_wconf 85' lang='lat' dir='ltr'><strong>Signore</strong></span> 
     </span>
     <span class='ocr_line' id='line_1_7' title="bbox 124 1880 1910 1942; baseline -0.005 -13"><span class='ocrx_word' id='word_1_48' title='bbox 124 1898 255 1942; x_wconf 84' lang='lat' dir='ltr'>prese</span> <span class='ocrx_word' id='word_1_49' title='bbox 271 1885 532 1928; x_wconf 85' lang='lat' dir='ltr'><strong>domenicha</strong></span> <span class='ocrx_word' id='word_1_50' title='bbox 550 1896 640 1926; x_wconf 92' lang='lat' dir='ltr'><strong>uno</strong></span> <span class='ocrx_word' id='word_1_51' title='bbox 666 1885 816 1926; x_wconf 90' lang='lat' dir='ltr'><strong>dolore</strong></span> <span class='ocrx_word' id='word_1_52' title='bbox 838 1884 1020 1933; x_wconf 91' lang='lat' dir='ltr'><strong>colicho,</strong></span> <span class='ocrx_word' id='word_1_53' title='bbox 1043 1895 1126 1925; x_wconf 91' lang='lat' dir='ltr'><strong>con</strong></span> <span class='ocrx_word' id='word_1_54' title='bbox 1151 1883 1274 1925; x_wconf 82' lang='lat' dir='ltr'><strong>febre</strong></span> <span class='ocrx_word' id='word_1_55' title='bbox 1296 1882 1340 1923; x_wconf 89' lang='lat' dir='ltr'><strong>di</strong></span> <span class='ocrx_word' id='word_1_56' title='bbox 1361 1883 1477 1924; x_wconf 88' lang='lat' dir='ltr'><strong>mala</strong></span> <span class='ocrx_word' id='word_1_57' title='bbox 1501 1884 1676 1932; x_wconf 88' lang='lat' dir='ltr'><strong>natura,</strong></span> <span class='ocrx_word' id='word_1_58' title='bbox 1706 1881 1749 1921; x_wconf 92' lang='grc'><strong>13</strong></span> <span class='ocrx_word' id='word_1_59' title='bbox 1779 1880 1910 1933; x_wconf 88' lang='lat' dir='ltr'><strong>quale</strong></span> 
     </span>
     <span class='ocr_line' id='line_1_8' title="bbox 121 1946 1908 2003; baseline -0.005 -8"><span class='ocrx_word' id='word_1_60' title='bbox 121 1965 214 1996; x_wconf 89' lang='lat' dir='ltr'><strong>non</strong></span> <span class='ocrx_word' id='word_1_61' title='bbox 232 1953 276 1995; x_wconf 93' lang='lat' dir='ltr'><strong>lo</strong></span> <span class='ocrx_word' id='word_1_62' title='bbox 295 1953 352 1994; x_wconf 91' lang='lat' dir='ltr'><strong>ha</strong></span> <span class='ocrx_word' id='word_1_63' title='bbox 372 1952 565 1994; x_wconf 83' lang='lat' dir='ltr'>anchora</span> <span class='ocrx_word' id='word_1_64' title='bbox 596 1951 794 1992; x_wconf 86' lang='lat' dir='ltr'><strong>lasciato.</strong></span> <span class='ocrx_word' id='word_1_65' title='bbox 814 1951 868 1992; x_wconf 95' lang='lat' dir='ltr'><strong>Di</strong></span> <span class='ocrx_word' id='word_1_66' title='bbox 887 1961 990 1991; x_wconf 90' lang='lat' dir='ltr'><strong>casa</strong></span> <span class='ocrx_word' id='word_1_67' title='bbox 1011 1950 1055 1991; x_wconf 93' lang='lat' dir='ltr'><strong>di</strong></span> <span class='ocrx_word' id='word_1_68' title='bbox 1083 1953 1236 1991; x_wconf 88' lang='lat' dir='ltr'><strong>nostro</strong></span> <span class='ocrx_word' id='word_1_69' title='bbox 1258 1949 1443 2003; x_wconf 86' lang='lat' dir='ltr'><strong>Signore</strong></span> <span class='ocrx_word' id='word_1_70' title='bbox 1464 1959 1579 1998; x_wconf 90' lang='lat' dir='ltr'><strong>esce,</strong></span> <span class='ocrx_word' id='word_1_71' title='bbox 1602 1959 1683 1988; x_wconf 89' lang='lat' dir='ltr'><strong>sua</strong></span> <span class='ocrx_word' id='word_1_72' title='bbox 1715 1946 1908 1988; x_wconf 88' lang='lat' dir='ltr'><strong>Beatitu-</strong></span> 
     </span>
     <span class='ocr_line' id='line_1_9' title="bbox 123 2011 1906 2071; baseline -0.006 -10"><span class='ocrx_word' id='word_1_73' title='bbox 123 2020 227 2062; x_wconf 88' lang='lat' dir='ltr'><strong>dine</strong></span> <span class='ocrx_word' id='word_1_74' title='bbox 247 2029 397 2061; x_wconf 82' lang='lat' dir='ltr'><strong>essere</strong></span> <span class='ocrx_word' id='word_1_75' title='bbox 421 2018 688 2071; x_wconf 87' lang='lat' dir='ltr'><strong>milglorata.</strong></span> <span class='ocrx_word' id='word_1_76' title='bbox 710 2018 758 2058; x_wconf 92' lang='lat' dir='ltr'><strong>Li</strong></span> <span class='ocrx_word' id='word_1_77' title='bbox 779 2017 920 2058; x_wconf 87' lang='lat' dir='ltr'><strong>effecti</strong></span> <span class='ocrx_word' id='word_1_78' title='bbox 939 2017 1212 2058; x_wconf 86' lang='lat' dir='ltr'><strong>dimostrano</strong></span> <span class='ocrx_word' id='word_1_79' title='bbox 1234 2016 1275 2057; x_wconf 89' lang='lat' dir='ltr'><strong>el</strong></span> <span class='ocrx_word' id='word_1_80' title='bbox 1294 2015 1527 2064; x_wconf 88' lang='lat' dir='ltr'><strong>contrario,</strong></span> <span class='ocrx_word' id='word_1_81' title='bbox 1550 2011 1710 2066; x_wconf 83' lang='lat' dir='ltr'><strong>perche</strong></span> <span class='ocrx_word' id='word_1_82' title='bbox 1732 2013 1774 2054; x_wconf 92' lang='lat' dir='ltr'><strong>el</strong></span> <span class='ocrx_word' id='word_1_83' title='bbox 1801 2012 1906 2055; x_wconf 88' lang='lat' dir='ltr'><strong>Cas-</strong></span> 
     </span>
     <span class='ocr_line' id='line_1_10' title="bbox 120 2078 1906 2136; baseline -0.004 -10"><span class='ocrx_word' id='word_1_84' title='bbox 120 2085 287 2127; x_wconf 85' lang='lat' dir='ltr'><strong>tellano</strong></span> <span class='ocrx_word' id='word_1_85' title='bbox 308 2084 352 2125; x_wconf 91' lang='lat' dir='ltr'><strong>di</strong></span> <span class='ocrx_word' id='word_1_86' title='bbox 371 2083 511 2124; x_wconf 89' lang='lat' dir='ltr'><strong>castel</strong></span> <span class='ocrx_word' id='word_1_87' title='bbox 529 2083 648 2124; x_wconf 87' lang='lat' dir='ltr'><strong>Sant&#39;</strong></span> <span class='ocrx_word' id='word_1_88' title='bbox 675 2083 846 2136; x_wconf 85' lang='lat' dir='ltr'><strong>Agnolo</strong></span> <span class='ocrx_word' id='word_1_89' title='bbox 865 2083 923 2124; x_wconf 92' lang='lat' dir='ltr'><strong>ha</strong></span> <span class='ocrx_word' id='word_1_90' title='bbox 951 2082 1152 2123; x_wconf 88' lang='lat' dir='ltr'><strong>rifornito</strong></span> <span class='ocrx_word' id='word_1_91' title='bbox 1180 2082 1220 2122; x_wconf 90' lang='lat' dir='ltr'><strong>el</strong></span> <span class='ocrx_word' id='word_1_92' title='bbox 1247 2081 1436 2123; x_wconf 85' lang='lat' dir='ltr'><strong>Castello</strong></span> <span class='ocrx_word' id='word_1_93' title='bbox 1463 2080 1507 2121; x_wconf 94' lang='lat' dir='ltr'><strong>di</strong></span> <span class='ocrx_word' id='word_1_94' title='bbox 1526 2079 1667 2121; x_wconf 88' lang='lat' dir='ltr'><strong>farine</strong></span> <span class='ocrx_word' id='word_1_95' title='bbox 1695 2082 1738 2119; x_wconf 91' lang='lat' dir='ltr'><strong>et</strong></span> <span class='ocrx_word' id='word_1_96' title='bbox 1768 2078 1906 2131; x_wconf 82' lang='lat' dir='ltr'><strong>genti,</strong></span> 
     </span>
     <span class='ocr_line' id='line_1_11' title="bbox 122 2144 1911 2203; baseline -0.004 -12"><span class='ocrx_word' id='word_1_97' title='bbox 122 2150 277 2203; x_wconf 86' lang='lat' dir='ltr'><strong>Questi</strong></span> <span class='ocrx_word' id='word_1_98' title='bbox 296 2149 443 2192; x_wconf 82' lang='lat' dir='ltr'><strong>Orsini</strong></span> <span class='ocrx_word' id='word_1_99' title='bbox 462 2149 612 2190; x_wconf 90' lang='lat' dir='ltr'><strong>hanno</strong></span> <span class='ocrx_word' id='word_1_100' title='bbox 641 2160 772 2200; x_wconf 91' lang='lat' dir='ltr'><strong>preso</strong></span> <span class='ocrx_word' id='word_1_101' title='bbox 802 2159 893 2189; x_wconf 90' lang='lat' dir='ltr'><strong>non</strong></span> <span class='ocrx_word' id='word_1_102' title='bbox 917 2159 966 2189; x_wconf 88' lang='lat' dir='ltr'><strong>so</strong></span> <span class='ocrx_word' id='word_1_103' title='bbox 987 2148 1065 2189; x_wconf 91' lang='grc'><strong>0113</strong></span> <span class='ocrx_word' id='word_1_104' title='bbox 1086 2148 1210 2200; x_wconf 91' lang='lat' dir='ltr'><strong>ponti</strong></span> <span class='ocrx_word' id='word_1_105' title='bbox 1233 2158 1242 2187; x_wconf 90' lang='lat'>:</span> <span class='ocrx_word' id='word_1_106' title='bbox 1273 2158 1298 2188; x_wconf 90' lang='grc'><strong>3</strong></span> <span class='ocrx_word' id='word_1_107' title='bbox 1329 2147 1397 2188; x_wconf 94' lang='lat' dir='ltr'><strong>lor</strong></span> <span class='ocrx_word' id='word_1_108' title='bbox 1417 2146 1642 2198; x_wconf 91' lang='lat' dir='ltr'><strong>proposito</strong></span> <span class='ocrx_word' id='word_1_109' title='bbox 1672 2155 1761 2185; x_wconf 91' lang='lat' dir='ltr'><strong>non</strong></span> <span class='ocrx_word' id='word_1_110' title='bbox 1783 2144 1821 2184; x_wconf 89' lang='lat' dir='ltr'><strong>si</strong></span> <span class='ocrx_word' id='word_1_111' title='bbox 1842 2146 1911 2184; x_wconf 88' lang='lat' dir='ltr'><strong>sta</strong></span> 
     </span>
     <span class='ocr_line' id='line_1_12' title="bbox 120 2209 1906 2269; baseline -0.006 -10"><span class='ocrx_word' id='word_1_112' title='bbox 120 2227 254 2259; x_wconf 85' lang='lat' dir='ltr'><strong>sanza</strong></span> <span class='ocrx_word' id='word_1_113' title='bbox 271 2215 458 2269; x_wconf 86' lang='lat' dir='ltr'><strong>qualche</strong></span> <span class='ocrx_word' id='word_1_114' title='bbox 485 2214 652 2256; x_wconf 90' lang='lat' dir='ltr'><strong>dubbio</strong></span> <span class='ocrx_word' id='word_1_115' title='bbox 673 2214 787 2255; x_wconf 86' lang='lat' dir='ltr'><strong>della</strong></span> <span class='ocrx_word' id='word_1_116' title='bbox 814 2214 920 2265; x_wconf 88' lang='lat' dir='ltr'><strong>vita,</strong></span> <span class='ocrx_word' id='word_1_117' title='bbox 950 2214 1141 2255; x_wconf 85' lang='lat' dir='ltr'><strong>maxime</strong></span> <span class='ocrx_word' id='word_1_118' title='bbox 1167 2211 1324 2265; x_wconf 80' lang='lat' dir='ltr'><strong>perche</strong></span> <span class='ocrx_word' id='word_1_119' title='bbox 1348 2213 1496 2265; x_wconf 86' lang='lat' dir='ltr'><strong>questi</strong></span> <span class='ocrx_word' id='word_1_120' title='bbox 1526 2211 1741 2264; x_wconf 85' lang='lat' dir='ltr'><strong>astrologi</strong></span> <span class='ocrx_word' id='word_1_121' title='bbox 1770 2209 1906 2250; x_wconf 90' lang='lat' dir='ltr'><strong>molto</strong></span> 
     </span>
     <span class='ocr_line' id='line_1_13' title="bbox 120 2279 1907 2334; baseline -0.005 -10"><span class='ocrx_word' id='word_1_122' title='bbox 120 2282 269 2324; x_wconf 89' lang='lat' dir='ltr'><strong>hanno</strong></span> <span class='ocrx_word' id='word_1_123' title='bbox 289 2280 587 2334; x_wconf 87' lang='lat' dir='ltr'><strong>pronosticato</strong></span> <span class='ocrx_word' id='word_1_124' title='bbox 609 2292 690 2322; x_wconf 87' lang='lat' dir='ltr'><strong>sua</strong></span> <span class='ocrx_word' id='word_1_125' title='bbox 709 2279 986 2322; x_wconf 87' lang='lat' dir='ltr'><strong>Beatitudine</strong></span> <span class='ocrx_word' id='word_1_126' title='bbox 1006 2279 1150 2321; x_wconf 84' lang='lat' dir='ltr'><strong>debbe</strong></span> <span class='ocrx_word' id='word_1_127' title='bbox 1170 2279 1333 2320; x_wconf 88' lang='lat' dir='ltr'><strong>morire</strong></span> <span class='ocrx_word' id='word_1_128' title='bbox 1351 2279 1396 2320; x_wconf 91' lang='lat' dir='ltr'><strong>di</strong></span> <span class='ocrx_word' id='word_1_129' title='bbox 1415 2281 1574 2331; x_wconf 85' lang='lat' dir='ltr'><strong>questo</strong></span> <span class='ocrx_word' id='word_1_130' title='bbox 1596 2287 1735 2327; x_wconf 90' lang='lat' dir='ltr'><strong>mese,</strong></span> <span class='ocrx_word' id='word_1_131' title='bbox 1764 2279 1808 2317; x_wconf 90' lang='lat' dir='ltr'><strong>et</strong></span> <span class='ocrx_word' id='word_1_132' title='bbox 1827 2286 1907 2328; x_wconf 87' lang='lat' dir='ltr'><strong>per</strong></span> 
     </span>
     <span class='ocr_line' id='line_1_14' title="bbox 119 2342 1903 2400; baseline -0.004 -11"><span class='ocrx_word' id='word_1_133' title='bbox 119 2348 163 2389; x_wconf 93' lang='lat' dir='ltr'><strong>lo</strong></span> <span class='ocrx_word' id='word_1_134' title='bbox 179 2347 342 2400; x_wconf 81' lang='lat' dir='ltr'><strong>Eclipsi</strong></span> <span class='ocrx_word' id='word_1_135' title='bbox 359 2347 439 2388; x_wconf 88' lang='lat' dir='ltr'><strong>che</strong></span> <span class='ocrx_word' id='word_1_136' title='bbox 459 2346 604 2388; x_wconf 88' lang='lat' dir='ltr'><strong>debbe</strong></span> <span class='ocrx_word' id='word_1_137' title='bbox 625 2358 725 2388; x_wconf 89' lang='lat' dir='ltr'><strong>esse</strong></span> <span class='ocrx_word' id='word_1_138' title='bbox 745 2346 895 2400; x_wconf 86' lang='lat' dir='ltr'><strong>hoggi.</strong></span> <span class='ocrx_word' id='word_1_139' title='bbox 915 2345 995 2388; x_wconf 94' lang='lat' dir='ltr'><strong>Dio</strong></span> <span class='ocrx_word' id='word_1_140' title='bbox 1016 2346 1242 2399; x_wconf 87' lang='lat' dir='ltr'><strong>provegha</strong></span> <span class='ocrx_word' id='word_1_141' title='bbox 1263 2345 1305 2386; x_wconf 91' lang='grc'><strong>31</strong></span> <span class='ocrx_word' id='word_1_142' title='bbox 1323 2345 1530 2399; x_wconf 85' lang='lat' dir='ltr'><strong>bisognio</strong></span> <span class='ocrx_word' id='word_1_143' title='bbox 1556 2343 1628 2385; x_wconf 90' lang='lat' dir='ltr'><strong>del</strong></span> <span class='ocrx_word' id='word_1_144' title='bbox 1647 2342 1782 2396; x_wconf 90' lang='lat' dir='ltr'><strong>popol</strong></span> <span class='ocrx_word' id='word_1_145' title='bbox 1805 2353 1903 2383; x_wconf 90' lang='lat' dir='ltr'><strong>suo.</strong></span> 
     </span>
    </p>
   </div>
   <div class='ocr_carea' id='block_1_6' title="bbox 144 2420 1586 2519">
    <p class='ocr_par' dir='ltr' id='par_1_6' title="bbox 144 2420 1586 2519">
     <span class='ocr_line' id='line_1_15' title="bbox 144 2420 813 2477; baseline -0.007 -8"><span class='ocrx_word' id='word_1_146' title='bbox 144 2420 147 2423; x_wconf 43' lang='lat'><em>⁴</em></span> <span class='ocrx_word' id='word_1_147' title='bbox 176 2443 195 2463; x_wconf 73' lang='grc' dir='ltr'>ι</span> <span class='ocrx_word' id='word_1_148' title='bbox 214 2427 367 2477; x_wconf 88' lang='lat' dir='ltr'><strong>Rome,</strong></span> <span class='ocrx_word' id='word_1_149' title='bbox 390 2425 462 2467; x_wconf 87' lang='lat' dir='ltr'><strong>die</strong></span> <span class='ocrx_word' id='word_1_150' title='bbox 482 2424 535 2466; x_wconf 88' lang='lat'><strong>16</strong></span> <span class='ocrx_word' id='word_1_151' title='bbox 553 2424 672 2465; x_wconf 86' lang='lat' dir='ltr'><strong>Junii</strong></span> <span class='ocrx_word' id='word_1_152' title='bbox 692 2423 813 2465; x_wconf 76' lang='lat'><strong>1484.</strong></span> 
     </span>
     <span class='ocr_line' id='line_1_16' title="bbox 929 2478 1586 2519; baseline -0.002 -1"><span class='ocrx_word' id='word_1_153' title='bbox 929 2494 946 2514; x_wconf 85' lang='lat'>‹</span> <span class='ocrx_word' id='word_1_154' title='bbox 986 2478 1288 2519; x_wconf 75' lang='lat' dir='ltr'><strong>GumANTomns</strong></span> <span class='ocrx_word' id='word_1_155' title='bbox 1320 2478 1530 2519; x_wconf 72' lang='lat' dir='ltr'><strong>Vnspucm.</strong></span> <span class='ocrx_word' id='word_1_156' title='bbox 1569 2493 1586 2511; x_wconf 71' lang='lat' dir='ltr'><em>v</em></span> 
     </span>
    </p>
   </div>
   <div class='ocr_carea' id='block_1_7' title="bbox 170 2585 1487 2639">
    <p class='ocr_par' dir='ltr' id='par_1_7' title="bbox 170 2585 1487 2639">
     <span class='ocr_line' id='line_1_17' title="bbox 170 2585 1487 2639; baseline -0.002 -10"><span class='ocrx_word' id='word_1_157' title='bbox 170 2587 390 2639; x_wconf 74' lang='lat' dir='ltr'><strong>(Archivz&#39;o</strong></span> <span class='ocrx_word' id='word_1_158' title='bbox 407 2587 590 2630; x_wconf 83' lang='lat' dir='ltr'><strong>Mediceo</strong></span> <span class='ocrx_word' id='word_1_159' title='bbox 610 2588 788 2629; x_wconf 78' lang='lat' dir='ltr'><strong>innanzi</strong></span> <span class='ocrx_word' id='word_1_160' title='bbox 806 2587 840 2627; x_wconf 85' lang='lat' dir='ltr'><strong>il</strong></span> <span class='ocrx_word' id='word_1_161' title='bbox 861 2585 1118 2636; x_wconf 61' lang='lat' dir='ltr'><strong>principato.</strong></span> <span class='ocrx_word' id='word_1_162' title='bbox 1139 2586 1252 2627; x_wconf 89' lang='lat' dir='ltr'><strong>Filza</strong></span> <span class='ocrx_word' id='word_1_163' title='bbox 1273 2585 1487 2638; x_wconf 91' lang='lat' dir='ltr'>XXXIX.)</span> 
     </span>
    </p>
   </div>
   <div class='ocr_carea' id='block_1_8' title="bbox 1002 2780 1029 2828">
    <p class='ocr_par' dir='ltr' id='par_1_8' title="bbox 1002 2780 1029 2828">
     <span class='ocr_line' id='line_1_18' title="bbox 1002 2780 1029 2828; baseline 0 0"><span class='ocrx_word' id='word_1_164' title='bbox 1002 2780 1029 2828; x_wconf 81' lang='lat'><strong>2</strong></span> 
     </span>
    </p>
   </div>
   <div class='ocr_carea' id='block_1_9' title="bbox 120 2913 1900 3034">
    <p class='ocr_par' dir='ltr' id='par_1_9' title="bbox 120 2913 1900 3034">
     <span class='ocr_line' id='line_1_19' title="bbox 172 2913 1900 2969; baseline -0.003 -9"><span class='ocrx_word' id='word_1_165' title='bbox 172 2915 309 2960; x_wconf 79' lang='lat' dir='ltr'><strong>L&#39;etat</strong></span> <span class='ocrx_word' id='word_1_166' title='bbox 339 2916 399 2958; x_wconf 92' lang='lat' dir='ltr'><strong>du</strong></span> <span class='ocrx_word' id='word_1_167' title='bbox 430 2915 546 2969; x_wconf 87' lang='lat' dir='ltr'><strong>Pape</strong></span> <span class='ocrx_word' id='word_1_168' title='bbox 564 2927 591 2958; x_wconf 86' lang='lat' dir='ltr'><strong>a</strong></span> <span class='ocrx_word' id='word_1_169' title='bbox 617 2914 798 2968; x_wconf 81' lang='grc' dir='ltr'><strong>3111ρί13.</strong></span> <span class='ocrx_word' id='word_1_170' title='bbox 831 2916 888 2956; x_wconf 89' lang='lat' dir='ltr'><strong>Sa</strong></span> <span class='ocrx_word' id='word_1_171' title='bbox 918 2915 1082 2969; x_wconf 85' lang='lat' dir='ltr'><strong>langue</strong></span> <span class='ocrx_word' id='word_1_172' title='bbox 1107 2915 1248 2957; x_wconf 81' lang='lat' dir='ltr'><strong>enflee</strong></span> <span class='ocrx_word' id='word_1_173' title='bbox 1266 2926 1322 2956; x_wconf 91' lang='lat' dir='ltr'><strong>ne</strong></span> <span class='ocrx_word' id='word_1_174' title='bbox 1343 2917 1451 2968; x_wconf 90' lang='lat' dir='ltr'><strong>peut</strong></span> <span class='ocrx_word' id='word_1_175' title='bbox 1482 2915 1583 2967; x_wconf 90' lang='lat' dir='ltr'><strong>plus</strong></span> <span class='ocrx_word' id='word_1_176' title='bbox 1606 2914 1817 2955; x_wconf 86' lang='lat' dir='ltr'><strong>formuler</strong></span> <span class='ocrx_word' id='word_1_177' title='bbox 1846 2913 1900 2955; x_wconf 90' lang='lat' dir='ltr'><strong>de</strong></span> 
     </span>
     <span class='ocr_line' id='line_1_20' title="bbox 120 2980 898 3034; baseline -0.006 -8"><span class='ocrx_word' id='word_1_178' title='bbox 120 2994 242 3026; x_wconf 87' lang='lat' dir='ltr'><strong>sons.</strong></span> <span class='ocrx_word' id='word_1_179' title='bbox 265 2982 561 3025; x_wconf 87' lang='lat' dir='ltr'><strong>Concurrents</strong></span> <span class='ocrx_word' id='word_1_180' title='bbox 581 2981 606 3023; x_wconf 84' lang='lat' dir='ltr'><strong>a</strong></span> <span class='ocrx_word' id='word_1_181' title='bbox 626 2982 668 3023; x_wconf 91' lang='grc'><strong>13</strong></span> <span class='ocrx_word' id='word_1_182' title='bbox 690 2980 898 3034; x_wconf 79' lang='lat' dir='ltr'><strong>papante.</strong></span> 
     </span>
    </p>
   </div>
   <div class='ocr_carea' id='block_1_10' title="bbox 490 3100 1542 3155">
    <p class='ocr_par' dir='ltr' id='par_1_10' title="bbox 490 3100 1542 3155">
     <span class='ocr_line' id='line_1_21' title="bbox 490 3100 1542 3155; baseline 0.006 -17"><span class='ocrx_word' id='word_1_183' title='bbox 490 3119 508 3138; x_wconf 70' lang='grc' dir='ltr'>ι</span> <span class='ocrx_word' id='word_1_184' title='bbox 530 3101 762 3155; x_wconf 72' lang='lat' dir='ltr'><strong>Maqnz&#39;st&#39;co</strong></span> <span class='ocrx_word' id='word_1_185' title='bbox 781 3101 1008 3142; x_wconf 72' lang='lat' dir='ltr'><strong>Laurentio</strong></span> <span class='ocrx_word' id='word_1_186' title='bbox 1028 3100 1077 3142; x_wconf 86' lang='lat' dir='ltr'><strong>de</strong></span> <span class='ocrx_word' id='word_1_187' title='bbox 1097 3100 1283 3143; x_wconf 76' lang='lat' dir='ltr'><strong>Medicis.</strong></span> <span class='ocrx_word' id='word_1_188' title='bbox 1312 3103 1542 3144; x_wconf 74' lang='lat' dir='ltr'><strong>Florentia.</strong></span> 
     </span>
    </p>
   </div>
   <div class='ocr_carea' id='block_1_11' title="bbox 115 3191 1908 3443">
    <p class='ocr_par' dir='ltr' id='par_1_11' title="bbox 115 3191 1908 3443">
     <span class='ocr_line' id='line_1_22' title="bbox 174 3191 1906 3246; baseline -0.001 -13"><span class='ocrx_word' id='word_1_189' title='bbox 174 3209 191 3229; x_wconf 78' lang='grc' dir='ltr'>ι</span> <span class='ocrx_word' id='word_1_190' title='bbox 215 3194 446 3246; x_wconf 75' lang='lat' dir='ltr'><strong>Maynillce</strong></span> <span class='ocrx_word' id='word_1_191' title='bbox 463 3196 547 3245; x_wconf 81' lang='lat' dir='ltr'><strong>vir,</strong></span> <span class='ocrx_word' id='word_1_192' title='bbox 565 3201 644 3236; x_wconf 85' lang='lat' dir='ltr'><strong>etc.</strong></span> <span class='ocrx_word' id='word_1_193' title='bbox 682 3195 714 3235; x_wconf 84' lang='lat' dir='ltr'><strong>E</strong></span> <span class='ocrx_word' id='word_1_194' title='bbox 741 3192 958 3234; x_wconf 81' lang='lat' dir='ltr'><strong>s&#39;intende</strong></span> <span class='ocrx_word' id='word_1_195' title='bbox 991 3195 1145 3233; x_wconf 90' lang='lat' dir='ltr'><strong>nostro</strong></span> <span class='ocrx_word' id='word_1_196' title='bbox 1170 3191 1359 3245; x_wconf 88' lang='lat' dir='ltr'><strong>Signore</strong></span> <span class='ocrx_word' id='word_1_197' title='bbox 1382 3205 1532 3235; x_wconf 88' lang='lat' dir='ltr'><strong>essere</strong></span> <span class='ocrx_word' id='word_1_198' title='bbox 1559 3192 1837 3246; x_wconf 85' lang='lat' dir='ltr'><strong>peggiorato,</strong></span> <span class='ocrx_word' id='word_1_199' title='bbox 1861 3194 1906 3232; x_wconf 94' lang='lat' dir='ltr'><strong>et</strong></span> 
     </span>
     <span class='ocr_line' id='line_1_23' title="bbox 117 3257 1904 3314; baseline 0 -16"><span class='ocrx_word' id='word_1_200' title='bbox 117 3268 198 3309; x_wconf 89' lang='lat' dir='ltr'><strong>per</strong></span> <span class='ocrx_word' id='word_1_201' title='bbox 226 3258 268 3298; x_wconf 93' lang='lat' dir='ltr'><strong>el</strong></span> <span class='ocrx_word' id='word_1_202' title='bbox 287 3261 456 3301; x_wconf 80' lang='lat' dir='ltr'><strong>catarro</strong></span> <span class='ocrx_word' id='word_1_203' title='bbox 486 3260 677 3314; x_wconf 87' lang='lat' dir='ltr'><strong>essergli</strong></span> <span class='ocrx_word' id='word_1_204' title='bbox 704 3260 957 3311; x_wconf 75' lang='lat' dir='ltr'><strong>ingrossato</strong></span> <span class='ocrx_word' id='word_1_205' title='bbox 978 3258 1020 3299; x_wconf 93' lang='lat' dir='ltr'><strong>la</strong></span> <span class='ocrx_word' id='word_1_206' title='bbox 1042 3257 1195 3311; x_wconf 83' lang='lat' dir='ltr'><strong>lingua</strong></span> <span class='ocrx_word' id='word_1_207' title='bbox 1216 3258 1261 3299; x_wconf 92' lang='lat' dir='ltr'><strong>in</strong></span> <span class='ocrx_word' id='word_1_208' title='bbox 1288 3258 1421 3300; x_wconf 91' lang='lat' dir='ltr'><strong>modo</strong></span> <span class='ocrx_word' id='word_1_209' title='bbox 1443 3259 1523 3300; x_wconf 88' lang='lat' dir='ltr'><strong>che</strong></span> <span class='ocrx_word' id='word_1_210' title='bbox 1552 3257 1681 3312; x_wconf 86' lang='lat' dir='ltr'><strong>quasi</strong></span> <span class='ocrx_word' id='word_1_211' title='bbox 1700 3269 1791 3299; x_wconf 90' lang='lat' dir='ltr'><strong>non</strong></span> <span class='ocrx_word' id='word_1_212' title='bbox 1815 3259 1904 3311; x_wconf 87' lang='lat' dir='ltr'><strong>puo</strong></span> 
     </span>
     <span class='ocr_line' id='line_1_24' title="bbox 115 3322 1908 3377; baseline 0.001 -13"><span class='ocrx_word' id='word_1_213' title='bbox 115 3322 305 3365; x_wconf 86' lang='lat' dir='ltr'><strong>formare</strong></span> <span class='ocrx_word' id='word_1_214' title='bbox 322 3324 364 3366; x_wconf 91' lang='lat' dir='ltr'><strong>la</strong></span> <span class='ocrx_word' id='word_1_215' title='bbox 384 3326 552 3377; x_wconf 88' lang='lat' dir='ltr'><strong>parola.</strong></span> <span class='ocrx_word' id='word_1_216' title='bbox 575 3326 753 3369; x_wconf 86' lang='lat' dir='ltr'><strong>Credesi</strong></span> <span class='ocrx_word' id='word_1_217' title='bbox 771 3325 814 3367; x_wconf 92' lang='grc'><strong>13</strong></span> <span class='ocrx_word' id='word_1_218' title='bbox 835 3325 924 3367; x_wconf 89' lang='lat' dir='ltr'><strong>vita</strong></span> <span class='ocrx_word' id='word_1_219' title='bbox 946 3336 1026 3366; x_wconf 89' lang='lat' dir='ltr'><strong>sua</strong></span> <span class='ocrx_word' id='word_1_220' title='bbox 1047 3335 1136 3365; x_wconf 89' lang='lat' dir='ltr'><strong>non</strong></span> <span class='ocrx_word' id='word_1_221' title='bbox 1157 3323 1339 3376; x_wconf 81' lang='lat' dir='ltr'><strong>passera</strong></span> <span class='ocrx_word' id='word_1_222' title='bbox 1356 3325 1445 3366; x_wconf 92' lang='lat' dir='ltr'><strong>duo</strong></span> <span class='ocrx_word' id='word_1_223' title='bbox 1474 3325 1531 3367; x_wconf 87' lang='lat' dir='ltr'><strong>di.</strong></span> <span class='ocrx_word' id='word_1_224' title='bbox 1554 3325 1692 3367; x_wconf 90' lang='lat' dir='ltr'><strong>Credo</strong></span> <span class='ocrx_word' id='word_1_225' title='bbox 1709 3324 1775 3366; x_wconf 90' lang='lat' dir='ltr'><strong>sia</strong></span> <span class='ocrx_word' id='word_1_226' title='bbox 1792 3324 1908 3366; x_wconf 89' lang='lat' dir='ltr'><strong>bene</strong></span> 
     </span>
     <span class='ocr_line' id='line_1_25' title="bbox 115 3389 1902 3443; baseline 0.001 -14"><span class='ocrx_word' id='word_1_227' title='bbox 115 3399 304 3440; x_wconf 85' lang='lat' dir='ltr'><strong>pensare</strong></span> <span class='ocrx_word' id='word_1_228' title='bbox 324 3389 370 3431; x_wconf 86' lang='lat' dir='ltr'><strong>di</strong></span> <span class='ocrx_word' id='word_1_229' title='bbox 390 3401 480 3432; x_wconf 92' lang='lat' dir='ltr'><strong>uno</strong></span> <span class='ocrx_word' id='word_1_230' title='bbox 501 3402 757 3433; x_wconf 86' lang='lat' dir='ltr'><strong>successore</strong></span> <span class='ocrx_word' id='word_1_231' title='bbox 778 3391 857 3432; x_wconf 90' lang='lat' dir='ltr'><strong>che</strong></span> <span class='ocrx_word' id='word_1_232' title='bbox 879 3391 941 3432; x_wconf 90' lang='lat' dir='ltr'><strong>sia</strong></span> <span class='ocrx_word' id='word_1_233' title='bbox 956 3389 1032 3443; x_wconf 77' lang='lat' dir='ltr'><strong>piu</strong></span> <span class='ocrx_word' id='word_1_234' title='bbox 1051 3390 1251 3432; x_wconf 80' lang='lat' dir='ltr'><strong>neutrale</strong></span> <span class='ocrx_word' id='word_1_235' title='bbox 1266 3390 1304 3432; x_wconf 92' lang='lat' dir='ltr'><strong>si</strong></span> <span class='ocrx_word' id='word_1_236' title='bbox 1320 3392 1410 3443; x_wconf 85' lang='lat' dir='ltr'><strong>puo</strong></span> <span class='ocrx_word' id='word_1_237' title='bbox 1431 3394 1475 3432; x_wconf 92' lang='lat' dir='ltr'><strong>et</strong></span> <span class='ocrx_word' id='word_1_238' title='bbox 1490 3389 1566 3443; x_wconf 76' lang='lat' dir='ltr'><strong>piu</strong></span> <span class='ocrx_word' id='word_1_239' title='bbox 1596 3390 1768 3433; x_wconf 88' lang='lat' dir='ltr'><strong>amicho</strong></span> <span class='ocrx_word' id='word_1_240' title='bbox 1790 3390 1902 3432; x_wconf 86' lang='lat' dir='ltr'><strong>della</strong></span> 
     </span>
    </p>
   </div>
  </div>
 </body>
</html>
