2262 3958
332 323 401 359 358
939 315 958 351 ,Ι
964 314 1124 352 ΟΗΑΝΝ
1129 314 1172 351 IS
1205 312 1500 360 BURCHARDI,
1892 315 1987 360 [Juln
2009 315 2104 361 1489]

333 423 418 472 sed
438 438 548 471 cum
575 425 737 470 nostra
757 419 948 481 incepta
965 420 1108 476 esset,
1134 415 1200 463 illi
1227 416 1373 464 etiam
1395 416 1671 466 immediate
1696 422 1807 467 ante
1830 433 1919 468 nos
1938 418 2100 467 inces-

334 511 499 555 serunt
520 510 566 553 et
595 520 682 552 nos
705 500 1053 565 impediverunt
1079 516 1088 547 :
1110 498 1250 563 pauci
1272 503 1434 548 tamen
1456 502 1792 551 conventuales
1816 507 1943 551 etex
1968 502 2098 553 clero

336 589 669 636 interfuerunt.
702 583 881 653 RRmi.,
899 585 999 631 DD.
1029 582 1298 630 cardinales·
1317 568 1658 647 Neapolitanus
1686 587 1732 632 et
1757 584 1816 633 de
1841 584 2102 634 Comitibus

338 688 433 720 non
483 670 801 719 interfuerunt
839 666 1137 732 processioni
1174 666 1260 714 sed
1301 666 1350 714 in
1382 667 1545 731 cappis
1576 667 1672 716 suis
1712 671 2024 731 expectarunt
2053 668 2100 715 in

337 755 486 803 choro
510 752 702 802 basilice
725 750 938 815 predicte
962 749 1218 797 adventum
1243 748 1565 812 processionis
1587 752 1634 798 et
1655 749 1959 799 sacramenti.
1985 753 2105 800 Cum

338 842 504 886 RmuS.
545 838 599 885 D.
639 834 890 883 cardinalis
926 849 964 880 s.
999 831 1250 881 Anastasia
1283 832 1579 896 pervenisset
1611 837 1721 882 ante
1746 833 1895 883 altare
1930 834 2101 898 majuS,

337 918 558 983 deposuit
585 933 728 982 super
760 916 877 964 illud
910 919 1265 964 sacramentum
1299 916 1429 979 quod
1453 931 1512 965 ex
1541 916 1763 965 manibus
1791 916 1888 966 suis
1917 915 2106 981 'accepit

340 1002 553 1051 sacrista.
592 1002 711 1049 Cum
747 999 889 1047 mitra
920 998 1149 1062 imposuit
1183 998 1435 1047 incensum
1465 1003 1529 1059 et,
1561 1001 1779 1064 deposita
1816 1001 1913 1060 illa,
1956 1016 2110 1065 genu-

337 1086 490 1141 flexus
534 1086 890 1132 sacramentum
943 1081 1225 1131 incensavit.
1275 1082 1490 1131 Accessit
1529 1082 1701 1132 deinde
1741 1083 1842 1133 sine
1875 1083 2016 1132 mitra
2048 1082 2110 1132 ad

340 1167 656 1217 faldistorium
678 1166 776 1225 ubi,
803 1165 1000 1214 dimisso
1022 1165 1231 1229 pluviali,
1255 1166 1439 1230 accepit
1467 1166 1758 1226 tunicellam,
1782 1166 2105 1226 dalmaticam,

341 1251 663 1309 chirothecas,
689 1249 922 1309 casulam,
945 1249 1138 1298 mitram
1162 1253 1208 1298 et
1229 1250 1423 1298 anulum
1442 1267 1452 1310 3
1478 1254 1525 1299 et
1546 1250 1740 1299 obtenta
1756 1267 1843 1315 per
1861 1266 1940 1299 me
1961 1265 1989 1299 a
2010 1265 2112 1299 car-

342 1335 577 1383 dinalibus
606 1333 816 1393 licentia,
854 1332 1061 1381 accessit
1095 1333 1156 1381 ad
1191 1333 1357 1394 altare,
1396 1334 1509 1382 fecit
1542 1334 1927 1393 confessionem;
1952 1337 2000 1382 et
2020 1333 2112 1382 alia

343 1433 478 1467 more
516 1421 747 1466 consueto
780 1434 789 1464 :
821 1431 919 1465 non
964 1415 1051 1464 fuit
1090 1432 1267 1465 sermo.
1311 1420 1364 1465 ln
1403 1417 1517 1477 fine,
1566 1417 1823 1482 publicavit
1863 1415 2112 1465 celebrans

342 1501 691 1565 indulgentiam
730 1504 917 1564 septem
962 1515 1199 1548 annorum
1239 1504 1286 1549 et
1324 1501 1526 1550 totidem
1565 1501 1984 1564 quadragenarum
2026 1514 2117 1563 per

348 1589 527 1649 Papam
559 1582 957 1632 interessentibus
991 1597 1292 1631 concessam.
1337 1585 1388 1631 In
1421 1583 1751 1648 processione,
1792 1581 2114 1631 subdiaconus

349 1668 531 1733 capelle
554 1666 777 1716 omnibus
810 1665 1120 1730 paramentiS,
1152 1665 1398 1731 manipulo
1425 1668 1639 1731 demptO,
1670 1669 1884 1730 paratuS,
1914 1662 2117 1729 portavit

350 1750 804 1820 crucem,·imagine
832 1749 957 1797 illius
985 1753 1096 1798 ante
1128 1765 1179 1798 se
1199 1764 1353 1810 versa,
1377 1750 1563 1798 medius
1590 1750 1716 1800 inter
1734 1751 1854 1799 duos
1876 1748 2115 1798 cerofera—

347 1835 442 1883 rios
470 1834 743 1897 capellanos
778 1832 1063 1881 celebrantis
1097 1832 1445 1896 superpelliciis
1471 1833 1680 1882 indutos.

413 1917 551 1965 Feria
585 1920 770 1979 quarta,
808 1919 869 1963 24
902 1915 1081 1964 mensis
1109 1916 1249 1979 junii,
1291 1916 1469 1964 festum
1518 1917 1773 1969 nativitatis
1807 1935 1846 1966 s.
1883 1919 2115 1969 Johannis

349 2000 562 2064 Baptiste
583 1999 630 2047 in
652 2015 746 2062 quo
768 2014 864 2046 non
885 1998 970 2046 fuit
989 1998 1174 2062 capella
1194 2015 1350 2063 neque
1372 2001 1455 2047 SS.
1482 2002 1538 2047 D.
1559 2002 1616 2048 N.
1641 1999 1782 2048 exivit
1800 2001 1849 2048 in
1868 2001 2117 2065 publicum

348 2082 439 2130 nisi
478 2083 539 2130 ad
572 2087 782 2131 castrum
819 2098 855 2130 s,
896 2083 1084 2146 Angeli,
1131 2082 1295 2131 RRmi.
1341 2085 1442 2131 DD.
1485 2083 1751 2132 cardinales
1798 2087 1896 2133 tam
1928 2084 2032 2133 heri
2063 2084 2113 2133 in

349 2165 559 2230 vesperis
599 2181 742 2230 quam
777 2165 921 2214 hodie
959 2165 1008 2214 in
1043 2165 1190 2214 missa
1226 2165 1548 2215 interfuerunt
1585 2167 1634 2215 in
1666 2166 1863 2216 basilica
1899 2167 2117 2232 ejusdem

351 2266 391 2296 s,
412 2252 435 2296 J
440 2249 644 2298 ohannis
656 2249 1018 2298 LateranensiS.

417 2332 644 2391 Sabbato,
671 2335 728 2379 27
751 2331 931 2380 mensis
943 2331 1082 2396 junii,
1102 2332 1387 2395 magnificus
1409 2333 1629 2380 Nicolaus
1652 2333 1868 2392 UrsinuS‚
1892 2333 2121 2395 Pitiliani,

353 2419 509 2464 Suane
532 2419 578 2463 et
600 2414 718 2463 Nole
742 2430 924 2474 comes,
949 2415 1135 2462 futurus
1158 2414 1435 2478 capitaneus
1465 2415 1702 2478 generalis
1731 2419 1896 2465 sancte
1918 2431 2117 2465 romane

354 2498 585 2556 Ecclesie,
616 2497 794 2544 Urbem
820 2498 1125 2560 ingressurus
1154 2513 1265 2545 cum
1294 2513 1380 2544 sua
1409 2497 1588 2545 familia
1620 2498 1866 2547 dumtaxat
1892 2502 1940 2548 et
1970 2498 2118 2562 parti-

355 2580 593 2629 cularibus
623 2579 806 2639 amicis,
849 2595 948 2628 non
981 2584 1144 2628 tamen
1177 2579 1367 2637 familiis
1401 2579 1731 2639 cardinalium,
1767 2580 2013 2644 ingressus
2045 2587 2119 2632 est

354 2679 442 2728 per
459 2663 734 2712 viridarium
754 2663 915 2727 palatii
931 2663 1177 2726 apostolici
1193 2663 1254 2710 ad
1273 2662 1624 2710 sanctissimum
1639 2663 1888 2712 dominum
1906 2669 2119 2716 nostrum

356 2763 384 2795 a
403 2762 498 2810 quo
516 2746 724 2810 benigne
746 2750 968 2810 receptus
991 2749 1091 2805 est3
1123 2745 1294 2794 deinde
1324 2745 1452 2794 idem
1477 2761 1659 2805 comeS,
1687 2763 1745 2794 ex
1768 2747 1907 2795 astris
1934 2748 2122 2813 opinio-

355 2846 467 2878 nem
504 2845 668 2878 secum
701 2829 887 2878 habens
926 2829 1053 2893 quod
1095 2829 1240 2877 hodie
1279 2829 1407 2876 bono
1454 2842 1690 2890 augurum
1735 2816 1872 2893 signo
1913 2829 2120 2894 insignia

357 2912 685 2976 capitaneatus
711 2916 873 2960 essent
894 2912 1143 2975 capienda,
1161 2912 1295 2975 petiit
1311 2915 1358 2960 et
1379 2911 1584 2960 obtinuit
1602 2928 1630 2960 a
1651 2914 1735 2960 SS.
1760 2914 1818 2960 D.
1842 2914 1897 2960 N.
1917 2912 2122 2976 insignia

356 2994 635 3057 hujusmodi
658 2994 747 3041 sibi
767 2994 866 3041 dari
896 2994 991 3042 hoc
1022 2994 1207 3043 ordine.
1239 2994 1575 3042 Sanctissimus
1598 2997 1654 3042 D.
1685 2997 1740 3043 N.
1769 2994 1951 3043 in-aula
1969 2995 2124 3058 ponti-

360 3076 523 3136 ficum,
579 3080 773 3139 recepto
824 3076 1014 3139 pluviali
1064 3093 1209 3140 supra
1248 3077 1418 3124 stolam
1463 3081 1511 3124 et
1560 3077 1829 3136 rochetum,
1877 3076 2121 3125 benedixit

359 3160 500 3207 ambo
526 3159 711 3212 vexilla,
746 3164 887 3222 prout
917 3159 965 3206 in
1001 3160 1259 3208 ordinario.
1296 3158 1526 3207 Tunicam
1560 3159 1625 3206 illi
1663 3159 1930 3208 successive
1957 3174 2120 3208 coram

359 3256 409 3288 se
443 3242 696 3303 genuflexo
728 3242 936 3301 tradidit,
974 3243 1138 3291 dicens
1166 3245 1307 3306 prout
1330 3242 1378 3288 in
1407 3241 1578 3289 eodem
1606 3242 1726 3290 libro
1755 3243 2042 3301 continetur,
2073 3245 2121 3289 et

360 3324 550 3370 tandem
571 3324 794 3372 baculum
817 3325 904 3373 sub
925 3326 1030 3373 altis
1053 3326 1225 3382 verbis,
1255 3329 1396 3388 prout
1416 3324 1542 3371 infra
1563 3325 1745 3383 dicam;
1771 3326 1867 3388 qui,
1896 3329 2003 3388 post
2024 3324 2116 3371 hec

360 3406 626 3454 successive
665 3413 875 3473 recepta,
921 3409 1159 3457 osculatus
1198 3411 1269 3455 est
1299 3407 1472 3471 pedem
1504 3407 1743 3470 pontificis
1781 3424 1791 3455 :
1829 3423 1920 3468 que
1954 3411 2116 3454 tamen
