<?xml version="1.0" encoding="UTF-8"?>
<!DOCTYPE html PUBLIC "-//W3C//DTD XHTML 1.0 Transitional//EN"
    "http://www.w3.org/TR/xhtml1/DTD/xhtml1-transitional.dtd">
<html xmlns="http://www.w3.org/1999/xhtml" xml:lang="en" lang="en">
 <head>
  <title>
</title>
<meta http-equiv="Content-Type" content="text/html;charset=utf-8" />
  <meta name='ocr-system' content='tesseract 3.04.00' />
  <meta name='ocr-capabilities' content='ocr_page ocr_carea ocr_par ocr_line ocrx_word'/>
</head>
<body>
  <div class='ocr_page' id='page_1' title='image "./diariumsivererum01burcuoft_0044.png"; bbox 0 0 2262 3958; ppageno 0'>
   <div class='ocr_carea' id='block_1_1' title="bbox 385 331 2155 380">
    <p class='ocr_par' dir='ltr' id='par_1_1' title="bbox 385 331 2155 380">
     <span class='ocr_line' id='line_1_1' title="bbox 385 331 2155 380; baseline 0.002 -13"><span class='ocrx_word' id='word_1_1' title='bbox 385 331 434 367; x_wconf 66' lang='lat'>3&#39;2</span> <span class='ocrx_word' id='word_1_2' title='bbox 993 334 1225 370; x_wconf 79' lang='lat' dir='ltr'>JOHANNIS</span> <span class='ocrx_word' id='word_1_3' title='bbox 1252 333 1546 380; x_wconf 84' lang='lat' dir='ltr'>BURCHARDI,</span> <span class='ocrx_word' id='word_1_4' title='bbox 1939 338 2044 379; x_wconf 73' lang='lat' dir='ltr'>[Aout</span> <span class='ocrx_word' id='word_1_5' title='bbox 2064 338 2155 380; x_wconf 72' lang='lat'><strong>1484]</strong></span> 
     </span>
    </p>
   </div>
   <div class='ocr_carea' id='block_1_2' title="bbox 310 434 2219 2576">
    <p class='ocr_par' dir='ltr' id='par_1_2' title="bbox 383 434 2219 1083">
     <span class='ocr_line' id='line_1_2' title="bbox 391 434 2163 498; baseline 0.005 -18"><span class='ocrx_word' id='word_1_6' title='bbox 391 448 496 481; x_wconf 87' lang='lat' dir='ltr'>sare</span> <span class='ocrx_word' id='word_1_7' title='bbox 525 438 787 493; x_wconf 77' lang='lat' dir='ltr'>tentavero,</span> <span class='ocrx_word' id='word_1_8' title='bbox 818 436 865 482; x_wconf 92' lang='lat' dir='ltr'>id</span> <span class='ocrx_word' id='word_1_9' title='bbox 890 434 1063 482; x_wconf 90' lang='lat' dir='ltr'>nullius</span> <span class='ocrx_word' id='word_1_10' title='bbox 1092 436 1151 483; x_wconf 91' lang='lat' dir='ltr'>sit</span> <span class='ocrx_word' id='word_1_11' title='bbox 1178 435 1364 483; x_wconf 90' lang='lat' dir='ltr'>roboris</span> <span class='ocrx_word' id='word_1_12' title='bbox 1391 436 1464 483; x_wconf 90' lang='lat' dir='ltr'>vel</span> <span class='ocrx_word' id='word_1_13' title='bbox 1490 439 1749 498; x_wconf 82' lang='lat' dir='ltr'>momenti3</span> <span class='ocrx_word' id='word_1_14' title='bbox 1781 443 1829 487; x_wconf 92' lang='lat' dir='ltr'>et</span> <span class='ocrx_word' id='word_1_15' title='bbox 1853 439 2163 488; x_wconf 89' lang='lat' dir='ltr'>nihilominus</span> 
     </span>
     <span class='ocr_line' id='line_1_3' title="bbox 389 516 2164 587; baseline 0.005 -25"><span class='ocrx_word' id='word_1_16' title='bbox 389 516 493 579; x_wconf 91' lang='lat' dir='ltr'>ipsa</span> <span class='ocrx_word' id='word_1_17' title='bbox 520 518 726 581; x_wconf 90' lang='lat' dir='ltr'>capitula</span> <span class='ocrx_word' id='word_1_18' title='bbox 755 522 801 566; x_wconf 91' lang='lat' dir='ltr'>et</span> <span class='ocrx_word' id='word_1_19' title='bbox 829 518 1073 580; x_wconf 71' lang='lat' dir='ltr'>quodlibet</span> <span class='ocrx_word' id='word_1_20' title='bbox 1095 519 1306 583; x_wconf 90' lang='lat' dir='ltr'>ipsorum</span> <span class='ocrx_word' id='word_1_21' title='bbox 1335 520 1382 566; x_wconf 91' lang='lat' dir='ltr'>in</span> <span class='ocrx_word' id='word_1_22' title='bbox 1410 536 1496 567; x_wconf 91' lang='lat' dir='ltr'>suo</span> <span class='ocrx_word' id='word_1_23' title='bbox 1528 521 1700 569; x_wconf 82' lang='lat' dir='ltr'>robore</span> <span class='ocrx_word' id='word_1_24' title='bbox 1729 526 1775 570; x_wconf 91' lang='lat' dir='ltr'>et</span> <span class='ocrx_word' id='word_1_25' title='bbox 1801 522 2025 571; x_wconf 87' lang='lat' dir='ltr'>firmitate</span> <span class='ocrx_word' id='word_1_26' title='bbox 2053 538 2164 587; x_wconf 89' lang='lat' dir='ltr'>per-</span> 
     </span>
     <span class='ocr_line' id='line_1_4' title="bbox 388 602 2165 670; baseline 0.003 -23"><span class='ocrx_word' id='word_1_27' title='bbox 388 605 642 660; x_wconf 87' lang='lat' dir='ltr'>maneant;</span> <span class='ocrx_word' id='word_1_28' title='bbox 683 602 903 664; x_wconf 88' lang='lat' dir='ltr'>quodque</span> <span class='ocrx_word' id='word_1_29' title='bbox 936 602 1127 650; x_wconf 89' lang='lat' dir='ltr'>cedulas</span> <span class='ocrx_word' id='word_1_30' title='bbox 1160 603 1399 667; x_wconf 89' lang='lat' dir='ltr'>predictas</span> <span class='ocrx_word' id='word_1_31' title='bbox 1439 607 1604 651; x_wconf 88' lang='lat' dir='ltr'>tenere</span> <span class='ocrx_word' id='word_1_32' title='bbox 1638 608 1685 652; x_wconf 89' lang='lat' dir='ltr'>et</span> <span class='ocrx_word' id='word_1_33' title='bbox 1718 620 2002 655; x_wconf 88' lang='lat' dir='ltr'>conservare</span> <span class='ocrx_word' id='word_1_34' title='bbox 2038 606 2165 670; x_wconf 89' lang='lat' dir='ltr'>apud</span> 
     </span>
     <span class='ocr_line' id='line_1_5' title="bbox 390 684 2219 752; baseline 0.002 -22"><span class='ocrx_word' id='word_1_35' title='bbox 390 699 441 730; x_wconf 89' lang='lat' dir='ltr'>se</span> <span class='ocrx_word' id='word_1_36' title='bbox 475 684 681 732; x_wconf 89' lang='lat' dir='ltr'>debeant</span> <span class='ocrx_word' id='word_1_37' title='bbox 716 688 813 732; x_wconf 88' lang='lat' dir='ltr'>tres</span> <span class='ocrx_word' id='word_1_38' title='bbox 847 685 1112 733; x_wconf 77' lang='lat' dir='ltr'>cardinales</span> <span class='ocrx_word' id='word_1_39' title='bbox 1146 686 1397 750; x_wconf 87' lang='lat' dir='ltr'>cujuslibet</span> <span class='ocrx_word' id='word_1_40' title='bbox 1429 686 1609 734; x_wconf 83' lang='lat' dir='ltr'>ordinis</span> <span class='ocrx_word' id='word_1_41' title='bbox 1642 687 1844 750; x_wconf 88' lang='lat' dir='ltr'>priores,</span> <span class='ocrx_word' id='word_1_42' title='bbox 1881 689 1940 736; x_wconf 87' lang='lat' dir='ltr'>ad</span> <span class='ocrx_word' id='word_1_43' title='bbox 1967 689 2162 752; x_wconf 83' lang='lat' dir='ltr'>petitio—</span> <span class='ocrx_word' id='word_1_44' title='bbox 2214 731 2219 733; x_wconf 76' lang='grc'><strong>,</strong></span> 
     </span>
     <span class='ocr_line' id='line_1_6' title="bbox 387 767 2160 832; baseline 0.004 -20"><span class='ocrx_word' id='word_1_45' title='bbox 387 782 499 814; x_wconf 89' lang='lat' dir='ltr'>nem</span> <span class='ocrx_word' id='word_1_46' title='bbox 539 767 661 814; x_wconf 89' lang='lat' dir='ltr'>sacri</span> <span class='ocrx_word' id='word_1_47' title='bbox 708 768 921 831; x_wconf 81' lang='lat' dir='ltr'>collegii,</span> <span class='ocrx_word' id='word_1_48' title='bbox 963 769 1078 816; x_wconf 91' lang='lat' dir='ltr'>nulli</span> <span class='ocrx_word' id='word_1_49' title='bbox 1117 785 1326 832; x_wconf 90' lang='lat' dir='ltr'>unquam</span> <span class='ocrx_word' id='word_1_50' title='bbox 1366 785 1446 817; x_wconf 92' lang='lat' dir='ltr'>eas</span> <span class='ocrx_word' id='word_1_51' title='bbox 1482 769 1765 832; x_wconf 76' lang='lat' dir='ltr'>assignaturi</span> <span class='ocrx_word' id='word_1_52' title='bbox 1806 769 1907 817; x_wconf 87' lang='lat' dir='ltr'>sine</span> <span class='ocrx_word' id='word_1_53' title='bbox 1947 770 2160 819; x_wconf 85' lang='lat' dir='ltr'>omnium</span> 
     </span>
     <span class='ocr_line' id='line_1_7' title="bbox 387 849 2162 917; baseline 0.003 -21"><span class='ocrx_word' id='word_1_54' title='bbox 387 849 699 898; x_wconf 78' lang='lat' dir='ltr'>cardinalium</span> <span class='ocrx_word' id='word_1_55' title='bbox 722 867 950 915; x_wconf 87' lang='lat' dir='ltr'>expresso</span> <span class='ocrx_word' id='word_1_56' title='bbox 969 868 1231 911; x_wconf 88' lang='lat' dir='ltr'>consensu;</span> <span class='ocrx_word' id='word_1_57' title='bbox 1254 852 1462 917; x_wconf 55' lang='lat' dir='ltr'>necsnon</span> <span class='ocrx_word' id='word_1_58' title='bbox 1489 852 1610 899; x_wconf 86' lang='lat' dir='ltr'>infra</span> <span class='ocrx_word' id='word_1_59' title='bbox 1637 856 1735 900; x_wconf 90' lang='lat' dir='ltr'>tres</span> <span class='ocrx_word' id='word_1_60' title='bbox 1763 852 1864 900; x_wconf 92' lang='lat' dir='ltr'>dies</span> <span class='ocrx_word' id='word_1_61' title='bbox 1885 856 1994 916; x_wconf 93' lang='lat' dir='ltr'>post</span> <span class='ocrx_word' id='word_1_62' title='bbox 2019 868 2162 901; x_wconf 85' lang='lat' dir='ltr'>coro·-</span> 
     </span>
     <span class='ocr_line' id='line_1_8' title="bbox 385 933 2160 1000; baseline 0.002 -21"><span class='ocrx_word' id='word_1_63' title='bbox 385 933 630 980; x_wconf 90' lang='lat' dir='ltr'>nationem</span> <span class='ocrx_word' id='word_1_64' title='bbox 662 949 821 982; x_wconf 89' lang='lat' dir='ltr'>meam</span> <span class='ocrx_word' id='word_1_65' title='bbox 853 934 974 982; x_wconf 88' lang='lat' dir='ltr'>dabo</span> <span class='ocrx_word' id='word_1_66' title='bbox 1009 939 1106 983; x_wconf 90' lang='lat' dir='ltr'>tres</span> <span class='ocrx_word' id='word_1_67' title='bbox 1139 935 1290 983; x_wconf 87' lang='lat' dir='ltr'>bullas</span> <span class='ocrx_word' id='word_1_68' title='bbox 1324 935 1541 999; x_wconf 86' lang='lat' dir='ltr'>ejusdem</span> <span class='ocrx_word' id='word_1_69' title='bbox 1572 935 1749 983; x_wconf 89' lang='lat' dir='ltr'>tenoris</span> <span class='ocrx_word' id='word_1_70' title='bbox 1784 935 2040 984; x_wconf 88' lang='lat' dir='ltr'>servandas</span> <span class='ocrx_word' id='word_1_71' title='bbox 2071 951 2160 1000; x_wconf 89' lang='lat' dir='ltr'>per</span> 
     </span>
     <span class='ocr_line' id='line_1_9' title="bbox 383 1015 1324 1083; baseline 0.004 -21"><span class='ocrx_word' id='word_1_72' title='bbox 383 1015 568 1078; x_wconf 88' lang='lat' dir='ltr'>priores</span> <span class='ocrx_word' id='word_1_73' title='bbox 590 1018 843 1082; x_wconf 70' lang='lat' dir='ltr'>quuslibet</span> <span class='ocrx_word' id='word_1_74' title='bbox 869 1018 1067 1078; x_wconf 87' lang='lat' dir='ltr'>ordinis,</span> <span class='ocrx_word' id='word_1_75' title='bbox 1092 1023 1140 1066; x_wconf 93' lang='lat' dir='ltr'>ut</span> <span class='ocrx_word' id='word_1_76' title='bbox 1166 1035 1324 1083; x_wconf 84' lang='lat' dir='ltr'>supra.</span> 
     </span>
    </p>

    <p class='ocr_par' dir='ltr' id='par_1_3' title="bbox 378 1101 2160 1250">
     <span class='ocr_line' id='line_1_10' title="bbox 446 1101 2160 1166; baseline 0.001 -18"><span class='ocrx_word' id='word_1_77' title='bbox 446 1102 603 1149; x_wconf 91' lang='lat' dir='ltr'>Tenor</span> <span class='ocrx_word' id='word_1_78' title='bbox 634 1118 745 1150; x_wconf 91' lang='lat' dir='ltr'>vero</span> <span class='ocrx_word' id='word_1_79' title='bbox 772 1101 1088 1166; x_wconf 92' lang='lat' dir='ltr'>capitulorum</span> <span class='ocrx_word' id='word_1_80' title='bbox 1115 1102 1441 1166; x_wconf 91' lang='lat' dir='ltr'>predictorum</span> <span class='ocrx_word' id='word_1_81' title='bbox 1469 1102 1682 1165; x_wconf 92' lang='lat' dir='ltr'>sequitur</span> <span class='ocrx_word' id='word_1_82' title='bbox 1714 1106 1761 1150; x_wconf 91' lang='lat' dir='ltr'>et</span> <span class='ocrx_word' id='word_1_83' title='bbox 1787 1106 1859 1150; x_wconf 91' lang='lat' dir='ltr'>est</span> <span class='ocrx_word' id='word_1_84' title='bbox 1880 1102 2004 1162; x_wconf 85' lang='lat' dir='ltr'>talis,</span> <span class='ocrx_word' id='word_1_85' title='bbox 2028 1102 2160 1151; x_wconf 90' lang='lat' dir='ltr'>vide-</span> 
     </span>
     <span class='ocr_line' id='line_1_11' title="bbox 378 1183 610 1250; baseline 0.009 -19"><span class='ocrx_word' id='word_1_86' title='bbox 378 1183 493 1233; x_wconf 87' lang='lat' dir='ltr'>licet</span> <span class='ocrx_word' id='word_1_87' title='bbox 514 1185 573 1250; x_wconf 78' lang='lat'>(1)</span> <span class='ocrx_word' id='word_1_88' title='bbox 601 1202 610 1233; x_wconf 93' lang='lat'>:</span> 
     </span>
    </p>

    <p class='ocr_par' dir='ltr' id='par_1_4' title="bbox 376 1268 2158 1584">
     <span class='ocr_line' id='line_1_12' title="bbox 446 1268 2158 1334; baseline 0.001 -18"><span class='ocrx_word' id='word_1_89' title='bbox 446 1270 546 1332; x_wconf 84' lang='lat' dir='ltr'>Ego</span> <span class='ocrx_word' id='word_1_90' title='bbox 567 1272 605 1317; x_wconf 91' lang='lat' dir='ltr'><strong>N</strong></span> <span class='ocrx_word' id='word_1_91' title='bbox 615 1305 646 1328; x_wconf 91' lang='lat'>.,</span> <span class='ocrx_word' id='word_1_92' title='bbox 678 1269 860 1318; x_wconf 91' lang='lat' dir='ltr'>electus</span> <span class='ocrx_word' id='word_1_93' title='bbox 899 1270 947 1318; x_wconf 90' lang='lat' dir='ltr'>in</span> <span class='ocrx_word' id='word_1_94' title='bbox 979 1286 1153 1334; x_wconf 91' lang='lat' dir='ltr'>papam</span> <span class='ocrx_word' id='word_1_95' title='bbox 1182 1285 1347 1329; x_wconf 90' lang='lat' dir='ltr'>voveo,</span> <span class='ocrx_word' id='word_1_96' title='bbox 1378 1269 1604 1334; x_wconf 80' lang='lat' dir='ltr'>promitto</span> <span class='ocrx_word' id='word_1_97' title='bbox 1633 1273 1680 1317; x_wconf 89' lang='lat' dir='ltr'>et</span> <span class='ocrx_word' id='word_1_98' title='bbox 1702 1269 1811 1333; x_wconf 89' lang='lat' dir='ltr'>juro</span> <span class='ocrx_word' id='word_1_99' title='bbox 1842 1268 2158 1332; x_wconf 82' lang='lat' dir='ltr'>omnipotenti</span> 
     </span>
     <span class='ocr_line' id='line_1_13' title="bbox 378 1351 2153 1418; baseline -0.001 -18"><span class='ocrx_word' id='word_1_100' title='bbox 378 1354 479 1400; x_wconf 91' lang='lat' dir='ltr'>Deo</span> <span class='ocrx_word' id='word_1_101' title='bbox 495 1356 543 1400; x_wconf 90' lang='lat' dir='ltr'>et</span> <span class='ocrx_word' id='word_1_102' title='bbox 564 1353 741 1400; x_wconf 90' lang='lat' dir='ltr'>sanctis</span> <span class='ocrx_word' id='word_1_103' title='bbox 760 1354 989 1417; x_wconf 86' lang='lat' dir='ltr'>apostolis</span> <span class='ocrx_word' id='word_1_104' title='bbox 1012 1355 1113 1418; x_wconf 85' lang='lat' dir='ltr'>ejus</span> <span class='ocrx_word' id='word_1_105' title='bbox 1137 1357 1277 1401; x_wconf 91' lang='lat' dir='ltr'>Petro</span> <span class='ocrx_word' id='word_1_106' title='bbox 1295 1357 1341 1401; x_wconf 91' lang='lat' dir='ltr'>et</span> <span class='ocrx_word' id='word_1_107' title='bbox 1363 1353 1507 1401; x_wconf 90' lang='lat' dir='ltr'>Paulo</span> <span class='ocrx_word' id='word_1_108' title='bbox 1530 1357 1575 1400; x_wconf 90' lang='lat' dir='ltr'>et</span> <span class='ocrx_word' id='word_1_109' title='bbox 1597 1352 1818 1400; x_wconf 89' lang='lat' dir='ltr'>omnihus</span> <span class='ocrx_word' id='word_1_110' title='bbox 1840 1351 1943 1399; x_wconf 82' lang='lat' dir='ltr'>aliis</span> <span class='ocrx_word' id='word_1_111' title='bbox 1958 1351 2153 1412; x_wconf 88' lang='lat' dir='ltr'>sanctis,</span> 
     </span>
     <span class='ocr_line' id='line_1_14' title="bbox 377 1435 2155 1501; baseline 0.001 -18"><span class='ocrx_word' id='word_1_112' title='bbox 377 1451 432 1483; x_wconf 91' lang='lat' dir='ltr'>ac</span> <span class='ocrx_word' id='word_1_113' title='bbox 465 1436 679 1484; x_wconf 90' lang='lat' dir='ltr'>Ecclesie</span> <span class='ocrx_word' id='word_1_114' title='bbox 715 1441 877 1486; x_wconf 91' lang='lat' dir='ltr'>sancte</span> <span class='ocrx_word' id='word_1_115' title='bbox 906 1437 992 1485; x_wconf 92' lang='lat' dir='ltr'>Dei</span> <span class='ocrx_word' id='word_1_116' title='bbox 1025 1438 1227 1501; x_wconf 88' lang='lat' dir='ltr'>prefate,</span> <span class='ocrx_word' id='word_1_117' title='bbox 1256 1437 1435 1495; x_wconf 89' lang='lat' dir='ltr'>facere,</span> <span class='ocrx_word' id='word_1_118' title='bbox 1471 1437 1716 1484; x_wconf 88' lang='lat' dir='ltr'>attendere</span> <span class='ocrx_word' id='word_1_119' title='bbox 1752 1439 1798 1483; x_wconf 91' lang='lat' dir='ltr'>et</span> <span class='ocrx_word' id='word_1_120' title='bbox 1825 1435 2080 1484; x_wconf 86' lang='lat' dir='ltr'>observare</span> <span class='ocrx_word' id='word_1_121' title='bbox 2108 1439 2155 1484; x_wconf 89' lang='lat' dir='ltr'>et</span> 
     </span>
     <span class='ocr_line' id='line_1_15' title="bbox 376 1518 1952 1584; baseline 0 -18"><span class='ocrx_word' id='word_1_122' title='bbox 376 1519 636 1567; x_wconf 86' lang='lat' dir='ltr'>efficaciter</span> <span class='ocrx_word' id='word_1_123' title='bbox 660 1520 920 1584; x_wconf 90' lang='lat' dir='ltr'>adimplere</span> <span class='ocrx_word' id='word_1_124' title='bbox 946 1521 1105 1568; x_wconf 88' lang='lat' dir='ltr'>omnia</span> <span class='ocrx_word' id='word_1_125' title='bbox 1127 1524 1173 1568; x_wconf 91' lang='lat' dir='ltr'>et</span> <span class='ocrx_word' id='word_1_126' title='bbox 1191 1520 1375 1583; x_wconf 83' lang='lat' dir='ltr'>singula</span> <span class='ocrx_word' id='word_1_127' title='bbox 1398 1519 1715 1582; x_wconf 88' lang='lat' dir='ltr'>infrascripta,</span> <span class='ocrx_word' id='word_1_128' title='bbox 1741 1518 1952 1566; x_wconf 91' lang='lat' dir='ltr'>scilicet:</span> 
     </span>
    </p>

    <p class='ocr_par' dir='ltr' id='par_1_5' title="bbox 310 1601 2151 2248">
     <span class='ocr_line' id='line_1_16' title="bbox 438 1601 2148 1667; baseline 0 -17"><span class='ocrx_word' id='word_1_129' title='bbox 438 1605 490 1650; x_wconf 91' lang='lat' dir='ltr'>In</span> <span class='ocrx_word' id='word_1_130' title='bbox 534 1602 700 1666; x_wconf 91' lang='lat' dir='ltr'>primis</span> <span class='ocrx_word' id='word_1_131' title='bbox 745 1604 804 1650; x_wconf 92' lang='lat' dir='ltr'>de</span> <span class='ocrx_word' id='word_1_132' title='bbox 849 1603 1156 1667; x_wconf 86' lang='lat' dir='ltr'>proventibus</span> <span class='ocrx_word' id='word_1_133' title='bbox 1187 1618 1378 1651; x_wconf 89' lang='lat' dir='ltr'>camere</span> <span class='ocrx_word' id='word_1_134' title='bbox 1409 1602 1671 1666; x_wconf 89' lang='lat' dir='ltr'>apostolice</span> <span class='ocrx_word' id='word_1_135' title='bbox 1705 1602 1819 1649; x_wconf 87' lang='lat' dir='ltr'>dare</span> <span class='ocrx_word' id='word_1_136' title='bbox 1860 1605 1909 1650; x_wconf 87' lang='lat' dir='ltr'>et</span> <span class='ocrx_word' id='word_1_137' title='bbox 1943 1601 2148 1661; x_wconf 85' lang='lat' dir='ltr'>solvere,</span> 
     </span>
     <span class='ocr_line' id='line_1_17' title="bbox 310 1676 2151 1736; baseline 0.002 -3"><span class='ocrx_word' id='word_1_138' title='bbox 310 1676 316 1683; x_wconf 75' lang='grc'><strong>’</strong></span> <span class='ocrx_word' id='word_1_139' title='bbox 373 1702 458 1733; x_wconf 91' lang='lat' dir='ltr'>seu</span> <span class='ocrx_word' id='word_1_140' title='bbox 493 1686 593 1734; x_wconf 90' lang='lat' dir='ltr'>dari</span> <span class='ocrx_word' id='word_1_141' title='bbox 635 1691 682 1735; x_wconf 89' lang='lat' dir='ltr'>et</span> <span class='ocrx_word' id='word_1_142' title='bbox 721 1687 836 1736; x_wconf 88' lang='lat' dir='ltr'>solvi</span> <span class='ocrx_word' id='word_1_143' title='bbox 875 1689 1035 1736; x_wconf 84' lang='lat' dir='ltr'>facere</span> <span class='ocrx_word' id='word_1_144' title='bbox 1075 1691 1267 1735; x_wconf 92' lang='lat' dir='ltr'>centum</span> <span class='ocrx_word' id='word_1_145' title='bbox 1306 1688 1516 1735; x_wconf 90' lang='lat' dir='ltr'>florenos</span> <span class='ocrx_word' id='word_1_146' title='bbox 1555 1686 1656 1735; x_wconf 89' lang='lat' dir='ltr'>auri</span> <span class='ocrx_word' id='word_1_147' title='bbox 1696 1687 1754 1734; x_wconf 93' lang='lat' dir='ltr'>de</span> <span class='ocrx_word' id='word_1_148' title='bbox 1796 1702 1989 1735; x_wconf 88' lang='lat' dir='ltr'>camera</span> <span class='ocrx_word' id='word_1_149' title='bbox 2019 1688 2151 1736; x_wconf 90' lang='lat' dir='ltr'>omni</span> 
     </span>
     <span class='ocr_line' id='line_1_18' title="bbox 371 1769 2149 1832; baseline 0.002 -16"><span class='ocrx_word' id='word_1_150' title='bbox 371 1785 538 1817; x_wconf 86' lang='lat' dir='ltr'>mense</span> <span class='ocrx_word' id='word_1_151' title='bbox 563 1770 758 1817; x_wconf 80' lang='lat' dir='ltr'>cuilibet</span> <span class='ocrx_word' id='word_1_152' title='bbox 782 1770 1010 1818; x_wconf 79' lang='lat' dir='ltr'>cardinali</span> <span class='ocrx_word' id='word_1_153' title='bbox 1032 1786 1128 1817; x_wconf 91' lang='lat' dir='ltr'>non</span> <span class='ocrx_word' id='word_1_154' title='bbox 1149 1770 1345 1817; x_wconf 78' lang='lat' dir='ltr'>habenti</span> <span class='ocrx_word' id='word_1_155' title='bbox 1373 1770 1557 1832; x_wconf 86' lang='lat' dir='ltr'>integre</span> <span class='ocrx_word' id='word_1_156' title='bbox 1579 1769 1638 1817; x_wconf 93' lang='lat' dir='ltr'>de</span> <span class='ocrx_word' id='word_1_157' title='bbox 1661 1769 1968 1832; x_wconf 82' lang='lat' dir='ltr'>proventibus</span> <span class='ocrx_word' id='word_1_158' title='bbox 1991 1771 2149 1819; x_wconf 87' lang='lat' dir='ltr'>eccle-</span> 
     </span>
     <span class='ocr_line' id='line_1_19' title="bbox 371 1850 2151 1916; baseline 0.001 -17"><span class='ocrx_word' id='word_1_159' title='bbox 371 1852 573 1899; x_wconf 88' lang='lat' dir='ltr'>siasticis</span> <span class='ocrx_word' id='word_1_160' title='bbox 602 1857 649 1900; x_wconf 91' lang='lat' dir='ltr'>et</span> <span class='ocrx_word' id='word_1_161' title='bbox 677 1851 865 1915; x_wconf 88' lang='lat' dir='ltr'>capitali</span> <span class='ocrx_word' id='word_1_162' title='bbox 889 1851 947 1916; x_wconf 78' lang='lat'>(2)</span> <span class='ocrx_word' id='word_1_163' title='bbox 977 1855 1181 1914; x_wconf 82' lang='lat' dir='ltr'>quatuor</span> <span class='ocrx_word' id='word_1_164' title='bbox 1201 1850 1349 1897; x_wconf 87' lang='lat' dir='ltr'>millia</span> <span class='ocrx_word' id='word_1_165' title='bbox 1369 1850 1664 1897; x_wconf 89' lang='lat' dir='ltr'>florenorum</span> <span class='ocrx_word' id='word_1_166' title='bbox 1687 1850 1953 1910; x_wconf 85' lang='lat' dir='ltr'>annuatim,</span> <span class='ocrx_word' id='word_1_167' title='bbox 1974 1867 2151 1914; x_wconf 90' lang='lat' dir='ltr'>quous-</span> 
     </span>
     <span class='ocr_line' id='line_1_20' title="bbox 372 1933 2150 1999; baseline 0.001 -19"><span class='ocrx_word' id='word_1_168' title='bbox 372 1950 464 1996; x_wconf 87' lang='lat' dir='ltr'>que</span> <span class='ocrx_word' id='word_1_169' title='bbox 492 1935 535 1982; x_wconf 91' lang='lat' dir='ltr'>ei</span> <span class='ocrx_word' id='word_1_170' title='bbox 562 1936 804 1999; x_wconf 91' lang='lat' dir='ltr'>provisum</span> <span class='ocrx_word' id='word_1_171' title='bbox 840 1934 900 1981; x_wconf 90' lang='lat' dir='ltr'>sit</span> <span class='ocrx_word' id='word_1_172' title='bbox 931 1934 989 1980; x_wconf 88' lang='lat' dir='ltr'>de</span> <span class='ocrx_word' id='word_1_173' title='bbox 1024 1933 1151 1981; x_wconf 89' lang='lat' dir='ltr'>dicta</span> <span class='ocrx_word' id='word_1_174' title='bbox 1183 1948 1369 1980; x_wconf 90' lang='lat' dir='ltr'>summa</span> <span class='ocrx_word' id='word_1_175' title='bbox 1401 1933 1451 1979; x_wconf 92' lang='lat' dir='ltr'>in</span> <span class='ocrx_word' id='word_1_176' title='bbox 1481 1933 1764 1992; x_wconf 80' lang='lat' dir='ltr'>redditibus,</span> <span class='ocrx_word' id='word_1_177' title='bbox 1803 1936 1851 1981; x_wconf 89' lang='lat' dir='ltr'>et</span> <span class='ocrx_word' id='word_1_178' title='bbox 1883 1933 2150 1988; x_wconf 81' lang='lat' dir='ltr'>cardinales</span> 
     </span>
     <span class='ocr_line' id='line_1_21' title="bbox 370 2015 2148 2080; baseline 0.001 -16"><span class='ocrx_word' id='word_1_179' title='bbox 370 2034 536 2066; x_wconf 90' lang='lat' dir='ltr'>omnes</span> <span class='ocrx_word' id='word_1_180' title='bbox 564 2019 798 2066; x_wconf 89' lang='lat' dir='ltr'>habentes</span> <span class='ocrx_word' id='word_1_181' title='bbox 826 2032 1128 2080; x_wconf 82' lang='lat' dir='ltr'>quecumque</span> <span class='ocrx_word' id='word_1_182' title='bbox 1155 2015 1393 2064; x_wconf 87' lang='lat' dir='ltr'>beneficia</span> <span class='ocrx_word' id='word_1_183' title='bbox 1426 2015 1754 2064; x_wconf 91' lang='lat' dir='ltr'>ecclesiastica</span> <span class='ocrx_word' id='word_1_184' title='bbox 1788 2016 1935 2064; x_wconf 90' lang='lat' dir='ltr'>etiam</span> <span class='ocrx_word' id='word_1_185' title='bbox 1961 2016 2148 2066; x_wconf 89' lang='lat' dir='ltr'>incom-</span> 
     </span>
     <span class='ocr_line' id='line_1_22' title="bbox 364 2098 2144 2162; baseline 0.001 -15"><span class='ocrx_word' id='word_1_186' title='bbox 364 2101 577 2162; x_wconf 88' lang='lat' dir='ltr'>patibilia</span> <span class='ocrx_word' id='word_1_187' title='bbox 604 2101 653 2148; x_wconf 92' lang='lat' dir='ltr'>in</span> <span class='ocrx_word' id='word_1_188' title='bbox 680 2101 870 2149; x_wconf 89' lang='lat' dir='ltr'>titulum</span> <span class='ocrx_word' id='word_1_189' title='bbox 898 2100 971 2147; x_wconf 90' lang='lat' dir='ltr'>vel</span> <span class='ocrx_word' id='word_1_190' title='bbox 1002 2099 1052 2146; x_wconf 93' lang='lat' dir='ltr'>in</span> <span class='ocrx_word' id='word_1_191' title='bbox 1085 2098 1420 2147; x_wconf 89' lang='lat' dir='ltr'>commendam</span> <span class='ocrx_word' id='word_1_192' title='bbox 1454 2099 1777 2148; x_wconf 88' lang='lat' dir='ltr'>manutenebo</span> <span class='ocrx_word' id='word_1_193' title='bbox 1812 2102 1860 2146; x_wconf 87' lang='lat' dir='ltr'>et</span> <span class='ocrx_word' id='word_1_194' title='bbox 1889 2099 2144 2148; x_wconf 88' lang='lat' dir='ltr'>defendam</span> 
     </span>
     <span class='ocr_line' id='line_1_23' title="bbox 365 2181 1140 2248; baseline 0.004 -20"><span class='ocrx_word' id='word_1_195' title='bbox 365 2181 412 2228; x_wconf 88' lang='lat' dir='ltr'>in</span> <span class='ocrx_word' id='word_1_196' title='bbox 432 2183 738 2246; x_wconf 90' lang='lat' dir='ltr'>possessione</span> <span class='ocrx_word' id='word_1_197' title='bbox 763 2183 822 2248; x_wconf 89' lang='lat'>(3)</span> <span class='ocrx_word' id='word_1_198' title='bbox 843 2183 1140 2231; x_wconf 88' lang='lat' dir='ltr'>eorumdem.</span> 
     </span>
    </p>

    <p class='ocr_par' dir='ltr' id='par_1_6' title="bbox 359 2263 2143 2576">
     <span class='ocr_line' id='line_1_24' title="bbox 428 2263 2142 2329; baseline 0.001 -18"><span class='ocrx_word' id='word_1_199' title='bbox 428 2267 566 2323; x_wconf 90' lang='lat' dir='ltr'>Item,</span> <span class='ocrx_word' id='word_1_200' title='bbox 604 2269 653 2313; x_wconf 94' lang='lat' dir='ltr'>ut</span> <span class='ocrx_word' id='word_1_201' title='bbox 682 2264 799 2312; x_wconf 88' lang='lat' dir='ltr'>mihi</span> <span class='ocrx_word' id='word_1_202' title='bbox 827 2265 886 2312; x_wconf 92' lang='lat' dir='ltr'>ab</span> <span class='ocrx_word' id='word_1_203' title='bbox 913 2264 1084 2313; x_wconf 90' lang='lat' dir='ltr'>iisdem</span> <span class='ocrx_word' id='word_1_204' title='bbox 1112 2264 1431 2313; x_wconf 88' lang='lat' dir='ltr'>cardinalibus</span> <span class='ocrx_word' id='word_1_205' title='bbox 1458 2264 1610 2312; x_wconf 89' lang='lat' dir='ltr'>libera</span> <span class='ocrx_word' id='word_1_206' title='bbox 1634 2264 1916 2328; x_wconf 88' lang='lat' dir='ltr'>perveniant</span> <span class='ocrx_word' id='word_1_207' title='bbox 1942 2263 2002 2329; x_wconf 80' lang='lat'>(4)</span> <span class='ocrx_word' id='word_1_208' title='bbox 2024 2279 2142 2312; x_wconf 87' lang='lat' dir='ltr'>con-</span> 
     </span>
     <span class='ocr_line' id='line_1_25' title="bbox 367 2346 2141 2411; baseline 0 -17"><span class='ocrx_word' id='word_1_209' title='bbox 367 2347 487 2406; x_wconf 90' lang='lat' dir='ltr'>silia,</span> <span class='ocrx_word' id='word_1_210' title='bbox 514 2364 611 2394; x_wconf 90' lang='lat' dir='ltr'>non</span> <span class='ocrx_word' id='word_1_211' title='bbox 638 2362 875 2411; x_wconf 88' lang='lat' dir='ltr'>apponam</span> <span class='ocrx_word' id='word_1_212' title='bbox 902 2363 991 2394; x_wconf 90' lang='lat' dir='ltr'>nec</span> <span class='ocrx_word' id='word_1_213' title='bbox 1019 2363 1107 2410; x_wconf 90' lang='lat' dir='ltr'>per</span> <span class='ocrx_word' id='word_1_214' title='bbox 1133 2348 1405 2411; x_wconf 86' lang='lat' dir='ltr'>quempiam</span> <span class='ocrx_word' id='word_1_215' title='bbox 1439 2347 1614 2410; x_wconf 91' lang='lat' dir='ltr'>apponi</span> <span class='ocrx_word' id='word_1_216' title='bbox 1638 2346 1914 2410; x_wconf 88' lang='lat' dir='ltr'>permittam</span> <span class='ocrx_word' id='word_1_217' title='bbox 1945 2361 2141 2394; x_wconf 87' lang='lat' dir='ltr'>manum</span> 
     </span>
     <span class='ocr_line' id='line_1_26' title="bbox 363 2429 2143 2494; baseline 0.001 -18"><span class='ocrx_word' id='word_1_218' title='bbox 363 2430 411 2476; x_wconf 93' lang='lat' dir='ltr'>in</span> <span class='ocrx_word' id='word_1_219' title='bbox 436 2446 644 2493; x_wconf 88' lang='lat' dir='ltr'>persona</span> <span class='ocrx_word' id='word_1_220' title='bbox 664 2429 735 2478; x_wconf 92' lang='lat' dir='ltr'>vel</span> <span class='ocrx_word' id='word_1_221' title='bbox 763 2431 901 2478; x_wconf 90' lang='lat' dir='ltr'>bonis</span> <span class='ocrx_word' id='word_1_222' title='bbox 929 2431 1131 2494; x_wconf 88' lang='lat' dir='ltr'>alicujus</span> <span class='ocrx_word' id='word_1_223' title='bbox 1166 2447 1224 2478; x_wconf 87' lang='lat' dir='ltr'>ex</span> <span class='ocrx_word' id='word_1_224' title='bbox 1252 2431 1319 2478; x_wconf 91' lang='lat' dir='ltr'>eis</span> <span class='ocrx_word' id='word_1_225' title='bbox 1347 2446 1437 2478; x_wconf 90' lang='lat' dir='ltr'>nec</span> <span class='ocrx_word' id='word_1_226' title='bbox 1464 2430 1643 2492; x_wconf 88' lang='lat' dir='ltr'>aliquid</span> <span class='ocrx_word' id='word_1_227' title='bbox 1669 2430 1718 2476; x_wconf 92' lang='lat' dir='ltr'>in</span> <span class='ocrx_word' id='word_1_228' title='bbox 1747 2445 1914 2477; x_wconf 90' lang='lat' dir='ltr'>eorum</span> <span class='ocrx_word' id='word_1_229' title='bbox 1934 2433 2067 2491; x_wconf 70' lang='lat' dir='ltr'>¹statu</span> <span class='ocrx_word' id='word_1_230' title='bbox 2095 2434 2143 2478; x_wconf 89' lang='lat' dir='ltr'>et</span> 
     </span>
     <span class='ocr_line' id='line_1_27' title="bbox 359 2510 2137 2576; baseline 0.001 -16"><span class='ocrx_word' id='word_1_231' title='bbox 359 2513 629 2576; x_wconf 86' lang='lat' dir='ltr'>provisione</span> <span class='ocrx_word' id='word_1_232' title='bbox 662 2514 855 2562; x_wconf 89' lang='lat' dir='ltr'>mutabo</span> <span class='ocrx_word' id='word_1_233' title='bbox 897 2529 1194 2576; x_wconf 89' lang='lat' dir='ltr'>quacumque</span> <span class='ocrx_word' id='word_1_234' title='bbox 1236 2512 1438 2571; x_wconf 88' lang='lat' dir='ltr'>ratione,</span> <span class='ocrx_word' id='word_1_235' title='bbox 1482 2516 1626 2559; x_wconf 86' lang='lat' dir='ltr'>causa</span> <span class='ocrx_word' id='word_1_236' title='bbox 1659 2510 1718 2576; x_wconf 81' lang='lat'>(5)</span> <span class='ocrx_word' id='word_1_237' title='bbox 1752 2512 1824 2560; x_wconf 91' lang='lat' dir='ltr'>vel</span> <span class='ocrx_word' id='word_1_238' title='bbox 1863 2512 2137 2572; x_wconf 89' lang='lat' dir='ltr'>occasione,</span> 
     </span>
    </p>
   </div>
   <div class='ocr_carea' id='block_1_3' title="bbox 351 2671 2138 3491">
    <p class='ocr_par' dir='ltr' id='par_1_7' title="bbox 354 2671 2138 3017">
     <span class='ocr_line' id='line_1_28' title="bbox 406 2671 2138 2722; baseline 0.001 -13"><span class='ocrx_word' id='word_1_239' title='bbox 406 2673 440 2711; x_wconf 88' lang='lat'>1.</span> <span class='ocrx_word' id='word_1_240' title='bbox 470 2687 489 2706; x_wconf 84' lang='lat'>«</span> <span class='ocrx_word' id='word_1_241' title='bbox 518 2674 567 2710; x_wconf 91' lang='lat' dir='ltr'>At</span> <span class='ocrx_word' id='word_1_242' title='bbox 592 2677 787 2721; x_wconf 85' lang='lat' dir='ltr'>antequam</span> <span class='ocrx_word' id='word_1_243' title='bbox 819 2677 1037 2722; x_wconf 83' lang='lat' dir='ltr'>rogarentur</span> <span class='ocrx_word' id='word_1_244' title='bbox 1070 2674 1115 2711; x_wconf 91' lang='lat' dir='ltr'>de</span> <span class='ocrx_word' id='word_1_245' title='bbox 1144 2673 1228 2711; x_wconf 90' lang='lat' dir='ltr'>novi</span> <span class='ocrx_word' id='word_1_246' title='bbox 1265 2672 1454 2710; x_wconf 82' lang='lat' dir='ltr'>Pontificis</span> <span class='ocrx_word' id='word_1_247' title='bbox 1488 2671 1668 2709; x_wconf 86' lang='lat' dir='ltr'>creatione</span> <span class='ocrx_word' id='word_1_248' title='bbox 1701 2672 1904 2718; x_wconf 72' lang='lat' dir='ltr'>sententiae,</span> <span class='ocrx_word' id='word_1_249' title='bbox 1935 2672 2138 2711; x_wconf 82' lang='lat' dir='ltr'>cardinales</span> 
     </span>
     <span class='ocr_line' id='line_1_29' title="bbox 359 2729 2135 2781; baseline 0.001 -15"><span class='ocrx_word' id='word_1_250' title='bbox 359 2742 432 2767; x_wconf 90' lang='lat' dir='ltr'>non</span> <span class='ocrx_word' id='word_1_251' title='bbox 449 2731 567 2767; x_wconf 87' lang='lat' dir='ltr'>nullas</span> <span class='ocrx_word' id='word_1_252' title='bbox 588 2731 689 2779; x_wconf 83' lang='lat' dir='ltr'>leges</span> <span class='ocrx_word' id='word_1_253' title='bbox 702 2733 834 2780; x_wconf 81' lang='lat' dir='ltr'>parlim</span> <span class='ocrx_word' id='word_1_254' title='bbox 855 2733 901 2769; x_wconf 87' lang='lat' dir='ltr'>ad</span> <span class='ocrx_word' id='word_1_255' title='bbox 923 2745 990 2769; x_wconf 85' lang='lat' dir='ltr'>sua</span> <span class='ocrx_word' id='word_1_256' title='bbox 1010 2733 1178 2781; x_wconf 89' lang='lat' dir='ltr'>augenda</span> <span class='ocrx_word' id='word_1_257' title='bbox 1196 2732 1395 2777; x_wconf 83' lang='lat' dir='ltr'>commoda,</span> <span class='ocrx_word' id='word_1_258' title='bbox 1417 2730 1547 2779; x_wconf 89' lang='lat' dir='ltr'>partim</span> <span class='ocrx_word' id='word_1_259' title='bbox 1567 2731 1614 2767; x_wconf 91' lang='lat' dir='ltr'>ad</span> <span class='ocrx_word' id='word_1_260' title='bbox 1631 2741 1707 2766; x_wconf 87' lang='lat' dir='ltr'>rem</span> <span class='ocrx_word' id='word_1_261' title='bbox 1727 2729 2019 2767; x_wconf 86' lang='lat' dir='ltr'>Ecclesiasticam</span> <span class='ocrx_word' id='word_1_262' title='bbox 2038 2735 2135 2767; x_wconf 87' lang='lat' dir='ltr'>tem—</span> 
     </span>
     <span class='ocr_line' id='line_1_30' title="bbox 355 2789 2132 2841; baseline -0.001 -13"><span class='ocrx_word' id='word_1_263' title='bbox 355 2792 551 2839; x_wconf 86' lang='lat' dir='ltr'>perandam</span> <span class='ocrx_word' id='word_1_264' title='bbox 572 2792 779 2838; x_wconf 88' lang='lat' dir='ltr'>condidere,</span> <span class='ocrx_word' id='word_1_265' title='bbox 800 2793 932 2841; x_wconf 88' lang='lat' dir='ltr'>quibus</span> <span class='ocrx_word' id='word_1_266' title='bbox 954 2804 1088 2829; x_wconf 89' lang='lat' dir='ltr'>novum</span> <span class='ocrx_word' id='word_1_267' title='bbox 1102 2792 1317 2828; x_wconf 84' lang='lat' dir='ltr'>Pontificem</span> <span class='ocrx_word' id='word_1_268' title='bbox 1337 2789 1575 2827; x_wconf 85' lang='lat' dir='ltr'>constrictum</span> <span class='ocrx_word' id='word_1_269' title='bbox 1592 2789 1753 2835; x_wconf 88' lang='lat' dir='ltr'>voluere,</span> <span class='ocrx_word' id='word_1_270' title='bbox 1769 2789 1936 2837; x_wconf 88' lang='lat' dir='ltr'>quamvis</span> <span class='ocrx_word' id='word_1_271' title='bbox 1951 2789 2028 2838; x_wconf 79' lang='lat' dir='ltr'>jam</span> <span class='ocrx_word' id='word_1_272' title='bbox 2047 2794 2132 2827; x_wconf 83' lang='lat' dir='ltr'>ante</span> 
     </span>
     <span class='ocr_line' id='line_1_31' title="bbox 356 2848 2131 2899; baseline 0 -13"><span class='ocrx_word' id='word_1_273' title='bbox 356 2850 402 2886; x_wconf 90' lang='lat' dir='ltr'>ab</span> <span class='ocrx_word' id='word_1_274' title='bbox 422 2851 631 2887; x_wconf 87' lang='lat' dir='ltr'>Innocentio</span> <span class='ocrx_word' id='word_1_275' title='bbox 651 2850 700 2887; x_wconf 93' lang='lat' dir='ltr'>VI</span> <span class='ocrx_word' id='word_1_276' title='bbox 718 2853 897 2888; x_wconf 88' lang='lat' dir='ltr'>sancitum</span> <span class='ocrx_word' id='word_1_277' title='bbox 917 2851 1115 2888; x_wconf 86' lang='lat' dir='ltr'>viderimus</span> <span class='ocrx_word' id='word_1_278' title='bbox 1136 2852 1271 2899; x_wconf 66' lang='lat' dir='ltr'>(Aum,</span> <span class='ocrx_word' id='word_1_279' title='bbox 1296 2855 1384 2887; x_wconf 85' lang='lat' dir='ltr'>tom.</span> <span class='ocrx_word' id='word_1_280' title='bbox 1400 2849 1496 2894; x_wconf 91' lang='lat' dir='ltr'>XVI,</span> <span class='ocrx_word' id='word_1_281' title='bbox 1516 2860 1575 2886; x_wconf 87' lang='lat' dir='ltr'>an.</span> <span class='ocrx_word' id='word_1_282' title='bbox 1594 2849 1681 2886; x_wconf 87' lang='lat' dir='ltr'>Chr.</span> <span class='ocrx_word' id='word_1_283' title='bbox 1704 2849 1811 2895; x_wconf 88' lang='lat'>1353,</span> <span class='ocrx_word' id='word_1_284' title='bbox 1833 2860 1936 2888; x_wconf 89' lang='lat' dir='ltr'>num.</span> <span class='ocrx_word' id='word_1_285' title='bbox 1950 2849 2010 2898; x_wconf 81' lang='lat'>29)</span> <span class='ocrx_word' id='word_1_286' title='bbox 2032 2848 2131 2886; x_wconf 83' lang='lat' dir='ltr'>nulla</span> 
     </span>
     <span class='ocr_line' id='line_1_32' title="bbox 354 2906 2125 2957; baseline 0 -13"><span class='ocrx_word' id='word_1_287' title='bbox 354 2908 512 2945; x_wconf 87' lang='lat' dir='ltr'>humana</span> <span class='ocrx_word' id='word_1_288' title='bbox 526 2914 601 2945; x_wconf 84' lang='lat' dir='ltr'>arte</span> <span class='ocrx_word' id='word_1_289' title='bbox 619 2910 848 2947; x_wconf 85' lang='lat' dir='ltr'>Pontificiam</span> <span class='ocrx_word' id='word_1_290' title='bbox 876 2909 1127 2947; x_wconf 84' lang='lat' dir='ltr'>auctoritatem</span> <span class='ocrx_word' id='word_1_291' title='bbox 1141 2909 1303 2947; x_wconf 86' lang='lat' dir='ltr'>contrahi</span> <span class='ocrx_word' id='word_1_292' title='bbox 1317 2921 1439 2957; x_wconf 84' lang='lat' dir='ltr'>posse,</span> <span class='ocrx_word' id='word_1_293' title='bbox 1455 2919 1572 2956; x_wconf 85' lang='lat' dir='ltr'>neque</span> <span class='ocrx_word' id='word_1_294' title='bbox 1583 2907 1807 2954; x_wconf 87' lang='lat' dir='ltr'>Cardinales,</span> <span class='ocrx_word' id='word_1_295' title='bbox 1823 2907 1989 2944; x_wconf 87' lang='lat' dir='ltr'>Romana</span> <span class='ocrx_word' id='word_1_296' title='bbox 2003 2906 2125 2944; x_wconf 86' lang='lat' dir='ltr'>Eccle-</span> 
     </span>
     <span class='ocr_line' id='line_1_33' title="bbox 354 2967 2075 3017; baseline 0 -14"><span class='ocrx_word' id='word_1_297' title='bbox 354 2967 408 3004; x_wconf 83' lang='lat' dir='ltr'>sia</span> <span class='ocrx_word' id='word_1_298' title='bbox 426 2979 492 3004; x_wconf 88' lang='lat' dir='ltr'>suo</span> <span class='ocrx_word' id='word_1_299' title='bbox 511 2968 659 3005; x_wconf 87' lang='lat' dir='ltr'>viduata</span> <span class='ocrx_word' id='word_1_300' title='bbox 678 2973 839 3017; x_wconf 87' lang='lat' dir='ltr'>pastore,</span> <span class='ocrx_word' id='word_1_301' title='bbox 856 2969 928 3005; x_wconf 88' lang='lat' dir='ltr'>ulla</span> <span class='ocrx_word' id='word_1_302' title='bbox 947 2968 1016 3005; x_wconf 86' lang='lat' dir='ltr'>alia</span> <span class='ocrx_word' id='word_1_303' title='bbox 1035 2973 1218 3017; x_wconf 85' lang='lat' dir='ltr'>potestate</span> <span class='ocrx_word' id='word_1_304' title='bbox 1239 2981 1347 3017; x_wconf 88' lang='lat' dir='ltr'>quam</span> <span class='ocrx_word' id='word_1_305' title='bbox 1368 2969 1414 3005; x_wconf 90' lang='lat' dir='ltr'>ad</span> <span class='ocrx_word' id='word_1_306' title='bbox 1434 2968 1594 3006; x_wconf 87' lang='lat' dir='ltr'>dandum</span> <span class='ocrx_word' id='word_1_307' title='bbox 1614 2969 1692 3006; x_wconf 88' lang='lat' dir='ltr'>orbi</span> <span class='ocrx_word' id='word_1_308' title='bbox 1713 2968 1911 3006; x_wconf 85' lang='lat' dir='ltr'>antistitem</span> <span class='ocrx_word' id='word_1_309' title='bbox 1930 2967 2075 3015; x_wconf 86' lang='lat' dir='ltr'>pollere.</span> 
     </span>
    </p>

    <p class='ocr_par' dir='ltr' id='par_1_8' title="bbox 351 3026 2120 3254">
     <span class='ocr_line' id='line_1_34' title="bbox 401 3026 2120 3076; baseline -0.001 -13"><span class='ocrx_word' id='word_1_310' title='bbox 401 3027 487 3071; x_wconf 83' lang='lat' dir='ltr'>Quae</span> <span class='ocrx_word' id='word_1_311' title='bbox 508 3039 591 3064; x_wconf 90' lang='lat' dir='ltr'>vero</span> <span class='ocrx_word' id='word_1_312' title='bbox 609 3028 710 3076; x_wconf 87' lang='lat' dir='ltr'>leges</span> <span class='ocrx_word' id='word_1_313' title='bbox 730 3028 886 3065; x_wconf 79' lang='lat' dir='ltr'>inventae</span> <span class='ocrx_word' id='word_1_314' title='bbox 907 3027 979 3064; x_wconf 86' lang='lat' dir='ltr'>sint</span> <span class='ocrx_word' id='word_1_315' title='bbox 999 3039 1020 3064; x_wconf 88' lang='lat' dir='ltr'>a</span> <span class='ocrx_word' id='word_1_316' title='bbox 1040 3027 1293 3065; x_wconf 87' lang='lat' dir='ltr'>Cardinalibus</span> <span class='ocrx_word' id='word_1_317' title='bbox 1322 3028 1432 3064; x_wconf 80' lang='lat' dir='ltr'>refert</span> <span class='ocrx_word' id='word_1_318' title='bbox 1449 3028 1722 3066; x_wconf 84' lang='lat' dir='ltr'>accuratissime</span> <span class='ocrx_word' id='word_1_319' title='bbox 1746 3026 1941 3075; x_wconf 78' lang='lat' dir='ltr'>praedictus</span> <span class='ocrx_word' id='word_1_320' title='bbox 1961 3026 2120 3063; x_wconf 88' lang='lat' dir='ltr'>Joannes</span> 
     </span>
     <span class='ocr_line' id='line_1_35' title="bbox 352 3085 2118 3135; baseline 0 -14"><span class='ocrx_word' id='word_1_321' title='bbox 352 3085 599 3133; x_wconf 85' lang='lat' dir='ltr'>Burchardus,</span> <span class='ocrx_word' id='word_1_322' title='bbox 615 3086 895 3134; x_wconf 85' lang='lat' dir='ltr'>Argentinensis</span> <span class='ocrx_word' id='word_1_323' title='bbox 917 3087 1067 3124; x_wconf 88' lang='lat' dir='ltr'>clericus</span> <span class='ocrx_word' id='word_1_324' title='bbox 1089 3088 1159 3135; x_wconf 87' lang='lat' dir='ltr'>(Jo.</span> <span class='ocrx_word' id='word_1_325' title='bbox 1177 3088 1328 3133; x_wconf 88' lang='lat' dir='ltr'>Burch.‚</span> <span class='ocrx_word' id='word_1_326' title='bbox 1350 3089 1444 3124; x_wconf 75' lang='lat' dir='ltr'><em>MSS.</em></span> <span class='ocrx_word' id='word_1_327' title='bbox 1466 3088 1571 3124; x_wconf 74' lang='lat' dir='ltr'>arch.</span> <span class='ocrx_word' id='word_1_328' title='bbox 1601 3089 1679 3124; x_wconf 85' lang='lat' dir='ltr'>Vat.</span> <span class='ocrx_word' id='word_1_329' title='bbox 1698 3087 1786 3133; x_wconf 67' lang='lat' dir='ltr'>siq„</span> <span class='ocrx_word' id='word_1_330' title='bbox 1808 3097 1908 3122; x_wconf 88' lang='lat' dir='ltr'>num.</span> <span class='ocrx_word' id='word_1_331' title='bbox 1930 3086 1986 3131; x_wconf 89' lang='lat'>37,</span> <span class='ocrx_word' id='word_1_332' title='bbox 2001 3096 2037 3133; x_wconf 91' lang='lat' dir='ltr'>p.</span> <span class='ocrx_word' id='word_1_333' title='bbox 2059 3085 2118 3132; x_wconf 87' lang='lat'>75)</span> 
     </span>
     <span class='ocr_line' id='line_1_36' title="bbox 351 3144 2118 3195; baseline 0.001 -16"><span class='ocrx_word' id='word_1_334' title='bbox 351 3145 462 3181; x_wconf 86' lang='lat' dir='ltr'>sacris</span> <span class='ocrx_word' id='word_1_335' title='bbox 483 3146 696 3183; x_wconf 79' lang='lat' dir='ltr'>ceremoniis</span> <span class='ocrx_word' id='word_1_336' title='bbox 716 3146 921 3194; x_wconf 71' lang='lat' dir='ltr'>praefectus,</span> <span class='ocrx_word' id='word_1_337' title='bbox 947 3146 983 3182; x_wconf 90' lang='lat' dir='ltr'>in</span> <span class='ocrx_word' id='word_1_338' title='bbox 1008 3146 1254 3195; x_wconf 87' lang='lat' dir='ltr'>manuscripto</span> <span class='ocrx_word' id='word_1_339' title='bbox 1278 3145 1401 3183; x_wconf 89' lang='lat' dir='ltr'>codice</span> <span class='ocrx_word' id='word_1_340' title='bbox 1422 3146 1602 3184; x_wconf 86' lang='lat' dir='ltr'>Tabularii</span> <span class='ocrx_word' id='word_1_341' title='bbox 1622 3145 1829 3184; x_wconf 84' lang='lat' dir='ltr'>Vaticani...</span> <span class='ocrx_word' id='word_1_342' title='bbox 1856 3146 1970 3193; x_wconf 82' lang='lat' dir='ltr'>(Ann.</span> <span class='ocrx_word' id='word_1_343' title='bbox 1997 3144 2118 3189; x_wconf 73' lang='lat' dir='ltr'>Ech,</span> 
     </span>
     <span class='ocr_line' id='line_1_37' title="bbox 351 3204 813 3254; baseline 0.011 -16"><span class='ocrx_word' id='word_1_344' title='bbox 351 3208 377 3239; x_wconf 80' lang='lat' dir='ltr'>t.</span> <span class='ocrx_word' id='word_1_345' title='bbox 399 3204 514 3250; x_wconf 91' lang='lat' dir='ltr'>XXX,</span> <span class='ocrx_word' id='word_1_346' title='bbox 536 3216 572 3252; x_wconf 94' lang='lat' dir='ltr'>p.</span> <span class='ocrx_word' id='word_1_347' title='bbox 594 3207 654 3252; x_wconf 85' lang='lat'>66,</span> <span class='ocrx_word' id='word_1_348' title='bbox 675 3217 713 3242; x_wconf 74' lang='lat' dir='ltr'>n·</span> <span class='ocrx_word' id='word_1_349' title='bbox 734 3205 813 3254; x_wconf 82' lang='lat'>29.)</span> 
     </span>
    </p>

    <p class='ocr_par' dir='ltr' id='par_1_9' title="bbox 396 3263 1153 3314">
     <span class='ocr_line' id='line_1_38' title="bbox 396 3263 1153 3314; baseline 0.007 -17"><span class='ocrx_word' id='word_1_350' title='bbox 396 3264 432 3298; x_wconf 79' lang='lat'>2.</span> <span class='ocrx_word' id='word_1_351' title='bbox 461 3263 627 3311; x_wconf 85' lang='lat' dir='ltr'>Capitali.</span> <span class='ocrx_word' id='word_1_352' title='bbox 645 3286 692 3292; x_wconf 89' lang='lat'>—-</span> <span class='ocrx_word' id='word_1_353' title='bbox 707 3266 864 3314; x_wconf 85' lang='lat' dir='ltr'>Manque</span> <span class='ocrx_word' id='word_1_354' title='bbox 885 3264 976 3302; x_wconf 87' lang='lat' dir='ltr'>dans</span> <span class='ocrx_word' id='word_1_355' title='bbox 996 3264 1153 3302; x_wconf 85' lang='lat' dir='ltr'>Riualdi.</span> 
     </span>
    </p>

    <p class='ocr_par' dir='ltr' id='par_1_10' title="bbox 397 3322 921 3371">
     <span class='ocr_line' id='line_1_39' title="bbox 397 3322 921 3371; baseline 0.011 -15"><span class='ocrx_word' id='word_1_356' title='bbox 397 3323 430 3357; x_wconf 90' lang='lat'>3.</span> <span class='ocrx_word' id='word_1_357' title='bbox 461 3322 707 3371; x_wconf 83' lang='lat' dir='ltr'>Perceptione.</span> <span class='ocrx_word' id='word_1_358' title='bbox 730 3346 775 3352; x_wconf 91' lang='grc'><strong>-</strong></span> <span class='ocrx_word' id='word_1_359' title='bbox 801 3325 921 3362; x_wconf 87' lang='lat' dir='ltr'>Rinal.</span> 
     </span>
    </p>

    <p class='ocr_par' dir='ltr' id='par_1_11' title="bbox 395 3381 896 3422">
     <span class='ocr_line' id='line_1_40' title="bbox 395 3381 896 3422; baseline 0.012 -7"><span class='ocrx_word' id='word_1_360' title='bbox 395 3382 429 3416; x_wconf 83' lang='lat'>4.</span> <span class='ocrx_word' id='word_1_361' title='bbox 459 3381 688 3420; x_wconf 86' lang='lat' dir='ltr'>Proveniant.</span> <span class='ocrx_word' id='word_1_362' title='bbox 711 3405 755 3411; x_wconf 90' lang='lat'>-—</span> <span class='ocrx_word' id='word_1_363' title='bbox 775 3385 896 3422; x_wconf 85' lang='lat' dir='ltr'>Rinal.</span> 
     </span>
    </p>

    <p class='ocr_par' dir='ltr' id='par_1_12' title="bbox 395 3439 1589 3491">
     <span class='ocr_line' id='line_1_41' title="bbox 395 3439 1589 3491; baseline 0.007 -17"><span class='ocrx_word' id='word_1_364' title='bbox 395 3441 428 3474; x_wconf 91' lang='lat'>5.</span> <span class='ocrx_word' id='word_1_365' title='bbox 457 3439 625 3487; x_wconf 87' lang='lat' dir='ltr'>Ratione,</span> <span class='ocrx_word' id='word_1_366' title='bbox 648 3453 755 3480; x_wconf 85' lang='lat' dir='ltr'>causa</span> <span class='ocrx_word' id='word_1_367' title='bbox 778 3444 833 3480; x_wconf 89' lang='lat' dir='ltr'>vel</span> <span class='ocrx_word' id='word_1_368' title='bbox 854 3445 1080 3491; x_wconf 82' lang='lat' dir='ltr'>auctoritate,</span> <span class='ocrx_word' id='word_1_369' title='bbox 1102 3444 1159 3482; x_wconf 86' lang='lat' dir='ltr'>vel</span> <span class='ocrx_word' id='word_1_370' title='bbox 1178 3441 1380 3483; x_wconf 76' lang='lat' dir='ltr'>occasione.</span> <span class='ocrx_word' id='word_1_371' title='bbox 1402 3466 1448 3471; x_wconf 95' lang='grc'><strong>-</strong></span> <span class='ocrx_word' id='word_1_372' title='bbox 1468 3444 1589 3482; x_wconf 80' lang='lat' dir='ltr'>Rinal.</span> 
     </span>
    </p>
   </div>
  </div>
 </body>
</html>
