2262 3958
339 335 407 370 152
938 323 1169 360 «IOHANNIS
1204 321 1497 367 BURCHARDI,
1774 326 1994 368 [Septembre
2013 328 2103 369 ¹485]

340 435 607 489 incensum,
650 434 695 477 ot
730 426 985 475 incensatis
1019 441 1106 488 per
1138 425 1462 473 celebrantem
1500 426 1687 486 oblatis,
1721 427 1849 475 idem
1877 428 2105 476 assistens

337 516 598 565 incensavit
638 517 815 575 Papam
862 513 1044 557 tantum
1079 526 1088 556 :
1123 509 1200 556 alii
1238 524 1334 555 non
1373 509 1582 568 fuerunt,
1619 514 1666 557 et
1702 511 1843 570 male,
1883 511 2107 574 quoniam

341 603 468 662 Papa
499 614 592 644 non
620 595 811 642 indutus
842 592 1179 656 pontificaliter
1208 591 1516 650 indumentis,
1549 608 1645 640 non
1678 593 1820 641 debet
1846 594 2104 654 incensari,

341 683 452 729 licet
474 679 613 741 aliqui
635 677 795 724 dicant
816 676 942 738 quod
963 675 1054 722 hoc
1088 675 1242 722 solum
1264 690 1426 722 verum
1452 678 1524 722 est
1555 675 1602 721 in
1629 675 1862 739 principio
1893 677 2036 724 misse
2062 679 2110 725 et

344 765 400 811 ad
433 760 726 823 evangelium
754 776 762 806 :
789 759 932 821 igitur
964 774 1132 805 omnes
1158 758 1335 806 debent
1357 757 1594 805 incensari
1616 757 1753 806 sicin
1778 759 1997 807 solemni.

412 845 586 892 Eadem
607 843 700 902 die,
727 842 855 889 circa
875 842 1042 889 horam
1067 841 1326 888 secundam
1345 841 1515 900 noctis,
1541 841 1589 888 in
1605 841 1791 890 civitate
1814 843 2112 892 Urbevetana

343 929 414 976 vel
435 943 602 991 prope,
628 926 743 973 obiit
764 929 929 973 Rmus.
954 925 1003 972 in
1032 925 1216 973 Christo
1239 927 1290 971 P.
1318 927 1374 971 D.
1400 927 1566 972 Petrus
1583 925 1836 972 cardinalis
1857 927 2108 986 Fuscarus,

345 1012 476 1074 cujus
500 997 658 1058 anima
679 1009 949 1071 requiescat
970 1008 1018 1055 in
1039 1023 1175 1071 pace.
1208 1007 1417 1054 Cadaver
1434 1008 1539 1070 ejus
1567 1007 1738 1055 deinde
1761 1008 2008 1056 traslatum
2026 1008 2114 1057 fuit

346 1095 405 1142 ad
428 1095 603 1141 Urbem
633 1096 679 1140 et
711 1092 758 1139 in
788 1091 992 1139 ecclesia
1017 1091 1156 1138 beate
1192 1090 1341 1138 Marie
1369 1090 1427 1138 de
1456 1091 1635 1154 Populo
1665 1091 1713 1138 in
1740 1093 1940 1155 capella,
1973 1107 2115 1155 quam

347 1177 449 1240 ipse
473 1177 559 1223 sibi
581 1179 929 1233 construxerat,
956 1174 1197 1237 sepulture
1220 1173 1445 1221 traditum
1469 1173 1548 1238 (1).

412 1259 549 1307 Feria
584 1259 812 1316 secunda,
850 1261 907 1305 29
941 1257 1054 1304 dicti
1087 1257 1268 1304 mensis
1302 1257 1507 1319 augusti,
1544 1257 1665 1304 festo
1706 1257 2039 1305 decollationis
2073 1273 2112 1304 s.

348 1341 578 1390 Johannis
606 1341 835 1404 Baptiste,
873 1339 1196 1387 anniversario
1234 1339 1574 1402 assumptionis
1605 1340 1688 1386 SS.
1726 1342 1782 1386 D.
1819 1341 1872 1387 N.
1907 1354 2030 1402 pape
2057 1339 2118 1387 ad

350 1426 536 1488 apicem
577 1423 749 1470 summi
793 1422 1103 1485 apostolatus,
1155 1425 1319 1469 RmuS.
1367 1425 1423 1469 D.
1462 1422 1714 1469 cardinalis
1759 1421 2116 1485 Andegavensis

351 1508 602 1571 episcopus
636 1506 939 1563 Albanensis,
987 1505 1243 1552 celebravit
1278 1505 1475 1551 missam
1528 1505 1796 1552 solemnem
1837 1505 1886 1551 in
1937 1505 2122 1568 capella

354 1592 534 1654 majore
557 1589 718 1653 palatii
741 1588 1008 1651 apostolici,
1033 1591 1230 1650 propter
1261 1587 1528 1651 absentiam
1554 1588 1946 1652 presbyterorum
1969 1587 2120 1636 cardi·-

353 1674 530 1720 nalium
554 1687 754 1735 quorum
778 1671 935 1717 nullus
963 1670 1179 1718 interfuit
1199 1674 1361 1733 preter
1382 1670 1646 1718 cardinales
1676 1670 1733 1718 de
1757 1670 2036 1731 Comitihus,
2061 1671 2120 1719 de

356 1756 574 1814 Sabellis,
599 1756 656 1803 de
680 1755 911 1802 Columna
932 1759 978 1801 et
1006 1754 1063 1815 de
1092 1754 1292 1801 Ursinis.
1319 1754 1444 1801 Dixit
1462 1769 1605 1800 unam
1627 1753 1893 1801 orationem
1914 1737 2118 1811 tantum,

355 1839 574 1886 videlicet
599 1856 607 1884 :
633 1838 765 1885 Deus
786 1838 868 1900 qui
893 1837 1031 1884 corda
1056 1837 1289 1900 fidelium,
1328 1836 1517 1883 omissis
1549 1838 1705 1884 verbis
1737 1854 1746 1884 :
1778 1837 2000 1885 hodierna
2027 1837 2118 1895 die,

357 1936 449 1983 que
473 1919 615 1968 etiam
638 1919 685 1965 in
711 1919 976 1981 prefatione
1000 1920 1175 1967 omisit.
1208 1919 1335 1967 Infra
1359 1919 1599 1967 actionem
1620 1915 1717 1968 non
1749 1921 1863 1968 dixit
1879 1921 2123 1984 propriam

358 2019 449 2065 que
472 2018 561 2050 nec
582 2002 724 2049 debet
746 2002 855 2049 dici.
883 2005 1080 2049 Prosam
1099 2003 1317 2064 dixerunt
1338 1996 1558 2050 cantores
1580 2019 1588 2061 ;
1615 2004 1673 2050 ad
1694 2019 1882 2051 versum
1901 2003 2121 2062 Alleluia,

360 2085 639 2149 Papavenit
660 2085 719 2133 ad
741 2085 1074 2144 faldistorium,
1100 2085 1184 2132 sed
1204 2101 1301 2132 non
1321 2085 1681 2150 incepitipsum.
1705 2089 1809 2135 Non
1830 2086 1916 2133 fuit
1937 2100 2120 2145 sermo3

357 2169 448 2216 alia
468 2168 628 2215 omnia
649 2183 782 2215 more
806 2168 944 2215 solito
968 2172 1077 2215 sunt
1102 2168 1367 2216 observata.

426 2251 562 2298 FerIa
584 2251 765 2313 quinta,
792 2254 818 2298 8
848 2251 1027 2298 mensis
1063 2251 1366 2314 septembris,
1403 2253 1486 2299 SS.
1525 2254 1581 2299 D.
1617 2255 1672 2301 N.
1708 2252 1757 2300 in
1785 2255 1952 2299 manto
1983 2266 2127 2315 *supra

362 2335 614 2381 rochetum
642 2334 820 2394 absque
849 2350 1012 2392 cruce,
1045 2334 1145 2382 sine
1167 2334 1323 2396 aliquo
1352 2335 1609 2394 cardinale,
1637 2336 1830 2399 prelatis
1851 2335 2127 2384 domesticis

363 2417 518 2479 ipsum
548 2419 732 2463 tantum
770 2417 1135 2474 associantibus,
1174 2417 1305 2463 venit
1347 2418 1405 2464 ad
1434 2418 1666 2480 capellam
1698 2407 2016 2481 supradictam
2047 2417 2127 2466 ubi

363 2500 558 2546 missam
579 2499 817 2561 publicam
836 2515 976 2561 quam
999 2503 1053 2546 R.
1081 2502 1131 2546 P.
1158 2502 1214 2546 D.
1238 2500 1482 2547 Johannes
1499 2501 1753 2564 episcopus
1774 2499 2128 2563 Strungulensis

364 2581 700 2646 pontificaliter
715 2582 986 2630 celebravit.
1013 2582 1150 2630 Dicta
1170 2582 1388 2645 epistola,
1415 2583 1539 2630 venit
1566 2585 1625 2631 ad
1649 2584 1869 2631 eamdem
1896 2582 2130 2645 capellam

367 2669 528 2713 Rmus.
551 2668 608 2712 D.
633 2664 886 2712 cardinalis
915 2681 950 2711 s.
980 2664 1148 2727 Angeli
1178 2665 1255 2726 qui
1288 2664 1393 2712 heri
1428 2665 1489 2712 ad
1524 2666 1702 2713 Urbem
1734 2652 1952 2714 reversus
1980 2668 2052 2713 est
2083 2668 2131 2713 et

367 2748 604 2795 osculatus
645 2751 717 2794 est
749 2747 921 2810 pedem
954 2750 1000 2794 et
1032 2763 1226 2794 manum
1274 2750 1404 2810 Pape.
1437 2764 1452 2795 :⁴
1482 2748 1652 2796 deinde
1688 2749 1816 2796 solus
1855 2748 1904 2795 in
1940 2747 2130 2796 bancho

368 2831 679 2879 cardinalium
701 2830 838 2889 sedit,
859 2829 1071 2893 porrexit
1090 2829 1263 2876 librum
1285 2834 1392 2893 post
1415 2831 1713 2894 evangelium
1746 2835 1875 2895 Pape
1910 2830 2130 2879 osculan-
2181 2882 2185 2884 μ

369 2915 480 2963 dum
503 2913 765 2962 secundum
790 2928 977 2974 pacem,
1021 2916 1067 2958 et
1103 2917 1210 2973 post
1241 2912 1534 2960 offertorium
1562 2914 1721 2976 posuit
1752 2914 2013 2962 naviculam
2042 2927 2128 2976 pro

367 2999 564 3045 incenso
604 2995 912 3058 imponendo,
962 2994 1242 3042 ministravit
1273 3010 1326 3043 ac
1359 2996 1637 3058 pontificem
1672 2996 1827 3060 ipsum
1867 2994 2129 3043 incensavit

367 3085 474 3144 post
496 3080 652 3127 oblata
674 3082 719 3126 et
741 3077 1063 3125 celebrantem
1086 3077 1330 3126 diaconus.
1345 3080 1396 3124 In
1411 3077 1501 3124 hac
1523 3079 1685 3137 missa,
1706 3078 1866 3125 omnia
1880 3079 2129 3126 observata
2203 3119 2205 3121 ,

366 3166 572 3222 fuorunt,
594 3179 684 3226 que
708 3162 925 3225 superius
948 3162 993 3208 in
1018 3162 1093 3208 die
1115 3160 1450 3222 assumptionis
1473 3160 1610 3209 beate
1633 3161 1781 3208 Marie
1803 3161 1997 3224 virginis
2020 3163 2128 3207 sunt

367 3252 545 3295 notata.

417 3368 449 3402 1.
480 3368 598 3404 Picrre
613 3370 783 3414 Foscaro,
805 3369 941 3404 illustre
961 3380 1026 3417 par
1046 3380 1086 3404 sa
1106 3368 1199 3415 piete
1218 3371 1254 3403 et
1271 3378 1311 3402 sa
1333 3366 1485 3414 seleuce,
1507 3367 1603 3403 futle
1626 3367 1700 3403 seul
1723 3367 1784 3415 qui
1803 3367 1923 3404 refusa
1942 3366 1987 3402 de
2007 3365 2130 3414 signer

369 3426 420 3461 les
441 3427 581 3463 articles
602 3428 758 3475 imposes
778 3440 842 3475 par
861 3429 913 3464 les
935 3429 1140 3466 Cardinaux
1161 3438 1204 3463 au
1228 3427 1324 3463 futur
1343 3427 1455 3473 Pape.
1477 3427 1569 3474 Voy.
1591 3427 1672 3475 plus
1692 3428 1884 3475 hautpage
1903 3428 1960 3464 33.
