2262 3958
165 299 375 345 [novembre
395 297 488 339 1489]
606 294 775 333 RERUM
807 291 1114 331 URBANARUM
1147 290 1499 330 COMMENTARII.
1881 294 1951 330 :375

162 419 285 469 gens
299 399 517 453 custodie
538 399 701 465 palatii
719 402 767 448 et
788 396 1124 463 gubernatoris
1145 397 1240 445 hoc
1262 411 1404 445 mane
1426 398 1609 445 armata
1630 395 1762 459 quod
1784 394 1822 443 si
1844 394 1948 460 ipse

159 484 551 551 archiepiscopus
573 484 632 532 ad
655 483 886 548 palatium
913 480 1075 531 venire
1106 483 1372 539 recusaret,
1405 480 1566 546 ipsum
1591 483 1777 528 armata
1794 495 1943 528 manu

156 570 391 621 ducerent
408 554 628 618 custodie
650 567 1043 632 mancipandum.

222 652 479 706 Dominica
512 652 666 719 prima
703 651 954 709 adventus,
999 653 1059 698 29
1092 649 1387 709 novembriS,
1424 652 1486 698 R.
1531 652 1581 698 P.
1625 651 1680 697 D.
1719 647 1946 697 Nicolaus

156 738 274 789 Cibo
306 736 703 803 archiepiscopus
736 732 1034 783 Arelatensis
1062 733 1295 782 assistens
1326 733 1583 782 celebravit
1617 733 1818 781 missam
1855 749 1945 796 pu-

155 822 332 872 blicam
351 821 402 870 in
420 821 607 886 capella
633 821 818 885 majore
845 818 1007 884 palatii
1037 816 1291 882 apostolici
1322 817 1450 880 apud
1485 833 1523 864 s.
1562 819 1778 877 Petrum,
1817 819 1946 880 Papa

94 948 99 953 .
154 909 400 972 presente.
432 903 560 954 Dixit
585 909 792 968 quatuor
821 902 1065 952 orationes
1093 905 1142 950 et
1169 900 1262 949 alia
1297 899 1461 948 omnia
1492 915 1628 949 more
1663 900 1804 949 solito
1836 904 1945 948 sunt

154 990 422 1040 observata.
452 990 741 1038 Sermonem
768 987 884 1036 fecit
910 992 1195 1052 procurator
1222 984 1404 1033 ordinis
1426 984 1808 1049 predicatorum.

218 1073 359 1124 Feria
386 1073 620 1133 secunda,
653 1075 714 1121 30
749 1072 863 1120 dicti
898 1071 1081 1121 mensis
1111 1069 1404 1130 novembriS,
1438 1069 1616 1118 festum
1653 1085 1692 1117 s.
1729 1069 1941 1127 Andree,

151 1161 207 1209 R.
229 1160 284 1208 P.
307 1159 366 1207 D.
389 1156 638 1206 Johannes
657 1156 913 1222 episcopus
931 1154 1255 1205 Tornacensis
1278 1153 1537 1203 celebravit
1550 1153 1750 1202 missam
1769 1153 1944 1202 solem-

153 1256 266 1292 nem
284 1225 335 1291 in
355 1240 542 1306 capella
569 1244 847 1289 sanctorum
877 1239 1096 1305 Gregorii
1128 1242 1175 1288 et
1200 1237 1395 1287 Andree
1424 1237 1473 1285 in
1500 1237 1699 1287 basilica
1723 1255 1761 1287 S.
1792 1238 1937 1298 Petri,

150 1329 280 1393 Papa
313 1315 540 1392 presente
574 1329 623 1374 et
650 1325 970 1374 cardinalibus
998 1341 1008 1373 z
1041 1324 1158 1373 dixit
1186 1327 1377 1372 tantum
1409 1338 1557 1371 unam
1595 1322 1863 1373 orationem
1894 1328 1942 1372 et

150 1410 244 1460 alia
269 1425 404 1460 more
430 1410 589 1459 solito·
617 1413 724 1460 Non
750 1409 840 1458 fuit
869 1424 1049 1458 sermo.
1077 1407 1226 1456 Missa
1252 1407 1406 1467 finita,
1438 1410 1534 1455 tres
1563 1406 1784 1455 canonici
1814 1406 1940 1456 dicte

148 1492 347 1543 basilice
369 1493 451 1558 qui
470 1497 581 1558 post
607 1493 1004 1542 communionem
1027 1509 1171 1557 supra
1192 1491 1253 1541 ad
1273 1491 1555 1556 pinaculum
1579 1490 1744 1539 altaris
1767 1506 1940 1540 ascen·

148 1577 338 1639 derant,
352 1577 694 1650 benedictione
711 1593 800 1642 per
817 1580 999 1643 Papam
1021 1577 1150 1636 data,
1166 1577 1488 1625 ostenderunt
1507 1578 1651 1640 caput
1671 1592 1708 1624 S.
1724 1575 1936 1635 Andree,

150 1663 282 1727 Papa
323 1661 373 1710 in
403 1661 674 1711 faldistorio
720 1661 846 1709 intra
883 1661 1062 1710 dictam
1108 1662 1343 1726 capellam
1391 1666 1502 1710 ante
1548 1661 1726 1710 ostium
1758 1661 1936 1726 posito,

92 1746 104 1751 ”
146 1748 255 1796 Non
270 1745 388 1811 petii
405 1761 433 1794 a
454 1749 584 1811 Papa
608 1745 931 1809 indulgentias
952 1761 1040 1810 pro
1063 1761 1122 1795 eo
1148 1747 1278 1810 quod
1304 1746 1519 1811 plenarie
1549 1749 1659 1794 sunt
1679 1761 1769 1810 per
1785 1745 1940 1794 felicis

146 1829 499 1901 recordationis
528 1830 667 1879 Pium
693 1845 868 1894 papam
906 1829 1175 1878 secundum
1210 1829 1511 1879 visitantibus
1553 1845 1808 1890 concesse,
1850 1830 1936 1877 SS.

145 1917 203 1966 D.
253 1919 423 1965 nostro
459 1915 507 1964 id
549 1913 668 1963 mihi
702 1913 915 1963 dicente.
952 1913 1170 1963 Ostensis
1217 1914 1430 1978 reliquiis
1467 1913 1718 1979 predictiS,
1753 1915 1837 1962 SS.
1874 1916 1932 1961 D.

144 2002 313 2048 noster
341 1998 482 2048 rediit
511 1998 562 2047 in
594 1998 714 2047 sella
742 1999 916 2047 sedens
951 1999 1012 2047 ad
1038 1998 1288 2062 palatium,
1328 1998 1597 2048 licenciatis
1629 1997 1718 2046 sub
1749 1998 1937 2063 porticu

143 2081 276 2132 dicte
319 2081 518 2131 basilice
559 2081 902 2131 cardinalibus
944 2083 1138 2146 Capella
1167 2082 1386 2148 predicta
1419 2083 1507 2131 fuit
1540 2083 1761 2132 ordinata
1791 2087 1935 2147 prout

145 2164 281 2227 alias,
305 2170 510 2230 excepto
523 2166 654 2230 quod
674 2181 891 2214 scamma
904 2182 992 2230 pro
1009 2166 1344 2215 assistentibus
1365 2167 1584 2230 pontifici
1606 2167 1667 2215 ad
1688 2167 1937 2216 dexteram

143 2253 273 2317 Pape
293 2250 419 2301 inter
438 2267 558 2311 ,eum
586 2255 633 2300 et
663 2251 814 2300 altare
845 2252 1002 2316 majus
1032 2255 1198 2300 tamen
1230 2268 1376 2316 supra
1406 2267 1493 2300 seu
1529 2255 1658 2300 retro
1689 2251 1857 2311 altare,
1889 2254 1936 2299 et

144 2340 272 2386 retro
305 2335 588 2385 assistentes
623 2341 758 2385 erant
802 2352 1020 2385 scamma
1062 2353 1150 2401 pro
1192 2337 1466 2386 oratoribus
1500 2335 1652 2384 muris
1686 2335 1931 2399 contigua.

142 2423 310 2471 RmuS.
348 2423 407 2470 D.
452 2420 792 2470 Ulixbonensis
837 2404 943 2471 vice
988 2421 1122 2486 prior
1166 2422 1565 2486 presbyterorum
1615 2420 1934 2470 cardinalium

141 2503 374 2554 assistens
393 2504 549 2554 noluit
569 2505 797 2555 assistere
819 2505 868 2554 in
891 2506 1102 2555 scabello
1127 2505 1268 2554 solito
1297 2505 1428 2570 quod
1455 2505 1516 2554 ad
1536 2505 1786 2555 dexteram
1805 2508 1933 2569 Pape

141 2587 508 2650 collocaveram,
541 2590 627 2639 sed
652 2590 779 2640 inter
805 2590 925 2639 alios
960 2590 1270 2656 presbyteros
1295 2590 1343 2638 in
1377 2590 1519 2639 solito
1543 2590 1652 2639 loco
1680 2606 1766 2638 suo
1789 2590 1928 2650 sedit,

143 2671 316 2722 exinde
340 2673 540 2722 veniens
564 2675 626 2723 ad
651 2674 1023 2724 ministrandum
1052 2674 1325 2724 naviculam
1349 2674 1565 2739 pontifici
1590 2675 1786 2739 quando
1813 2678 1934 2725 tem-

142 2772 233 2822 pus
253 2761 358 2806 erat
378 2762 426 2806 et
453 2757 822 2809 incensandum.
859 2759 1126 2824 Episcopus
1164 2763 1212 2808 et
1237 2758 1508 2824 presbyteri
1546 2759 1817 2808 cardinales
1851 2759 1932 2823 qui

142 2840 193 2889 in
212 2840 370 2905 primo
390 2841 545 2890 banco
567 2847 705 2891 erant
725 2843 845 2892 citra
868 2844 1044 2892 ostium
1075 2843 1260 2908 capelle
1291 2859 1390 2891 non
1412 2847 1664 2903 venerunt,
1695 2843 1756 2892 ad
1773 2843 1931 2892 circu-

143 2923 264 2985 lum,
308 2925 396 2974 sed
427 2925 584 2974 solum
621 2926 680 2975 de
720 2927 888 2975 bancis
930 2928 1307 2987 descenderunt,
1356 2931 1404 2976 et
1438 2928 1712 2993 presbyteri
1754 2928 1834 2991 qui
1882 2927 1929 2974 in

147 3009 367 3073 sequenti
392 3009 547 3058 banco
569 3015 708 3060 erant
731 3026 843 3060 cum
864 3011 1081 3060 diaconis
1105 3017 1356 3072 venerunt,
1378 3015 1423 3060 et
1442 3012 1676 3060 circulum
1699 3028 1809 3060 cum
1839 3011 1931 3059 illis

146 3093 206 3142 de
235 3092 393 3158 primo
432 3094 590 3143 banco
625 3095 849 3145 fecerunt
887 3112 1024 3146 more
1058 3097 1218 3145 solito.
1261 3097 1571 3157 Subdiaconi,
1606 3096 1850 3145 auditores
1886 3099 1934 3144 et

145 3177 357 3243 acolythi
396 3178 628 3228 sederunt
665 3180 714 3228 in
754 3184 884 3230 terra
922 3181 970 3229 in
1016 3182 1172 3230 banco
1201 3182 1521 3231 cardinalium
1550 3182 1687 3245 juxta
1718 3179 1934 3228 medium

144 3262 355 3327 capelle;
390 3265 572 3311 etcum
594 3264 863 3314 cardinales
894 3267 1132 3314 venerunt
1166 3264 1226 3312 ad
1259 3264 1511 3323 circulum,
1545 3268 1932 3312 retrocesserunt

143 3351 280 3395 extra
322 3345 575 3395 circulum.
630 3348 960 3398 Cubicularius
1011 3352 1248 3408 secretus,
1291 3347 1480 3396 auditor
1519 3347 1578 3395 de
1613 3347 1773 3407 mitra,
1814 3346 1933 3396 certi

142 3430 353 3495 acolythi
383 3434 431 3479 et
464 3431 713 3479 secretarii
761 3432 958 3495 quidam
992 3432 1224 3482 sederunt
1261 3432 1321 3480 ad
1356 3432 1604 3481 dexteram
1639 3434 1767 3495 Pape
1804 3430 1935 3479 circa
