2262 3958
353 275 423 310 442
961 246 1194 307 JoflA‘NNJs
1227 270 1519 318 eunomiam,
1857 274 2012 316 [sanvier
2031 275 2124 318 1492]

350 373 570 422 intrantis
599 373 780 420 dictum
812 373 1012 420 chorum
1044 378 1187 435 prout
1222 371 1337 419 alias
1377 388 1463 435 pro
1497 376 1719 424 omnibus
1747 375 1926 424 ibidem
1956 378 2122 438 parata

353 460 504 515 erant,
536 460 582 504 et
608 455 700 503 alia
721 459 925 518 quatuor
964 455 1023 502 ab
1063 453 1200 503 altari
1236 455 1421 518 maj0re
1458 460 1591 504 extra
1619 457 1743 506 illius
1777 457 2044 506 cancellum
2073 456 2120 504 in

352 554 503 587 cornu
519 538 767 601 evangelii,
781 536 916 586 ‘recta
926 537 1053 586 linea
1066 553 1231 586 versus
1245 545 1435 602 portam
1448 539 1626 587 ibidem
1640 556 1649 598 ;
1667 541 1751 588 sed
1764 545 1916 589 totum
1929 541 2126 604 planum

351 622 512 670 altaris
532 637 682 684 usque
701 621 761 668 ad
781 620 991 684 primum
1013 621 1214 684 gradum
1246 621 1295 668 in
1318 621 1523 670 ecclesia
1552 621 1926 671 descendentem
1949 623 2123 688 ligneis

350 704 473 752 foliis
494 703 687 751 munitis
710 708 757 751 et
778 703 958 751 ornatis
982 703 1199 751 clausum
1231 708 1334 752 erat
1361 709 1406 751 et
1439 705 1498 752 ab
1523 705 1660 753 altari
1685 705 1857 753 eodem
1889 722 2040 768 usque
2062 706 2124 754 ad

351 787 553 835 chorum
577 789 704 850 Pape
722 786 867 850 panni
891 786 1064 834 virides
1087 787 1217 834 strati
1241 791 1384 851 etper
1397 791 1550 836 totum
1565 789 1768 837 chorum
1786 791 1932 852 Pape,
1956 789 2004 836 in
2026 805 2123 854 quo

355 870 584 919 sederunt
618 869 919 929 subdiaconi,
953 870 1214 928 auditores,
1248 870 1408 919 clerici
1438 886 1646 931 camere,
1677 871 1904 934 acolythi,
1932 871 2128 920 cubicu-

347 952 470 1012 larii,
497 951 729 1011 advocati,
756 951 1020 1011 secretarii,
1050 957 1387 1015 procuratores
1421 955 1660 1003 ordinum.
1694 954 1768 1002 Ad
1795 954 1968 1003 solium
1994 957 2122 1020 Pape

351 1039 589 1084 steterunt
621 1036 717 1083 dux
752 1037 888 1094 Sore,
926 1035 1207 1083 Franciscus
1242 1035 1355 1084 Cibo
1389 1035 1516 1083 filius
1558 1040 1704 1101 Pape,
1746 1041 1940 1084 senator
1973 1042 2020 1085 et
2049 1037 2127 1085 alii

350 1117 536 1166 nobiles
555 1132 687 1164 more
712 1117 869 1166 solito.
896 1119 1091 1165 Missam
1114 1118 1319 1166 cantavit
1347 1121 1511 1166 Rmus.
1535 1120 1790 1183 episcopus
1812 1120 2123 1168 Prenestinus

349 1199 604 1248 cardinalis
624 1215 660 1247 S.
691 1201 863 1263 Angeli
898 1205 944 1249 et
977 1200 1066 1248 fuit
1099 1215 1182 1247 sua
1204 1201 1359 1264 prima
1386 1202 1532 1249 missa
1564 1202 1614 1249 in
1646 1206 1787 1250 cantu
1813 1222 1822 1250 ι
1849 1218 1946 1265 qua
1965 1202 2118 1263 finita,

349 1282 609 1347 publicavit
645 1283 885 1346 plenarias
924 1283 1247 1346 indulgentias
1285 1299 1373 1346 per
1402 1286 1580 1347 Papam
1616 1300 1702 1347 per
1733 1283 1964 1347 primitias
2014 1300 2124 1333 suas

349 1365 627 1430 hujusmodi
649 1366 828 1429 populo
850 1381 1123 1414 concessaS.
1153 1367 1438 1414 Sermonem
1464 1366 1623 1414 facere
1652 1366 1816 1414 debuit
1835 1371 2127 1429 procurator

350 1448 530 1496 ordinis
562 1465 806 1498 servorum
828 1450 966 1499 beate
996 1448 1143 1496 Marie
1176 1447 1400 1511 virginis,
1426 1448 1510 1495 sed
1543 1463 1639 1496 non
1670 1448 1784 1496 fecit
1804 1463 1864 1496 ex
1892 1448 2119 1498 mandato

347 1535 473 1596 Pape
496 1532 606 1595 quia
623 1533 760 1581 tarda
791 1534 914 1581 hora
947 1536 1064 1580 erat.
1098 1534 1327 1580 Cantores
1359 1535 1598 1578 steterunt
1629 1546 1775 1594 supra
1810 1530 1987 1579 voltam
2019 1531 2119 1580 sive

347 1614 587 1663 tribunam
610 1631 759 1680 prope
782 1632 1017 1680 organum
1039 1615 1342 1673 existentem,
1358 1614 1468 1661 data
1479 1613 1817 1662 benedictione
1832 1629 1919 1678 per
1937 1617 2116 1679 Papam

347 1704 393 1746 et
423 1698 730 1762 indulgentiis
762 1699 1035 1763 publicatis.
1070 1697 1328 1746 Celebrans
1363 1701 1410 1744 et
1441 1696 1647 1744 ministri
1682 1696 1755 1744 sui
1788 1697 2116 1760 deposuerunt

349 1797 510 1830 sacras
530 1786 685 1830 vestes
709 1798 767 1830 ex
789 1783 1021 1831 bruchato
1043 1796 1190 1829 aureo
1212 1780 1483 1829 cremesino
1507 1777 1778 1828 richissimo
1799 1784 2046 1828 contextas
2067 1785 2115 1829 et

349 1864 596 1912 confectas
619 1881 736 1928 quas
757 1881 926 1913 omnes
951 1880 1061 1913 cum
1089 1864 1293 1922 amictis,
1317 1863 1455 1923 albis,
1485 1863 1637 1922 stolis,
1665 1863 1941 1927 manipulis,
1965 1864 2115 1912 nihilo

349 1948 566 2011 dempto,
590 1947 752 1995 clerici
775 1963 884 1996 cum
902 1947 1120 2011 primatis
1139 1946 1322 2010 capelle
1343 1951 1507 1994 nostre
1523 1951 1785 2009 posuerunt
1807 1961 1951 2009 supra
1971 1946 2120 1994 altare

348 2034 399 2078 ut
432 2046 576 2094 super
610 2031 813 2093 gradum
852 2036 962 2079 ante
996 2031 1113 2078 illud
1155 2049 1164 2078 :
1201 2046 1292 2094 que
1320 2030 1482 2077 omnia
1511 2027 1682 2076 obtulit
1715 2030 1801 2076 SS.
1824 2029 2056 2092 pontifex>
2076 2034 2120 2078 et

349 2113 574 2161 donnavit
591 2118 638 2161 et
658 2114 837 2161 dimisit
854 2114 1052 2163 basilice
1082 2113 1321 2178 predicte;
1353 2113 1525 2161 deinde
1548 2113 1674 2160 facta
1700 2112 1874 2160 iterum
1901 2112 2116 2160 oratione

348 2201 458 2246 ante
480 2196 628 2245 altare
645 2201 692 2245 et
710 2196 921 2245 dimissis
942 2197 1122 2245 ibidem
1143 2196 1333 2260 pluviali
1356 2199 1403 2244 et
1424 2196 1562 2255 stola,
1589 2197 1776 2260 accepit
1801 2196 2118 2260 capuccinum

349 2280 509 2328 album
532 2284 578 2328 et
594 2280 802 2344 desuper
832 2280 1004 2328 stolam
1033 2295 1091 2328 ex
1117 2280 1282 2343 perlis,
1308 2282 1355 2326 et
1375 2279 1435 2326 ad
1461 2278 1691 2342 palatium
1712 2280 1839 2343 apud
1860 2296 1898 2327 s.
1924 2282 2119 2328 Petrum

350 2378 567 2411 reversus
585 2367 658 2412 est
678 2379 765 2427 per
780 2364 901 2411 viam
911 2380 1078 2412 versus
1101 2380 1140 2411 s.
1164 2363 1434 2411 ,Iohannem
1453 2368 1500 2410 et
1518 2362 1735 2422 Paulum,
1756 2379 1793 2410 s.
1814 2363 2116 2426 Gregorium,

350 2463 389 2494 S.
412 2446 561 2493 Marie
582 2446 631 2493 in
651 2447 863 2505 Porticu,
882 2450 1078 2494 stratam
1091 2449 1114 2492 J
1122 2446 1351 2493 udeorum
1375 2449 1421 2492 et
1440 2460 1663 2507 campum
1676 2445 1815 2492 Flore
1831 2461 1840 2503 ;
1858 2449 1991 2492 extra
2004 2460 2118 2508 por—

352 2533 448 2576 tam
470 2528 612 2575 castri
632 2544 670 2576 s,
694 2528 882 2592 Angeli,
906 2529 999 2577 hoc
1021 2533 1093 2576 est
1113 2528 1239 2576 inter
1260 2531 1469 2574 castrum
1492 2531 1544 2575 et*
1557 2527 1804 2590 palatium,
1827 2530 1956 2591 Papa
1987 2527 2118 2575 dedit
2180 2572 2184 2575 .

349 2610 595 2658 licentiam
618 2610 957 2659 cardinalibus.
973 2614 1185 2661 Venerat
1206 2614 1366 2657 autem
1395 2613 1523 2673 Papa
1539 2625 1625 2673 per
1643 2609 1767 2657 viam
1794 2610 1853 2657 de
1874 2610 2112 2669 Maximis,

351 2710 389 2741 s.
411 2696 642 2753 Marcum,
664 2710 703 2742 s.
721 2694 1000 2752 Adrianum,
1019 2694 1260 2741 Coliseum
1275 2693 1333 2740 ad
1353 2693 1595 2740 sinistram
1610 2692 1873 2752 dimittens,
1891 2708 1979 2756 per
1991 2693 2115 2742 viam

350 2777 430 2825 ubi
453 2777 644 2840 papisse
676 2777 835 2840 imago
864 2778 1099 2825 collocata
1128 2782 1217 2836 est,
1249 2776 1304 2824 ad
1331 2775 1579 2823 basilicam
1605 2775 1866 2838 portandus
1893 2775 1954 2823 ad
1973 2791 2115 2839 quam

347 2877 435 2925 per
450 2866 637 2925 portam
660 2877 810 2925 prope
832 2862 981 2909 altare
1004 2862 1159 2925 majus
1188 2854 1397 2908 introivit
1418 2859 1615 2922 pallium
1642 2859 1804 2906 altaris
1822 2859 1985 2922 (etiam
2013 2863 2116 2908 erat

346 2944 405 2992 de
435 2943 705 3009 bruchato),
738 2944 867 3007 quod
903 2943 1122 2990 similiter
1154 2942 1367 3006 pontifex
1397 2941 1553 2988 eidem
1575 2940 1777 2988 ecclesie
1801 2940 2006 2989 donavit.

412 3027 551 3074 Feria
571 3030 723 3085 sexta,
749 3029 806 3073 27
830 3025 1010 3074 mensis
1027 3025 1252 3088 januarii,
1277 3025 1326 3071 in
1347 3028 1534 3071 secreto
1557 3023 1860 3082 consistori0‚
1875 3023 2116 3087 publicata

345 3114 392 3158 et
430 3110 657 3158 conclusa
677 3110 763 3158 fuit
784 3125 877 3173 pax
897 3110 1022 3157 inter
1043 3109 1397 3157 sanctissimum
1432 3106 1679 3154 dominum
1706 3111 1923 3155 nostrum
1944 3123 2115 3171 papam

344 3197 389 3239 et
412 3192 540 3240 Illus.
567 3192 920 3241 Ferdinandum
943 3207 1108 3255 regem
1130 3190 1510 3254 Neapolitanum.

410 3274 549 3322 Feria
569 3274 750 3337 quinta,
776 3277 803 3321 2
824 3274 1005 3321 mensis
1027 3273 1271 3331 februarii,
1295 3271 1416 3319 festo
1437 3270 1782 3333 purificationis
1806 3270 1948 3319 beate
1969 3269 2114 3318 Marie

342 3355 556 3418 virginis,
590 3357 674 3404 SS.
707 3359 763 3404 D.
795 3359 850 3404 N.
880 3360 1072 3418 paratus
1111 3371 1245 3402 more
1277 3353 1416 3401 solito
1452 3354 1581 3401 venit
1611 3353 1670 3400 ad
1701 3353 1932 3416 capellam
1968 3351 2116 3415 maj0-
