2262 3958
175 301 399 347 [septembre
414 300 505 343 1484]
631 299 800 337 RERUM
826 299 1132 336 URBANARUM
1167 298 1518 336 COMMENTARII.
1921 303 1967 338 97

177 404 310 468 quod
331 403 560 453 Senensis
589 403 720 467 prior
751 403 1067 452 diaconorum
1108 402 1236 450 solus
1270 402 1319 450 in
1353 403 1519 451 ambas
1552 417 1723 450 manus
1755 408 1978 467 apertum

179 487 422 553 accipiens
458 486 537 553 (1),
572 490 699 552 Pape
747 487 863 535 illud
895 485 1126 551 imposuit
1160 486 1327 535 dicens
1360 502 1369 534 :
1400 487 1566 551 Accipe
1581 486 1805 551 pallium,
1828 488 1982 551 pleni-

185 572 399 621 tudinem
438 571 616 619 scilieet
643 571 931 636 pontificalis
961 571 1131 636 officii,
1163 571 1229 618 ad
1255 571 1476 619 honorem
1513 571 1840 635 omnipotentis
1866 572 1975 633 Dei,

184 656 389 721 yloriose
418 656 616 720 viryinis
642 655 802 703 Marie
821 656 928 718 ejus
947 655 1208 719 yenitricis,
1236 655 1475 703 beatorum
1508 655 1821 719 apostolorum
1842 656 1980 704 Petri

189 747 239 788 et
264 740 432 799 Pauli,
467 748 514 788 et
535 756 574 789 s.
602 756 642 788 r.
675 739 743 787 E.
791 741 911 787 Tum
946 738 1075 786 idem
1118 738 1272 802 prior,
1307 739 1640 803 adjuvantibus
1680 738 1837 803 ipsum
1870 740 1974 789 aliis

172 823 403 874 *diaconis
443 828 491 873 et
530 822 860 883 subdiaconis,
905 826 1003 871 tres
1052 821 1264 886 spinulas
1308 822 1398 886 ipsi
1433 823 1576 887 pallio
1631 824 1786 874 infixit
1839 842 1973 876 more

183 914 436 958 consueto·
1273 965 1276 968 ¹

239 994 361 1041 Dato
380 991 599 1056 pontifici
616 991 780 1056 pallio,
803 995 855 1039 'ut
875 990 1130 1055 prefertur,
1157 995 1383 1040 cantores
1413 990 1700 1057 inceperunt
1722 994 1973 1045 introitum

173 1091 265 1140 pro
290 1075 438 1125 Missa
474 1081 522 1125 et
547 1075 692 1138 Kyrie
719 1075 924 1138 eleyson,
954 1078 1013 1122 'et
1052 1075 1181 1137 Papa
1219 1074 1438 1123 ascendit
1470 1075 1531 1122 ad
1562 1075 1711 1125 altare
1753 1082 1801 1126 et
1838 1077 1970 1140 illud,

173 1158 366 1209 detecto
387 1159 560 1224 capite,
591 1159 640 1207 in
660 1157 821 1206 medio
844 1157 1087 1205 osculatus
1111 1161 1202 1216 est,
1226 1157 1400 1206 deinde
1433 1164 1481 1207 et
1500 1159 1677 1208 librum
1700 1163 1971 1226 evangelio-

170 1259 283 1292 rum
320 1260 408 1309 per
440 1242 808 1301 subdiaconum,
844 1257 979 1290 more
1018 1241 1182 1300 solito,
1227 1241 1317 1289 sibi
1360 1243 1595 1292 oblatum.
1639 1247 1759 1294 Tum
1789 1246 1970 1296 ibidem

173 1325 404 1392 imposuit
423 1329 702 1387 incensum,
726 1327 886 1391 priore
909 1325 1226 1374 diaconorum
1249 1327 1551 1391 evangelium
1573 1328 1760 1379 dicturo
1782 1331 1972 1380 navicu-

171 1410 611 1472 lam'ministrante,
638 1416 685 1460 et
707 1409 971 1459 incensavit
994 1410 1170 1469 altare3
1196 1409 1370 1459 deinde
1398 1427 1486 1476 per
1510 1413 1735 1462 eumdem
1756 1414 1969 1479 priorem

179 1494 460 1545 incensatus
482 1495 570 1544 suit
590 1495 769 1544 ibidem
790 1494 893 1558 ipse
916 1497 1043 1558 Papa
1066 1494 1114 1541 in
1137 1509 1287 1542 cornu
1310 1495 1511 1559 epistole
1535 1512 1644 1545 curn
1660 1498 1802 1547 mitra
1817 1503 1965 1549 stans,

176 1581 279 1637 Quo
316 1580 587 1639 incensato,
631 1595 729 1627 non
760 1578 948 1643 accepit
978 1577 1209 1626 diaconos
1239 1578 1521 1628 assistentes
1555 1581 1615 1629 ad
1645 1583 1881 1644 osculum,
1919 1588 1970 1633 ut

175 1663 327 1712 moris
360 1667 454 1722 est,
499 1663 582 1712 sed
619 1662 836 1711 ascendit
867 1661 927 1710 ad
961 1661 1126 1710 sedem
1164 1661 1477 1722 eminentem,
1515 1664 1594 1712 ubi
1626 1666 1894 1716 cardinales
1922 1671 1970 1716 et

172 1747 391 1812 prelatos
405 1751 598 1812 paratos
617 1763 786 1795 omnes
801 1747 861 1794 ad
879 1745 1200 1794 reverentiam
1219 1745 1466 1796 venientes
1478 1749 1683 1813 accepit,
1700 1751 1969 1800 cardinales

177 1831 238 1880 ad
271 1830 428 1897 pedis,
471 1846 641 1880 manus
683 1834 730 1879 et
766 1830 887 1890 oris,
920 1828 1131 1894 prelatos
1157 1845 1271 1878 vero
1293 1829 1354 1878 ad
1379 1832 1516 1895 pedis
1547 1836 1594 1881 et
1624 1849 1794 1882 manus
1828 1848 1969 1882 oscu-

163 1915 265 1964 lum
287 1915 366 1982 (2).

171 2046 176 2049 .
223 2002 370 2050 Facta
391 2000 678 2060 reverentia,
703 1998 854 2064 surgit
886 1999 1120 2064 pontifex,
1154 1999 1375 2064 deposita
1407 2000 1567 2060 mitra,
1603 2004 1650 2048 et
1678 2015 1788 2048 cum
1814 1998 1963 2048 assis-

165 2083 378 2134 tentibus
413 2084 736 2134 cardinalibus
770 2083 885 2132 dicit
918 2084 1168 2132 introitum
1196 2088 1244 2132 et
1269 2085 1415 2149 Kyrie
1441 2085 1650 2148 eleyson,
1689 2084 1966 2134 cantoribus

165 2168 362 2218 interim
390 2168 620 2217 continuo
648 2168 793 2231 Kyrie
822 2168 1010 2231 eleyson
1044 2168 1428 2216 decantantibus.
1462 2168 1611 2216 Missa
1646 2168 1774 2216 dicta
1807 2172 1880 2217 est
1907 2167 1965 2215 de

167 2257 337 2302 octava
355 2251 612 2301 nativitatis
633 2251 774 2299 beate
796 2251 946 2299 Marie
963 2250 1178 2315 virginis.
1699 2307 1705 2311 ,

227 2336 380 2386 Dictis
411 2352 501 2402 per
529 2334 810 2401 pontificem
846 2335 1044 2384 introitu
1078 2339 1126 2384 et
1157 2336 1311 2401 Kyrie
1336 2337 1542 2401 eleyson,
1575 2340 1827 2386 cessarunt
1854 2351 1965 2385 can-

166 2423 315 2487 tores,
348 2423 396 2469 et
427 2422 557 2485 Papa
588 2420 706 2468 dixit
737 2436 746 2468 :
778 2419 943 2469 Gloria
968 2421 1017 2468 in
1042 2422 1234 2470 excelsis
1259 2422 1372 2477 Deo,
1398 2423 1527 2486 quod
1558 2438 1668 2471 cum
1697 2422 1796 2471 suis
1826 2422 1969 2471 assis·

166 2504 376 2554 tentibus
419 2504 677 2569 complevit
724 2520 860 2553 more
903 2505 1062 2553 solito.
1114 2508 1235 2555 Tum
1271 2506 1322 2554 in
1365 2507 1494 2555 dicta
1532 2507 1647 2555 sede
1696 2506 1814 2555 dixit
1854 2507 1969 2555 Pax·

167 2589 310 2650 vobis,
356 2593 404 2639 et
437 2588 707 2638 orationem
742 2588 801 2637 de
853 2593 1036 2649 octava,
1086 2606 1180 2654 qua
1217 2590 1304 2640 sub
1349 2607 1434 2639 sua
1476 2591 1789 2640 conclusione
1832 2605 1967 2639 com-

171 2671 320 2737 pleta,
378 2672 498 2722 dixit
541 2672 685 2724 aliam
726 2673 998 2722 orationem
1041 2673 1186 2722 etiam
1226 2675 1322 2723 alta
1378 2691 1494 2724 voce
1554 2675 1721 2724 dicens
1760 2693 1768 2722 :
1807 2675 1964 2734 Deus,

177 2755 261 2820 qui
285 2755 428 2804 corda
451 2756 670 2821 fidelium
710 2765 824 2818 etc.;
861 2774 1006 2821 quam
1037 2758 1183 2807 etiam
1219 2759 1306 2808 sub
1338 2775 1433 2808 una
1475 2759 1790 2807 conclusione
1831 2775 1966 2807 com-

166 2838 312 2904 plevit
352 2838 412 2905 (3)
451 2843 500 2889 et
538 2856 597 2888 ea
646 2841 892 2905 completa
930 2842 1129 2890 interim
1173 2843 1303 2906 quod
1347 2847 1572 2892 cantores
1615 2843 1965 2907 responderent

176 2938 333 2984 amen,
356 2923 475 2972 dixit
501 2928 689 2974 secrete
715 2924 859 2974 aliam
874 2941 961 2989 per
987 2941 1057 2986 se,
1084 2931 1216 2974 stans
1239 2932 1291 2975 ut
1314 2927 1464 2992 prius,
1497 2925 1722 2975 videlicet
1748 2941 1757 2972 :
1782 2924 1961 2972 Adesto

174 3007 595 3072 supplicationibus
624 3009 914 3073 omnipotens
940 3009 1072 3057 Deus
1096 3017 1143 3058 et
1161 3010 1289 3074 quod
1304 3010 1583 3058 humilitatis
1612 3016 1768 3057 nostre
1799 3024 1965 3072 yeren-

165 3090 279 3140 dum
299 3093 663 3163 est‘ministerio,
683 3100 760 3142 tae
780 3094 966 3141 virtutis
986 3094 1242 3158 impleatur
1264 3093 1450 3158 effectu,
1464 3109 1555 3158 per
1582 3092 1858 3151 Dominum,
1877 3100 1962 3140 ete.

218 3265 252 3302 l.
279 3263 489 3314 Recipiens.
511 3287 558 3294 —
580 3265 702 3304 Rinal.

215 3327 252 3365 2.
281 3325 349 3363 Ubi
371 3326 574 3365 cardinales
594 3333 631 3365 et
654 3327 813 3377 prelatos
842 3332 988 3377 paratos
1015 3339 1142 3366 omnes
1163 3327 1209 3364 ad
1235 3327 1469 3366 reverentiam
1506 3325 1694 3364 venientes
1721 3323 1873 3374 accepit,
1896 3334 1973 3362 car-

171 3385 313 3424 dinales
334 3385 381 3423 ad
402 3386 507 3435 pedis
527 3392 563 3426 et
582 3400 714 3426 munus
735 3388 916 3427 osculum.
945 3411 990 3418 —-
1011 3390 1132 3427 Riual.

218 3448 256 3485 3.
279 3448 394 3485 Texta
414 3448 558 3487 modifie
579 3449 672 3488 dans
691 3450 831 3497 Rinal.,
847 3461 883 3499 p.
906 3452 965 3487 73.

363 3531 395 3557 τ.
424 3532 450 3558 ι.
1754 3521 1774 3556 7
