2262 3958
337 319 403 356 136
934 316 953 351 J
958 314 1119 352 OHANN
1124 314 1166 350 IS
1198 312 1492 356 BURCHARDI.
1830 312 1982 355 [Janvier
2005 314 2097 356 1485]

398 420 606 469 Provisio
629 434 737 468 cere
759 418 918 465 habite
939 418 987 464 iu
1005 417 1096 464 hac
1117 415 1192 464 die
1214 413 1600 474 canonizationiS,
1625 414 1780 479 primo
1803 415 1909 464 albe
1937 431 1947 463 :

396 505 490 553 duo
529 503 689 567 magni
728 501 853 550 cerei
893 500 1148 549 duodecim
1185 500 1414 547 librarum
1453 495 1649 559 quilibet
1687 511 1773 560 pro
1814 498 1898 545 SS.
1939 499 1997 544 D.
2031 499 2090 546 N.

327 587 392 635 lib
451 615 1902 634 ....................
1962 592 2090 639 xxiv,

386 671 480 717 duo
500 668 576 716 alii
599 666 725 716 cerei
739 682 826 731 pro
843 665 1085 715 offertorio
1105 665 1272 714 decem
1290 664 1516 712 librarum
1534 660 1886 725 quilibet„libre
1903 662 2085 727 viginti,

394 753 507 798 Tres
529 750 605 798 alii
627 749 752 798 cerei
773 763 860 812 pro
882 748 1123 797 offerterio
1145 764 1229 797 sex
1246 747 1477 796 librarum
1499 745 1712 809 quilibet,
1735 744 1818 793 lib.
1884 781 1895 793 .
1952 761 2086 806 xv111,

394 832 646 881 duodecim
690 832 932 881 intorticia
981 847 1067 896 pro
1109 831 1369 881 elevatione
1417 828 1703 879 sacramenti
1741 843 1825 877 sex
1863 827 2090 877 librarum

329 915 558 979 quolibet,
582 914 646 963 lib
656 947 1883 963 .................
1943 926 2088 971 Lxxn,

391 998 547 1046 facule
569 1014 739 1047 novem
759 1013 844 1062 pro
866 997 999 1046 altari
1022 1001 1068 1047 et
1090 996 1351 1056 credentia,
1376 996 1576 1044 duarum
1603 993 1832 1042 librarum
1853 991 2089 1056 quelibet,

327 1081 392 1129 lib
401 1112 1885 1129 .....................
1944 1090 2084 1135 xvm,

391 1164 545 1213 facule
590 1163 752 1228 viginti
805 1179 892 1227 pro
947 1162 1264 1212 cardinalibus
1318 1166 1522 1225 quatuor
1569 1159 1799 1208 librarum
1847 1158 2086 1223 quelibet,

324 1246 389 1295 lib
397 1279 1886 1295 .....................
1945 1257 2085 1302 Lxxx,

393 1346 580 1378 summa
613 1330 819 1378 ducente
855 1329 1050 1394 triginta
1083 1329 1176 1378 due
1202 1328 1322 1377 libre
1353 1343 1462 1377 cere
1491 1327 1613 1375 albe.
1648 1324 1879 1374 lntortitia
1911 1327 1972 1373 80
1999 1338 2086 1389 pro

330 1414 535 1462 ecclesia
563 1423 769 1477 quatuor
795 1412 1023 1461 librarum
1057 1412 1321 1476 quodlibet,
1358 1411 1422 1459 lib
1431 1442 1896 1457 .......
1957 1422 2091 1467 cccx,

386 1486 541 1544 facule
571 1511 626 1544 eL
652 1496 853 1544 duarum
887 1495 1118 1544 librarum
1154 1495 1366 1559 quelibet
1394 1509 1481 1558 pro
1508 1492 1702 1557 prelatis
1733 1496 1779 1541 et
1801 1490 2088 1550 oratoribuS‚

329 1579 394 1627 lib
402 1616 853 1627 .......
920 1617 930 1638 ,
992 1616 1002 1627 .
1071 1618 1079 1627 .
1146 1618 1155 1627 .
1222 1617 1231 1627 ,
1315 1612 1925 1626 .........
1986 1590 2087 1636 cco,

389 1662 546 1711 facule
566 1677 648 1710 ccc
669 1662 810 1710 unius
827 1661 945 1710 libre
961 1677 1046 1726 pro
1068 1661 1340 1721 curialibuS‚
1360 1660 1484 1710 libre
1505 1676 1605 1720 cco,
1629 1676 1665 1708 M
1680 1627 1836 1709 facule
1854 1659 1914 1709 de
1934 1657 2094 1708 media

323 1746 443 1795 libra
472 1745 683 1808 quelibet
716 1760 802 1808 pro
830 1744 1082 1808 religiosis,
1117 1745 1182 1792 lib
1191 1778 1893 1793 ...........
1953 1756 2086 1802 Dccc,

386 1830 584 1878 Summa
604 1827 722 1875 libre
741 1827 870 1875 mille
895 1827 1241 1891 quadringente
1262 1826 1443 1890 viginti.
1518 1865 1527 1875 .
1603 1864 1612 1873 .
1688 1860 1701 1874 .
1770 1863 1780 1874 .
1850 1839 2086 1886 mccccxx,

389 1910 475 1958 Die
498 1909 739 1957 dominica
769 1913 828 1958 23
858 1910 968 1958 dicti
996 1910 1175 1958 mensis
1198 1909 1402 1974 januarii
1436 1912 1670 1958 venerunt
1699 1908 1759 1956 ad
1793 1907 1971 1956 Urbem
1993 1906 2088 1954 duo

327 1997 543 2042 oratores
585 1992 654 2040 lll.
699 1995 755 2040 D.
793 1993 920 2041 Petri
951 1994 1141 2042 Gansen
1179 1992 1238 2058 (1)
1268 1992 1483 2056 magistri
1517 1993 1684 2043 militie
1719 1991 1897 2042 ordinis
1937 1989 2087 2039 sancti

321 2174 557 2212 Burchardus
577 2178 664 2212 tunc
691 2174 857 2223 magistri
882 2174 1178 2212 ceremoniarum.
1206 2175 1321 2220 Quam
1347 2175 1570 2212 excessivam
1595 2184 1772 2211 summam
1799 2183 1880 2209 cum
1907 2169 2049 2208 audiret
2067 2180 2089 2207 a

320 2245 377 2271 me
398 2233 561 2283 pontifex
581 2238 618 2271 et
636 2233 741 2282 quasi
764 2234 859 2270 illam
885 2234 1016 2271 rideret
1041 2239 1081 2271 ut
1101 2234 1371 2282 impossibilem,
1392 2234 1628 2282 interrogavit
1646 2234 1682 2270 in
1703 2232 1837 2281 quibus
1857 2229 1966 2267 rebus
1986 2233 2088 2267 tanta

319 2294 474 2342 pecunia
492 2294 773 2342 expenderetur.
800 2293 883 2329 Dixi
904 2294 997 2330 hanc
1018 2305 1213 2342 expensam
1241 2294 1292 2330 sic
1324 2294 1480 2343 amplam
1505 2293 1584 2330 ideo
1611 2293 1656 2330 ab
1677 2291 1837 2329 Ecclesia
1863 2291 1939 2329 sive
1957 2304 1980 2330 a
1998 2293 2086 2330 sede

319 2352 519 2401 apostolica
538 2356 573 2388 et
593 2364 614 2388 a
635 2352 864 2400 pontificibus
878 2364 951 2389 non
971 2353 1089 2389 solum
1115 2353 1257 2390 tolerari
1290 2354 1354 2390 sed
1380 2353 1487 2390 etiam
1519 2352 1783 2401 quodammodo
1809 2351 1959 2400 precipi,
1981 2356 2022 2389 ut
2041 2364 2086 2390 ex

319 2423 361 2448 ea
375 2411 479 2460 quasi
497 2410 710 2459 impossibili
725 2411 780 2447 vel
801 2411 929 2448 saltem
950 2412 1041 2448 dura
1061 2412 1313 2448 abstineantur
1332 2412 1513 2460 principes
1527 2415 1563 2448 et
1583 2410 1705 2459 populi
1719 2410 1764 2447 ad
1783 2410 1979 2459 petendum
2000 2411 2086 2448 huie

319 2470 625 2508 canonizationem
646 2470 735 2515 fieri,
764 2481 834 2518 que
861 2470 1055 2518 aliquando
1075 2482 1148 2507 non
1168 2482 1213 2507 ex
1232 2471 1367 2507 meritis
1389 2471 1466 2519 ejus
1487 2470 1548 2518 qui
1567 2470 1801 2506 canonizatur
1821 2469 1885 2506 sed
1902 2481 1948 2506 ex
1971 2469 2086 2507 inter-

319 2529 482 2567 cessione
499 2529 766 2566 communitatis
787 2533 850 2565 aut
868 2529 991 2577 populi
1008 2534 1071 2566 aut
1090 2529 1262 2577 principis
1283 2529 1534 2578 supplicantis,
1556 2533 1657 2566 etc...
1679 2543 1696 2562 n

364 2590 458 2639 Voy.
481 2601 527 2626 au
548 2589 643 2636 sujet
659 2589 725 2625 des
745 2588 830 2625 srais
851 2591 1016 2625 enormes
1043 2589 1151 2625 d'une
1171 2589 1436 2632 canonisation,
1457 2590 1491 2626 J.
1522 2588 1692 2634 Amonn,
1723 2587 1838 2636 prelat
1857 2588 2084 2637 domestique

317 2649 366 2687 du
387 2649 486 2697 Pape
505 2649 683 2685 Innocent
702 2648 783 2683 XI':
809 2648 979 2683 Tableau
999 2650 1045 2683 de
1067 2649 1105 2684 la
1125 2660 1216 2684 coar*
1230 2650 1276 2684 de
1295 2649 1428 2693 Rome,
1449 2648 1554 2696 chap.
1576 2648 1671 2694 VIII,
1691 2659 1728 2696 p.
1744 2647 1836 2684 336:
1859 2662 1878 2681 «
1901 2647 1974 2685 Des
1989 2649 2086 2685 oere-

316 2707 454 2744 monies
476 2710 511 2744 et
528 2707 724 2744 formalites
739 2708 783 2742 de
801 2706 835 2742 la
855 2717 942 2743 cour
961 2707 1004 2743 de
1024 2707 1140 2744 Rome
1152 2719 1246 2756 pour
1264 2707 1298 2744 la
1317 2707 1566 2744 canonisation
1582 2707 1645 2743 des
1666 2706 1806 2744 Saints.
1830 2721 1849 2741 »

363 2770 396 2804 1.
424 2768 524 2804 Dans
549 2770 631 2804 tous
658 2767 709 2804 les
735 2779 824 2805 mSS.
848 2771 883 2805 et
903 2767 994 2803 dans
1023 2767 1055 2803 le
1075 2771 1227 2804 courant
1245 2768 1289 2804 de
1311 2770 1389 2804 tout
1409 2767 1441 2803 le
1465 2767 1621 2814 journal,
1644 2766 1878 2803 d'Aubusson
1897 2766 1993 2805 n'est
2017 2766 2082 2804 d&-

317 2827 422 2875 signe
443 2838 513 2876 que
528 2838 593 2876 par
615 2840 624 2863 :
648 2827 808 2875 Gansen,
827 2828 948 2865 Gason
969 2828 1107 2875 (5521),
1121 2827 1264 2865 Gensen
1287 2826 1435 2876 (effigi),
1458 2825 1616 2872 Gansen,
1639 2826 1788 2864 Ganson
1803 2826 1916 2875 (147),
1933 2826 2080 2864 Gansen

316 2888 489 2936 (5158-9).

363 2962 382 2981 «
409 2947 515 2984 Eletti
534 2947 662 2985 furono
688 2960 752 2997 per
778 2948 899 2986 venire
918 2960 940 2985 a
958 2948 1074 2985 Roma
1094 2959 1115 2984 a
1140 2947 1288 2984 rendere
1314 2946 1510 2984 obedienza
1531 2947 1564 2983 al
1589 2958 1709 2984 nuovo
1739 2945 1934 2991 Pontefice,
1955 2944 1980 2981 il
2007 2945 2082 2997 Ba-

312 3005 382 3043 livo
397 3006 432 3042 di
451 3007 577 3055 Lange
599 3008 668 3045 Fra
687 3007 878 3045 Edouardo
913 3007 947 3043 di
970 3007 1210 3044 Carmandino
1231 3010 1267 3043 et
1292 3005 1315 3042 il
1336 3005 1410 3042 vice
1430 3006 1642 3043 cancelliero
1664 3004 1868 3053 Guglielmo
1888 3003 2079 3050 Caorsino‚

314 3076 332 3101 e
354 3065 391 3101 fu
415 3066 578 3103 ordinato
601 3067 668 3104 che
689 3067 725 3104 in
746 3067 961 3116 compagnia
982 3067 1039 3104 del
1066 3066 1295 3114 Turcopliero
1322 3066 1392 3102 Fra
1421 3065 1597 3102 Giovanni
1618 3063 1782 3109 Quendal
1801 3063 1920 3099 ch'era
1939 3063 2082 3100 Procu-

314 3129 410 3161 rator
429 3125 601 3163 Generale
635 3126 730 3164 nella
754 3130 852 3164 corte
872 3126 1051 3172 Romana,
1073 3126 1177 3174 quell'
1196 3129 1269 3162 atto
1294 3125 1348 3161 far
1372 3124 1611 3176 dovessero...
1633 3138 1652 3157 »
1674 3122 1822 3171 (Jacopo
1837 3122 1959 3168 Bosio,
1984 3121 2082 3158 Dell'

315 3184 448 3220 scoria
468 3187 566 3222 della
587 3198 701 3223 sacra
722 3189 909 3233 reliyione
940 3193 973 3222 et
1000 3187 1120 3222 Illma
1151 3185 1300 3221 Militia
1328 3185 1370 3219 di
1398 3183 1480 3219 San
1507 3183 1697 3219 Giovanni
1721 3182 2079 3220 Gierosolimitano.

312 3242 351 3278 In
370 3243 498 3286 Roma,
522 3246 623 3290 1592,
646 3245 706 3283 sol.
729 3250 756 3283 t.
780 3247 807 3291 1,
828 3246 887 3282 liv.
912 3247 970 3290 14,
992 3257 1026 3294 p.
1051 3246 1150 3292 398.)

360 3302 409 3337 Le
429 3302 591 3340 discours
618 3304 851 3341 d’obedience
881 3304 935 3341 fut
961 3305 1142 3352 prononce
1167 3314 1231 3351 par
1258 3302 1460 3339 Guillaume
1487 3302 1677 3347 Caoursin,
1699 3302 1760 3350 qui
1779 3302 1826 3339 l’a
1845 3301 1965 3351 publie
1989 3301 2082 3339 dans

311 3370 377 3395 son
397 3371 553 3407 ouvrage
574 3373 583 3398 :
614 3364 830 3400 obsidionis
860 3364 1003 3400 Rhodie
1034 3365 1143 3399 urbis
1162 3363 1381 3408 descriptio,
1403 3361 1519 3407 Ulme,
1544 3362 1647 3406 1493,
1670 3361 1743 3409 sig.
1777 3361 1853 3410 biij.
1875 3361 1900 3398 ll
1926 3372 1973 3398 ne
1998 3371 2083 3398 con-

315 3417 403 3455 tient
423 3418 498 3456 rien
515 3420 559 3457 de
580 3421 734 3460 saillant.
759 3423 868 3460 Bosio
890 3423 935 3459 l'a
955 3422 1089 3460 traduit
1108 3434 1151 3460 en
1172 3421 1307 3458 italien.
1334 3421 1440 3462 (Ouv.
1465 3421 1545 3465 cite,
1568 3425 1594 3457 t.
1619 3421 1647 3464 I,
1668 3432 1703 3469 p.
1725 3420 1828 3468 398.)
