2262 3958
169 284 275 326 [Mars
298 285 387 328 1486]
612 283 782 321 RERUM
816 282 1123 321 URBANARUM
1154 281 1506 321 COMMENTARII.
1889 283 1951 318 191

163 405 290 454 papa
329 391 436 440 Vlll
470 389 519 437 in
550 390 764 439 secunda
806 390 916 438 aula
952 389 1049 438 sive
1087 404 1282 438 camera
1318 385 1552 451 superiori
1593 400 1739 449 supra
1765 387 1954 448 portam

163 472 388 524 introitus
421 473 585 539 palatii
619 474 918 523 consecravit
950 473 1000 521 in
1029 472 1283 537 episcopos
1308 475 1404 519 RR.
1438 473 1530 520 PP.
1570 471 1669 518 DD.
1703 468 1954 518 Nicolaum

160 557 584 623 archiepiscopum
623 558 957 616 Gusentinum,
995 555 1306 605 Laurentium
1345 553 1766 619 archiepiscopum
1803 554 1957 601 Bene-

160 643 420 689 ventanum
437 644 484 689 et
501 643 524 689 J
530 641 776 690 ohannem
791 640 1074 704 episcopum
1089 641 1448 687 Tornacensem
1462 637 1742 702 hujusmodi
1757 637 1924 686 ordine
1939 655 1949 686 :

161 724 311 775 altare
337 724 610 790 predictum
639 728 860 790 paratum
891 722 998 783 fuit,
1034 738 1152 771 crux
1190 722 1240 770 in
1270 722 1430 771 medio
1472 731 1521 770 et
1547 737 1631 771 sex
1662 721 1955 771 candelabra

161 809 276 858 hinc
299 813 347 858 et
366 808 479 858 inde
500 809 656 874 posita
677 812 722 857 et
743 808 792 856 in
814 806 975 855 medio
1003 806 1168 855 omnia
1193 809 1480 870 paramenta
1505 822 1592 870 pro
1619 809 1766 870 Papa,
1807 807 1954 856 etiam

162 894 378 958 pallium,
419 893 616 958 dempto
650 892 753 941 solo
794 891 991 940 fanone.
1031 890 1196 938 Altare
1235 889 1516 955 hujusmodi
1549 889 1759 953 positum
1789 890 1878 938 fuit
1904 891 1953 939 in

162 978 319 1044 capite
353 977 479 1026 dicte
511 977 619 1026 aule
651 976 701 1024 in
734 975 895 1024 medio
922 975 1064 1039 juxta
1100 990 1295 1024 murum
1324 974 1505 1022 ibidem
1537 977 1585 1023 et
1615 974 1666 1022 in
1696 974 1873 1039 angulo
1903 975 1953 1022 in

161 1077 314 1111 cornu
349 1060 551 1126 epistole
578 1076 587 1108 :
615 1057 817 1107 sacrista
851 1056 1035 1122 paravit
1062 1056 1362 1106 credentiam
1399 1072 1556 1117 suam,
1587 1072 1698 1105 cum
1725 1056 1874 1106 calice
1905 1062 1954 1107 et

160 1146 265 1196 aliis
285 1147 432 1196 rebus
454 1161 543 1210 pro
571 1142 810 1193 sacrificio
836 1141 1143 1192 necessariis,
1170 1141 1355 1191 Deinde
1377 1141 1426 1190 in
1448 1141 1623 1191 eodem
1643 1141 1795 1191 latere
1813 1142 1953 1207 juxta

160 1247 372 1293 murum,
406 1247 494 1296 per
530 1228 737 1295 spatium
768 1243 853 1276 sex
883 1231 966 1275 aut
999 1230 1108 1275 octo
1140 1242 1370 1291 passuum
1406 1242 1434 1275 a
1467 1225 1718 1276 credentia
1751 1225 1951 1275 sacriste

160 1321 329 1382 parata
355 1315 445 1364 fuit
469 1314 563 1363 alia
590 1311 838 1362 credentia
865 1327 952 1375 pro
976 1311 1159 1360 lotione
1194 1327 1428 1360 manuum
1460 1313 1587 1375 Pape
1617 1310 1667 1359 in
1694 1326 1791 1375 qua
1814 1315 1952 1360 erant

158 1400 305 1466 positi
321 1400 416 1449 duo
439 1396 657 1448 canthari
678 1395 842 1461 magni
865 1399 912 1444 et
933 1395 1026 1444 duo
1046 1411 1131 1444 seu
1151 1395 1243 1444 tria
1260 1395 1433 1444 bacilia
1453 1411 1566 1444 cum
1583 1394 1679 1443 suis
1698 1395 1951 1445 bucalibus

160 1488 208 1534 et
228 1483 523 1534 mantilibus.
548 1483 670 1531 Item
692 1483 824 1529 extra
845 1479 1022 1528 dictam
1044 1480 1202 1528 aulam
1220 1479 1447 1529 videlicet
1466 1479 1514 1527 in
1530 1479 1687 1544 prima
1708 1479 1816 1529 aula
1836 1484 1948 1529 ante

159 1567 431 1633 predictam
448 1566 670 1632 proxima
685 1566 824 1630 juxta
843 1569 1034 1629 portam
1056 1580 1152 1628 qua
1165 1564 1223 1613 de
1252 1564 1356 1629 ipsa
1372 1564 1529 1629 prima
1545 1564 1605 1613 ad
1625 1564 1754 1613 hanc
1778 1581 1950 1614 secun-

158 1653 270 1702 dam
295 1652 408 1713 itur,
438 1651 659 1700 videlicet
689 1651 738 1699 in
766 1650 926 1698 medio
952 1651 1090 1715 juxta
1122 1666 1314 1699 murum
1346 1650 1475 1700 inter
1505 1650 1652 1699 alium
1680 1666 1874 1699 murum
1902 1656 1950 1699 et

156 1742 348 1803 portam
367 1740 591 1802 paratum
612 1735 699 1783 fuit
725 1735 873 1784 altare
902 1751 989 1799 pro
1018 1735 1158 1784 dictis
1186 1735 1529 1784 consecrandis
1561 1740 1610 1784 et
1638 1751 1790 1800 prope
1817 1735 1948 1784 idem

157 1822 306 1872 altare
344 1837 434 1887 per
459 1820 668 1886 spatium
701 1835 786 1869 sex
819 1823 902 1868 aut
941 1824 1051 1868 octo
1097 1836 1329 1885 passuum
1363 1819 1612 1869 credentia
1653 1835 1765 1868 cum
1803 1819 1947 1868 rebus

157 1905 458 1972 opportuniS,
482 1909 623 1971 prout
649 1905 696 1953 in
726 1905 1175 1954 consecrationibus
1204 1906 1362 1971 parari
1390 1906 1532 1955 solet.
1568 1907 1689 1954 Item
1717 1904 1830 1969 quia
1857 1906 1941 1953 SS.

156 1991 214 2038 D.
239 1990 296 2038 N.
317 1988 413 2038 hoc
438 2002 580 2036 mane
605 1987 949 2036 benedicturus
977 1993 1026 2037 et
1050 1992 1424 2037 consecraturus
1452 1993 1555 2039 erat
1574 2005 1730 2054 agnus
1753 1988 1858 2049 Dei,
1889 2005 1948 2038 ex

156 2087 216 2122 co
246 2071 376 2137 quod
407 2076 606 2137 propter
638 2071 972 2122 infirmitatem
1006 2089 1142 2121 suam
1174 2072 1332 2137 primo
1366 2089 1493 2121 anno
1521 2073 1831 2137 pontificatus
1874 2073 1946 2121 sui

154 2157 262 2206 illos
284 2156 572 2207 benedicere
592 2160 638 2204 et
656 2171 943 2205 consecrare
969 2172 1066 2205 non
1087 2161 1327 2220 potuerat,
1349 2160 1515 2220 parate
1538 2157 1731 2206 fuerunt
1755 2160 1944 2221 septem

154 2257 330 2307 magne
359 2257 503 2307 capse
530 2241 637 2290 albe
665 2235 802 2305 agnis
837 2240 1105 2290 benedictis
1140 2245 1187 2289 et
1217 2241 1561 2290 consecrandis
1594 2240 1755 2306 plene,
1789 2240 1945 2305 posite

149 2325 290 2390 juxta
321 2340 515 2374 murum
549 2324 596 2372 in
633 2340 786 2373 cornu
823 2325 1056 2389 evangelii
1095 2341 1185 2388 per
1223 2325 1462 2374 ordinem.
1503 2328 1624 2374 Item
1660 2329 1827 2390 parata
1858 2324 1944 2372 fuit

153 2409 360 2473 quedam
402 2424 579 2474 magna
614 2409 804 2458 concha
833 2414 1066 2472 argentea
1095 2425 1218 2472 aqua
1257 2425 1380 2474 pura
1411 2409 1573 2473 plena,
1610 2424 1757 2473 quam
1788 2411 1844 2456 R.
1880 2408 1937 2456 D.

152 2493 364 2542 Thomas
403 2493 661 2558 episcopus
702 2492 880 2541 Exinus
921 2492 1111 2557 pluviali
1154 2497 1202 2542 et
1241 2493 1364 2541 stola
1404 2509 1550 2558 super
1586 2493 1843 2542 rochetum
1888 2508 1944 2541 ac

153 2577 296 2628 mitra
316 2577 520 2642 simplici
541 2582 754 2642 paratus,
779 2581 1041 2641 antequam
1062 2581 1192 2643 Papa
1218 2578 1278 2626 ad
1305 2577 1485 2626 dictam
1513 2578 1674 2627 aulam
1701 2577 1940 2636 introiret,

157 2661 401 2711 benedixit
431 2661 714 2727 simpliciter
746 2678 857 2712 cum
886 2662 1003 2723 sale,
1037 2668 1180 2728 prout
1213 2663 1263 2711 in
1301 2662 1688 2728 parrochialibus
1723 2661 1942 2711 ecclesiis

155 2745 409 2795 dominicis
441 2746 610 2795 diebus
649 2746 754 2796 fieri
798 2747 941 2796 solet.
985 2750 1105 2797 Item
1151 2747 1351 2796 sacrista
1394 2747 1577 2812 paravit
1610 2748 1756 2797 etiam
1795 2763 1942 2797 unam

156 2829 420 2895 ampullam
441 2830 594 2878 sancti
615 2830 888 2879 chrismatis
917 2834 962 2879 et
990 2831 1134 2880 aliam
1155 2831 1419 2896 ampullam
1443 2831 1669 2893 balsami3
1691 2849 1772 2881 vas
1798 2847 1937 2895 aque,

158 2918 207 2962 ut
237 2914 493 2979 prefertur,
530 2913 786 2963 benedicte
822 2914 1033 2978 positum
1065 2914 1154 2963 fuit
1190 2915 1252 2964 ad
1289 2920 1478 2980 partem
1518 2932 1663 2981 super
1695 2931 1839 2964 unam
1883 2931 1941 2963 ex

156 2998 295 3047 dictis
315 2998 471 3064 capsis
487 3013 725 3063 agnorum
746 2997 1190 3048 benedicendorum
1206 3015 1359 3063 usque
1381 3004 1491 3065 post
1511 2999 1710 3047 missam
1732 2998 1935 3046 finitam.

157 3082 342 3132 Deinde
375 3082 500 3132 venit
533 3083 594 3132 ad
621 3082 786 3132 locum
818 3082 1090 3148 predictum
1118 3084 1203 3132 SS.
1229 3085 1286 3131 D.
1314 3085 1370 3132 N.
1398 3088 1445 3132 et
1478 3099 1645 3132 secum
1677 3086 1844 3131 Rmus.
1876 3085 1933 3131 D.

155 3166 413 3218 cardinalis
431 3167 791 3233 Andegavensis
809 3184 865 3218 ac
886 3172 996 3233 post
1017 3183 1127 3216 eum
1152 3170 1317 3215 Rmus,
1344 3170 1402 3216 D.
1428 3167 1684 3216 cardinalis
1708 3184 1746 3214 s.
1769 3166 1934 3225 Marci,

150 3253 290 3318 juxta
315 3251 462 3300 altare
497 3252 544 3300 in
575 3269 728 3302 cornu
762 3252 994 3317 epistole;
1028 3256 1252 3317 paratum
1287 3251 1376 3299 suit
1406 3250 1723 3299 faldistorium
1760 3250 1807 3298 in
1842 3266 1938 3314 quo

154 3336 330 3386 sedens
374 3338 458 3386 SS.
493 3339 552 3385 D.
594 3339 651 3386 N.
688 3337 737 3386 in
767 3337 987 3397 rochetO,
1024 3335 1214 3400 accepit
1255 3334 1489 3394 sandalia,
1522 3334 1687 3383 dicens
1726 3351 1736 3383 ε
1782 3334 1938 3392 Quam

153 3420 336 3481 dilecta,
371 3429 478 3482 etan,
515 3436 651 3471 more
690 3425 944 3472 consueto.
982 3420 1180 3469 Librum
1218 3419 1372 3470 tenuit
1407 3418 1652 3484 predictus
1684 3418 1939 3484 episcopus
