2262 3958
323 345 392 380 486
924 343 1156 379 JOHANNIS
1190 343 1484 390 BURCHARDI,
1889 351 1969 393 [Mai
1988 347 2081 396 1492]

322 445 446 492 viam
467 444 560 493 hoc
578 445 745 492 ordine
767 445 827 492 ad
848 443 1023 491 dictam
1044 444 1291 492 basilicam
1320 461 1328 492 :
1355 446 1558 507 cognovi
1578 446 1642 493 ibi
1663 450 1745 496 SS.
1774 454 1829 498 D.
1845 453 1900 499 N.
1919 466 2088 514 grava-

324 533 425 575 tum
440 543 495 575 ac
517 528 725 576 debilem
742 542 848 575 esse
863 543 872 582 ;
890 530 1164 590 propterea,
1177 542 1275 574 non
1291 526 1434 590 longe
1453 542 1481 574 a
1498 526 1642 576 domo
1657 530 1910 579 cardinalis
1926 548 1965 580 s.
1984 532 2090 581 Cle-

323 611 516 670 mentis,
542 610 637 657 dixi
660 625 745 658 sue
773 611 820 657 S.
846 609 1146 656 commodius
1172 610 1384 658 futurum
1412 611 1450 658 si
1471 615 1604 658 recta
1631 612 1708 659 via
1734 613 2086 664 benedictionis

322 692 510 755 publice
530 691 692 738 locum
725 691 1027 748 ascenderet,
1065 691 1241 754 populo
1267 691 1446 740 ibidem
1473 695 1754 744 solemniter
1774 697 2087 749 benediceret

324 779 371 823 et
398 774 507 822 inde
541 773 602 821 ad
641 789 883 821 cameram
920 778 967 821 et
997 772 1208 836 quietem
1248 790 1383 822 suam
1424 776 1621 836 rediret,
1665 778 1988 828 cardinalibus
2027 781 2087 828 ad

323 858 520 904 missam
539 856 841 905 venientibus
859 857 909 903 in
928 856 1127 903 basilica
1145 857 1362 919 predicta
1388 858 1750 919 celebrandam;
1784 861 1913 924 quod
1941 863 2087 909 Sanc—

326 940 444 988 titati
470 955 553 987 sue
576 940 769 1002 placuit.
798 939 1006 987 Dimissa
1032 939 1177 1001 igitur
1201 941 1511 1003 processione
1549 943 1635 989 sub
1666 945 1855 1007 porticu
1889 945 2086 994 basilice

323 1023 554 1086 predicte,
590 1022 761 1086 prelati
797 1026 844 1070 et
877 1022 1144 1070 cardinales
1194 1024 1347 1086 parati
1386 1030 1494 1088 post
1532 1041 1725 1075 crucem
1760 1028 2085 1090 pontificalem

322 1107 483 1153 locum
523 1105 793 1168 predictum
831 1104 1171 1164 ascenderunt,
1215 1105 1297 1152 ubi
1336 1107 1550 1169 pontifex
1588 1110 1765 1173 populo
1808 1110 2089 1160 solemniter

323 1205 466 1236 manu
509 1204 595 1236 sua
635 1204 768 1236 more
809 1187 948 1235 solito
989 1187 1233 1235 benedixit
1277 1187 1681 1252 (vicecancellario
1725 1193 2087 1242 tabernaculum

323 1288 431 1319 cum
453 1273 580 1320 ferro
595 1272 788 1320 interim
810 1270 935 1333 apud
954 1269 1234 1332 pontificem
1258 1271 1468 1335 tenente)
1498 1277 1545 1320 et
1571 1274 1810 1336 plenarias
1834 1275 2090 1340 indulgen-

322 1354 411 1402 tias
431 1354 611 1402 ibidem
636 1358 683 1402 et
706 1354 754 1400 in
777 1352 981 1401 ecclesia
1003 1352 1316 1400 existentibus
1335 1354 1414 1416 qui
1435 1356 1731 1417 processioni
1749 1357 2088 1418 interfuerunt,

323 1437 584 1495 concessit3
609 1452 725 1500 quas
753 1435 918 1483 RRmi.
944 1437 1043 1483 DD.
1078 1436 1369 1483 camerarius
1399 1437 1545 1506 latine
1575 1442 1621 1486 et
1648 1439 1706 1486 de
1732 1439 1966 1487 Columna
1985 1453 2092 1488 car-

323 1519 504 1567 dinales
524 1519 782 1582 vulgariter
807 1519 1024 1582 pubhcal
1028 1522 1143 1566 unt
1169 1519 1340 1581 quibus
1362 1520 1517 1581 lectis,
1544 1522 1758 1584 pontifex
1795 1538 1903 1570 cum
1932 1522 2093 1602 taber-

322 1602 495 1649 naculo
516 1602 740 1664 ferroque
757 1601 945 1663 signum
967 1616 1019 1648 c1
1021 1616 1122 1647 ucis
1145 1616 1287 1663 super
1307 1602 1537 1665 populum
1552 1603 1793 1666 produxit.

385 1684 602 1732 Accessit
635 1684 809 1732 deinde
842 1683 1122 1747 pontificem
1151 1684 1532 1733 Chamisbuerch
1558 1691 1722 1735 orator
1741 1685 1903 1750 magni
1928 1687 2086 1746 Turci,

321 1782 408 1830 per
424 1782 567 1830 quem
587 1769 766 1814 Turcus
778 1767 959 1814 ferrum
974 1767 1130 1830 ipsum
1145 1767 1415 1830 predictum
1436 1767 1650 1826 miserat,
1669 1772 1716 1816 et
1737 1767 1987 1816 Sanctitati
2002 1783 2089 1816 sue

323 1850 553 1912 quasdam
591 1850 756 1898 literas
791 1849 1082 1912 presentavit
1114 1853 1160 1896 et
1194 1864 1282 1912 per
1307 1850 1566 1912 Georgium
1591 1850 1909 1898 Bucciardum
1937 1850 2088 1897 inter-

321 1938 509 1998 pretem
552 1943 691 1981 suum
725 1933 945 1996 exposuit
983 1932 1249 1996 principem
1295 1948 1433 1980 suum
1469 1933 1649 1980 ferrum
1684 1933 1961 1996 hujusmodi
1995 1933 2084 1980 sibi

322 2018 468 2065 misse
500 2022 547 2065 et
564 2016 749 2080 rogavit
771 2020 821 2063 ut
839 2016 1036 2063 fratrem
1056 2015 1286 2078 principis
1304 2014 1495 2063 visitare
1518 2010 1704 2078 posset,
1723 2019 1771 2064 et
1789 2015 1919 2078 quod
1933 2017 2083 2064 Sanc-

321 2099 432 2147 titas
454 2115 541 2146 sua
557 2098 715 2162 ipsum
737 2098 831 2146 cito
854 2097 1127 2161 expeditum
1148 2097 1434 2145 remitteret.
1467 2098 1705 2146 Sanctitas
1731 2113 1818 2145 sua
1835 2098 2087 2161 respondit

322 2197 372 2229 se
392 2181 556 2229 literas
576 2181 802 2239 visurum,
822 2179 995 2228 deinde
1016 2179 1106 2226 sibi
1123 2194 1408 2242 responsum
1431 2179 1678 2237 daturum;
1702 2180 1867 2228 literas
1889 2180 2086 2229 tradidit

286 2328 288 2330 Ι
321 2263 684 2326 archiepiscopo
701 2262 972 2310 Arelatensi
1008 2262 1379 2321 conservandas,
1412 2278 1511 2325 que,
1533 2268 1647 2309 tunc
1680 2267 1844 2325 aperte
1865 2277 1963 2311 non
1982 2263 2087 2311 fue—

321 2351 455 2404 runt3
477 2346 726 2394 dicebatur
747 2346 876 2392 enim
907 2345 1090 2393 dictum
1111 2349 1353 2392 oratorem
1380 2345 1697 2407 quadraginta
1716 2345 1867 2393 millia
1886 2346 2085 2395 ducatos

320 2429 535 2492 pontifici
554 2428 769 2476 attulisse
791 2428 839 2474 in
859 2427 1012 2475 literis
1031 2427 1336 2490 specificatis,
1355 2431 1613 2490 propterea
1632 2427 1782 2475 lectas
1802 2443 1899 2475 non
1917 2428 2082 2476 fuisse.

387 2511 605 2558 Pontifex
631 2509 848 2557 ascendit
870 2509 981 2556 inde
1003 2509 1064 2556 ad
1098 2509 1346 2572 palatium,
1382 2509 1591 2556 dimissis
1622 2509 1671 2556 in
1704 2509 1837 2556 curia
1865 2509 2086 2557 cardina-

320 2595 445 2641 libus
474 2592 553 2655 qui
581 2591 641 2639 ad
663 2591 911 2639 basilicam
942 2591 1208 2654 predictam
1231 2591 1430 2649 iverunt,
1463 2591 1513 2637 in
1544 2607 1638 2653 qua
1658 2594 1823 2638 Rmus.
1848 2593 1904 2639 D.
1931 2592 2088 2639 cardi·-

321 2676 442 2724 nalis
470 2691 509 2723 S.
543 2674 802 2722 Clementis
842 2674 1099 2722 celebravit
1139 2674 1336 2720 missam
1375 2673 1639 2736 publicam,
1676 2678 1723 2721 et
1756 2674 1918 2721 omnia
1951 2689 2088 2724 more

323 2759 462 2806 solito
485 2762 594 2806 sunt
615 2758 882 2805 observata.
903 2757 1032 2804 Illus.
1063 2757 1287 2820 plinceps
1312 2759 1470 2819 Capue
1498 2756 1644 2803 misse
1671 2756 1885 2804 interfuit
1904 2771 1960 2804 ac
1979 2763 2088 2820 post

322 2846 513 2889 Rmum.
536 2845 592 2889 D.
619 2841 913 2889 cardinalem
935 2842 1201 2889 Senensem
1223 2841 1536 2888 diaconorum
1557 2840 1769 2903 priorem
1791 2841 1930 2900 sedit,
1957 2842 2039 2905 qui
2059 2857 2100 2912 a

320 2940 398 2972 me
418 2925 667 2988 petiitque
689 2924 857 2971 ordine
881 2924 1086 2987 principi
1118 2940 1211 2988 pax
1239 2923 1397 2971 danda
1424 2927 1569 2981 esset,
1593 2939 1679 2987 pro
1711 2939 1769 2971 eo
1802 2923 1930 2987 quod
1961 2899 2154 2989 unffi

322 3007 589 3054 cardinales
635 3010 798 3065 staret,
850 3021 988 3054 secus
1031 3007 1069 3053 si
1107 3012 1217 3070 post
1252 3022 1336 3055 eos
1377 3026 1386 3054 :
1426 3007 1576 3055 voluit
1612 3007 1923 3055 nihilominus
1959 2980 2131 3071 quff

323 3090 445 3137 Rmi.
486 3093 543 3140 D.
569 3089 822 3137 cardinalis
851 3089 1233 3137 vicecancellarii
1266 3105 1410 3154 super
1437 3090 1530 3137 hoc
1561 3089 1798 3153 judicium
1829 3090 2084 3148 haberem;

323 3173 399 3219 cui
439 3172 660 3221 similiter
694 3177 742 3221 et
778 3173 974 3220 domino
1010 3188 1119 3221 meo
1153 3173 1380 3236 episcopo
1414 3172 1656 3232 Pientino,
1696 3173 1772 3220 cui
1814 3172 1943 3220 idem
1972 3177 2087 3221 tunc

319 3257 682 3316 communicavi,
722 3257 902 3319 placuit
937 3272 1046 3304 mea
1086 3257 1326 3305 sententia
1360 3271 1452 3318 que
1476 3260 1523 3304 et
1549 3271 1637 3319 per
1669 3259 1860 3303 Rmum.
1897 3238 1954 3304 D'.
1997 3257 2085 3303 Se-

319 3352 519 3385 nensem
554 3339 791 3401 prefatum
835 3339 922 3386 fuit
969 3340 1237 3398 observata,
1281 3339 1361 3401 qui
1399 3353 1568 3401 pacem
1604 3338 1808 3402 principi
1851 3337 1998 3397 dedit,
2039 3342 2087 3385 et

318 3419 538 3482 princeps
561 3422 842 3469 camerario.
868 3422 1004 3469 Circa
1032 3422 1179 3470 finem
1197 3422 1360 3481 misse,
1388 3421 1552 3468 RRmi.
1583 3423 1686 3471 DD.
1720 3423 2084 3469 Beneventanus
