2262 3958
330 336 400 372 ‘246
941 330 1172 369 JOHANNrs
1201 329 1494 377 BURCHARDI,
1883 334 1986 376 [Avrii
2009 337 2099 379 1487]

331 438 648 489 Tornacensis
668 438 726 484 de
748 435 974 483 mandato
1002 435 1128 497 Pape
1151 431 1200 479 in
1229 431 1470 495 presentia
1496 431 1755 483 Aleriensis
1781 439 1828 484 et
1856 435 2103 485 Auriensis

329 519 662 587 episcoporum
685 524 731 567 et
756 516 1033 582 Hieronymi
1056 514 1253 564 Balbani
1273 516 1537 576 secretarii,
1559 522 1610 567 ut
1631 521 1833 568 asseruit
1846 521 1934 568 sibi
1956 521 2100 582 facto,

328 604 445 652 mihi
478 603 598 650 dixit
636 601 763 664 quod
803 600 1032 648 mandare
1067 599 1297 647 deberem
1330 599 1551 647 omnibus
1584 602 1778 665 prelatis
1817 603 1866 651 in
1903 619 2104 653 romana

330 686 461 734 curia
508 683 823 732 existentibus
869 682 996 746 quod
1041 681 1270 745 deinceps
1321 682 1517 745 singulis
1563 684 1730 732 diebus
1775 687 2008 751 capellani
2045 687 2103 735 ad

333 769 565 833 capellam
598 767 760 815 venire
794 766 999 815 debeant
1027 765 1075 813 in
1105 764 1270 813 habitu
1310 766 1595 814 condecenti
1624 770 1670 814 et
1697 783 1794 815 non
1825 768 1986 831 vagari
2019 785 2106 833 per

335 851 589 900 ecclesiam
611 867 649 897 S·
677 849 803 898 Petri
823 849 897 897 vel
919 849 1029 896 alibi
1050 864 1106 897 eo
1121 852 1363 912 tempore,
1388 854 1452 909 et,
1471 849 1618 896 finitis
1640 849 1689 896 in
1710 849 1893 913 capella
1914 850 2102 907 officiis,

335 936 380 984 in
405 934 502 982 suis
523 933 686 997 cappis
707 936 886 996 Papam
908 948 1061 996 usque
1084 932 1142 980 ad
1164 947 1405 980 cameram
1427 932 1688 991 associent3
1710 933 1837 998 quod
1852 937 1899 981 et
1919 937 2102 998 postea,

337 1017 416 1066 ubi
435 1018 584 1082 potui,
609 1016 719 1064 feci.

401 1100 541 1149 Feria
575 1100 757 1163 quinta,
799 1103 825 1147 5
864 1098 1043 1163 apriliS,
1082 1098 1210 1146 circa
1245 1099 1415 1146 horam
1447 1115 1531 1158 xx,
1575 1100 1700 1147 facta
1740 1103 1813 1147 est
1845 1103 2107 1164 tempestas

336 1184 487 1232 subita
506 1181 794 1248 [grandinis]
812 1181 1073 1229 altitudinis
1089 1181 1229 1229 unius
1245 1181 1388 1244 palmi
1408 1198 1418 1230 :
1438 1182 1658 1230 cecidere
1678 1198 1825 1246 grana
1840 1166 2107 1246 grossitatis

335 1281 533 1314 ovorum
555 1265 797 1324 columbe,
834 1264 1139 1311 devastarunt
1166 1264 1360 1311 hortum
1381 1280 1543 1312 meum
1578 1270 1623 1313 et
1655 1265 1775 1313 vites
1806 1282 1893 1329 per
1914 1269 2068 1314 totum
2093 1282 2103 1314 ε

336 1348 492 1396 solum
515 1347 602 1395 fuit
623 1346 671 1393 in
694 1346 819 1395 Urbe
843 1351 889 1393 et
910 1361 1007 1394 non
1035 1350 1185 1393 extra.

402 1431 488 1480 Die
511 1429 746 1493 sequenti,
773 1429 900 1477 circa
926 1428 1096 1476 horam
1116 1445 1234 1489 xvii,
1266 1432 1313 1477 et
1337 1428 1429 1495 alia
1458 1433 1718 1492 tempestas
1739 1430 1880 1489 venit,
1907 1430 1994 1479 sed
2012 1446 2108 1479 nou

339 1521 438 1566 tam
461 1529 652 1576 magna,
675 1516 726 1560 ut
739 1512 864 1560 heri.

405 1596 656 1645 Dominica
687 1595 955 1659 palmarum
987 1611 1080 1658 que
1116 1595 1203 1643 fuit
1236 1599 1263 1643 8
1299 1595 1477 1644 mensis
1515 1595 1696 1660 aprilis,
1736 1598 1820 1645 SS.
1854 1600 1912 1646 D.
1943 1602 2112 1646 noster

338 1680 464 1729 venit
486 1680 546 1728 ad
568 1679 801 1743 capellam
823 1678 953 1726 circa
973 1679 1143 1726 horam
1160 1695 1245 1739 ΧΠ,
1272 1695 1514 1743 magnam,
1537 1679 1634 1740 ubi,
1661 1679 1786 1727 facta
1807 1679 1897 1728 sibi
1918 1695 1945 1728 a
1961 1680 2113 1728 cardi-

339 1764 524 1812 nalibus
555 1762 838 1822 reverentia,
873 1761 1140 1810 cardinales
1177 1766 1224 1810 et
1256 1762 1424 1825 prelati
1456 1778 1624 1810 omnes
1658 1767 1951 1827 acceperunt
1979 1778 2113 1827 para-

339 1850 518 1911 menta,
541 1845 808 1894 cardinales
830 1844 879 1892 in
893 1844 1093 1892 banchis
1112 1844 1211 1891 suis
1230 1848 1276 1893 et
1290 1845 1460 1908 prelati
1474 1850 1604 1893 extra
1618 1845 1870 1908 capellam,
1893 1845 2112 1894 similiter

339 1933 386 1977 et
417 1928 665 1986 offic-iales,
699 1932 901 1991 excepto
930 1930 986 1975 D.
1018 1927 1231 1975 Mattheo
1260 1927 1375 1975 Cibo
1405 1927 1699 1975 subdiacono
1727 1927 2007 1991 apostolico,
2032 1928 2110 1992 qui

338 2010 484 2059 hodie
503 2010 710 2074 primum
732 2010 791 2057 ad
813 2009 1047 2073 capellam
1067 2010 1194 2058 venit
1216 2014 1263 2058 et
1281 2025 1477 2058 crucem
1497 2011 1721 2074 portavit.
1748 2010 1835 2059 Hic
1861 2011 2109 2070 amictum,

340 2094 514 2153 albam,
547 2093 810 2156 cingulum,
842 2092 1136 2155 manipulum
1165 2097 1212 2141 et
1239 2093 1525 2147 tunicellam,
1555 2093 1818 2141 violaceam
1853 2093 2040 2157 accepit
2065 2080 2112 2141 in

342 2191 537 2224 camera
576 2175 792 2234 sacriste,
837 2177 972 2239 juxta
1009 2175 1157 2223 altare
1203 2175 1405 2238 capelle.
1445 2178 1590 2239 Papa,
1640 2176 1863 2223 omnibus
1914 2175 2111 2233 in'dutis,

342 2258 559 2322 deposita
586 2258 744 2317 mitra,
779 2259 985 2307 surrexit
1015 2264 1062 2308 et
1088 2258 1331 2307 benedixit
1362 2259 1563 2322 palmas,
1605 2263 1700 2307 tam
1727 2259 1777 2306 in
1809 2260 2004 2323 angulo,
2032 2259 2111 2308 ubi

343 2343 620 2390 assistentes
644 2341 856 2405 episcopi
882 2346 1007 2390 stare
1031 2343 1202 2401 solent,
1227 2342 1425 2406 positas,
1457 2358 1601 2405 quam
1628 2342 1762 2401 alias,
1794 2358 1911 2405 quas
1932 2343 2113 2406 private

343 2440 550 2490 persone
591 2424 639 2470 in
677 2424 860 2487 capella
894 2429 1026 2473 extra
1065 2425 1333 2473 cancellum
1372 2425 1617 2484 tenebant,
1653 2440 1816 2472 versus
1852 2440 1968 2488 quas
2004 2441 2113 2474 cum

344 2506 636 2556 orationibus
660 2507 803 2554 etiam
821 2507 1081 2566 benedixit,
1101 2512 1147 2555 et
1168 2507 1215 2553 in
1238 2507 1333 2554 fine
1353 2506 1555 2570 aspersit
1570 2510 1617 2554 et
1631 2506 1908 2555 incensavit.
1931 2508 2114 2572 Incepit

343 2590 727 2638 benedictionem
750 2590 808 2638 ab
830 2590 1045 2639 oratione
1072 2607 1082 2638 z
1107 2589 1406 2654 Auqefidem
1424 2590 1473 2636 in
1495 2597 1536 2637 te
1554 2590 1843 2652 sperantium
1859 2589 1985 2639 Deus
2003 2598 2109 2652 etc„

343 2673 458 2722 dixit
480 2689 588 2721 cum
621 2673 890 2736 prefatione
921 2678 969 2721 et
998 2673 1208 2736 quinque
1243 2672 1568 2731 orationibus3
1594 2671 1766 2719 deinde
1804 2671 1977 2720 sedens
2011 2673 2112 2722 sine

345 2755 501 2815 mitra,
526 2755 753 2818 imposuit
772 2755 1043 2814 incensum,
1069 2761 1168 2802 tum
1191 2759 1319 2802 stans
1341 2754 1543 2819 aspersit
1565 2758 1612 2802 et
1638 2754 1917 2815 incensavit,
1941 2754 2112 2803 deinde

346 2839 461 2887 dixit
479 2839 619 2886 aliam
642 2838 927 2898 orationem,
949 2838 1170 2886 videlicet
1194 2856 1202 2886 :
1230 2838 1354 2886 Deus
1378 2838 1460 2901 qui
1473 2837 1631 2902 filium
1653 2843 1820 2896 tzmm,·
1840 2853 1935 2901 qua
1959 2838 2108 2898 finita,

347 2923 487 2981 sedit,
512 2922 697 2985 accepit
727 2922 917 2969 mitram
945 2926 990 2970 et
1018 2921 1143 2969 venit
1164 2920 1585 2969 vicecancellarius
1606 2925 1654 2968 et
1674 2920 1803 2968 dedit
1831 2922 1958 2984 Pape
1979 2920 2111 2979 ‚duas

344 3006 526 3069 palmas
547 3021 745 3069 magnas
767 3021 899 3053 more
922 3008 1172 3063 consueto,
1194 3019 1393 3067 quarum
1422 3003 1627 3067 primam
1649 3006 1777 3067 Papa
1798 3003 1928 3052 dedit
1948 3003 2110 3052 comiti

346 3090 405 3136 de
439 3088 651 3137 Tendille
688 3089 866 3136 oratori
905 3088 1029 3151 regis
1061 3087 1304 3151 Hispanie,
1336 3086 1598 3134 secundam
1626 3088 1682 3133 D.
1717 3085 1918 3134 Blieters
1955 3086 2113 3134 Souck

345 3172 547 3231 doctori,
573 3171 750 3219 oratori
794 3171 1033 3218 dictorum
1071 3173 1174 3218 Ser.
1207 3169 1448 3217 Frederici
1492 3170 1676 3217 romani
1723 3170 2027 3234 imperatoris
2066 3173 2112 3219 et

342 3253 649 3301 Maximiliani
672 3253 798 3316 regis
822 3257 868 3300 et
886 3254 992 3317 ejus
1009 3253 1110 3300 filii.
1131 3251 1413 3315 Impositum
1435 3251 1524 3299 fuit
1545 3251 1717 3300 deinde
1739 3252 1968 3315 gremiale
1984 3255 2111 3315 Pape

341 3337 418 3398 qui
441 3336 679 3383 distribuit
698 3335 881 3399 palmas
903 3350 1037 3383 more
1057 3334 1215 3382 solito.
1242 3335 1469 3380 Cantores
1493 3350 1587 3380 non
1617 3338 1871 3382 cantarunt
1895 3333 2113 3397 antipho-

343 3433 452 3464 nam
492 3417 725 3464 Hos-anna
762 3433 847 3480 pro
887 3417 1278 3465 benedictionem
1317 3415 1714 3478 palmarum'sed
1761 3415 2110 3480 quamprimum
