2262 3958
901 280 1185 318 APPENDICE.
1868 282 1938 317 559

147 384 269 424 tante
288 381 424 432 curia,
446 381 575 423 sicuti
604 382 740 423 moris
762 385 844 432 est,
866 385 1080 435 perpetua
1102 393 1193 423 non
1220 381 1415 423 deseruit
1433 383 1567 433 atque
1587 379 1747 434 ingens
1767 382 1933 434 pluuia.

147 447 229 489 Vix
250 447 370 490 enim
395 448 567 502 egressi
591 459 768 490 eramus
797 448 1010 500 palatium
1039 446 1277 497 Pontificis,
1312 458 1411 488 cum
1445 446 1591 487 subito
1620 446 1732 488 adeo
1764 447 1936 501 largum

149 513 369 556 obductae
398 514 520 556 coelo
550 515 694 556 nubes
715 525 950 556 excussere
971 513 1174 564 imbrem,
1209 516 1258 554 ut
1283 512 1493 554 torrentis
1518 523 1638 554 more
1662 513 1828 554 effusus
1849 524 1936 554 non

148 579 283 622 modo
304 591 389 622 nos
409 580 707 630 madefecerit,
737 592 893 622 verum
919 591 1034 632 pene
1066 582 1183 620 totos
1211 579 1421 620 obruerit.
1454 579 1750 631 Sequentibus
1781 579 1938 620 diebus

148 645 347 688 visitauit
373 646 618 688 Cardinalis
639 645 915 694 Pontificem;
948 645 1145 686 visitauit
1178 644 1434 686 cardinales
1467 644 1671 698 singulos
1700 645 1832 686 domi.
1854 646 1941 686 Hoc

148 714 324 764 peracto
350 711 614 755 visitationis
641 710 800 760 officio,
834 710 1038 752 visitatus
1065 713 1132 750 est
1151 713 1194 750 et
1213 709 1308 761 ipse
1329 709 1525 750 vicissim
1546 710 1664 751 domi
1683 722 1707 751 a
1730 710 1937 752 Cardina-

148 776 267 819 libus
290 777 514 829 omnibus,
551 776 680 818 sicuti
709 775 844 817 moris
880 778 962 816 est.
994 775 1208 816 Absoluta
1239 777 1307 814 est
1336 774 1431 815 heri
1452 775 1629 815 demum
1650 776 1757 816 haec
1784 778 1937 816 mutua

147 843 356 886 visitatio.
388 843 607 892 Ceterum,
629 845 679 883 ut
707 842 762 883 de
782 841 880 893 ipso
907 840 1127 883 Cardinali
1152 839 1319 891 aliquid
1345 840 1425 880 tibi
1452 841 1622 892 gratius
1643 841 1933 891 conscribam,

147 909 260 951 scias
283 920 386 952 eum
402 907 672 951 satisfecisse
703 907 912 948 omnibus
933 908 1110 958 praeter
1127 905 1369 946 multorum
1391 906 1755 957 expectationem,
1778 906 1854 958 qui
1870 917 1933 956 se,

146 975 383 1027 puerulum
401 974 577 1017 visuros
598 975 880 1026 putaueram,
898 974 1098 1013 nontam
1119 971 1371 1024 praesentia
1393 971 1608 1023 corporali
1629 974 1672 1012 et
1690 971 1936 1023 proceriore

148 1051 283 1094 quam
302 1050 383 1094 pro
404 1042 563 1089 aetate,
588 1042 772 1090 statura,
795 1050 930 1092 quam
954 1049 1128 1080 morum
1160 1038 1205 1078 in
1236 1037 1390 1089 primis
1410 1037 1646 1090 grauitate,
1673 1040 1716 1078 et
1733 1048 1936 1078 sermone

143 1107 190 1150 in
206 1107 416 1150 omnibus
435 1106 626 1148 maxime
647 1105 946 1147 accomodato.
965 1103 1252 1147 Caerimoniis
1269 1103 1590 1153 cardinalatus,
1613 1106 1832 1156 quantum
1851 1114 1934 1156 ego

141 1173 496 1216 animaduertere
516 1175 561 1214 et
585 1172 705 1214 domi
725 1175 768 1214 et
788 1171 894 1213 foris
918 1170 1058 1224 potui,
1089 1170 1201 1212 adeo
1232 1172 1334 1221 apte
1362 1172 1405 1210 et
1429 1169 1634 1210 decenter
1649 1169 1800 1218 utitur,
1823 1171 1872 1210 ut
1890 1169 1936 1209 in

140 1239 196 1281 iis
215 1251 296 1293 per
314 1251 457 1282 annos
475 1239 640 1281 multos
660 1242 886 1280 versatum
904 1237 1044 1279 fuisse
1065 1235 1191 1278 facile
1220 1235 1437 1277 crederes.
1458 1235 1739 1276 Humanitate
1760 1246 1936 1288 quoque

142 1307 186 1346 et
201 1305 458 1347 affabilitate
478 1305 745 1358 praeditum,
766 1303 964 1358 quotidie
982 1303 1130 1356 palam
1160 1302 1434 1355 experimur3
1456 1312 1611 1343 verum
1634 1301 1687 1342 de
1706 1301 1789 1342 hoc
1807 1301 1931 1342 alias.

142 1371 304 1424 Quanti
333 1373 376 1412 te
402 1370 534 1413 faciat
567 1371 907 1412 colendissimus
940 1372 1160 1423 protector
1187 1371 1355 1419 noster,
1378 1371 1421 1408 et
1441 1378 1574 1419 quam
1594 1370 1720 1420 grate
1749 1366 1937 1408 audierit

142 1447 294 1478 secum
313 1436 368 1478 de
388 1439 432 1478 te
449 1437 722 1490 loquentem,
738 1437 880 1490 ipsius
900 1436 956 1478 ad
978 1439 1021 1477 te
1034 1436 1206 1476 litterae
1227 1434 1507 1484 indicabunt;
1525 1437 1567 1474 et
1583 1445 1665 1487 ego
1681 1444 1845 1483 coram,
1859 1432 1937 1474 ubi

141 1503 393 1554 permiserit
413 1503 637 1555 dominus,
661 1503 836 1556 plenius
857 1502 1061 1544 referam.
1085 1500 1354 1544 Commendo
1373 1499 1454 1540 tibi
1474 1502 1626 1540 nostra
1650 1499 1778 1540 isthic
1795 1510 1934 1552 nego-

141 1569 216 1619 tia,
235 1580 352 1623 quae
369 1570 502 1611 nosti.
526 1572 690 1612 Sumus
709 1570 778 1612 hic
795 1570 840 1610 in
858 1569 1073 1622 obsequio
1094 1566 1457 1609 reuerendissimi
1476 1564 1720 1608 Cardinalis
1749 1563 1934 1605 Medicis

139 1635 290 1677 minus
305 1638 424 1677 certe
443 1636 535 1689 apti
554 1639 596 1677 et
616 1635 780 1687 idonei,
803 1635 883 1677 sed
901 1634 1152 1683 voluntarii,
1182 1633 1260 1674 sed
1281 1632 1451 1674 fideles.
1476 1632 1559 1687 Ora
1578 1641 1656 1683 pro
1677 1629 1790 1671 felici
1809 1633 1850 1670 et
1870 1630 1934 1670 in-

140 1701 304 1743 columi
324 1704 419 1743 tum
439 1702 597 1755 ipsius,
626 1705 721 1743 tum
748 1705 902 1744 nostro
922 1701 1068 1742 reditu
1092 1713 1101 1741 :
1121 1703 1164 1741 et
1184 1710 1281 1749 nOS,
1305 1710 1405 1740 cum
1428 1700 1727 1750 opportunum
1747 1696 1826 1737 tibi
1844 1695 1935 1737 fue-

138 1767 212 1818 rit,
238 1767 484 1810 clarissimo
510 1768 604 1810 viro
633 1768 867 1810 Laurentio
897 1766 1173 1809 commenda.
1207 1763 1511 1806 Tumultuario
1534 1762 1649 1811 stilo,
1670 1773 1721 1803 ac
1740 1762 1932 1802 currenti

137 1834 308 1876 calamo
330 1835 439 1877 haec
457 1835 590 1877 modo
610 1834 668 1876 ad
687 1837 730 1875 te
748 1833 1004 1886 conscripsi,
1025 1832 1236 1885 quoniam
1256 1842 1412 1871 reuera
1435 1840 1591 1882 parum
1611 1827 1740 1868 nobis
1759 1827 1834 1868 otii
1856 1837 1931 1870 su-

138 1902 303 1953 perest.
327 1900 372 1942 Si
391 1900 501 1954 quid
530 1901 718 1942 barbare
740 1900 905 1942 dictum
927 1899 1146 1948 inuenies,
1170 1896 1500 1938 excusationem
1522 1893 1745 1936 admittes.
1768 1892 1888 1933 Vale.
1912 1909 1926 1926 »

193 1983 212 2004 ι
244 1967 308 2008 Ex
329 1968 446 2010 Urbe
461 1966 532 2008 die
552 1969 626 2008 Vll
648 1966 816 2019 apriliS,
841 1965 960 2007 1492.
991 1982 1006 2001 ι

191 2068 325 2124 (Petri
339 2068 537 2121 Delphini
552 2068 692 2122 Epist.
715 2068 789 2110 liv.
814 2069 884 2118 Ill,
907 2068 1035 2108 lettre
1057 2065 1140 2119 27.)

1011 2287 1062 2333 41

188 2425 390 2470 Relation
409 2425 523 2468 dela
543 2427 659 2466 mort
678 2423 736 2465 de
759 2424 948 2464 Laurent
968 2422 1022 2462 de
1042 2418 1234 2461 Medicis.

573 2533 755 2575 Iacobus
781 2531 1062 2583 Antiquarius
1087 2527 1245 2580 Anyelo
1275 2518 1488 2568 Politiano

968 2598 1011 2638 S.
1034 2598 1087 2638 D.
1239 2593 1244 2598 “

194 2720 211 2741 ι
244 2702 311 2745 Ad
326 2701 532 2755 quintum
551 2700 650 2742 idus
672 2698 832 2751 Aprilis
846 2696 1114 2738 secesseram
1126 2696 1338 2736 Ticinum.
1363 2693 1578 2736 Postridie
1602 2692 1696 2734 eius
1708 2692 1809 2741 diei,
1827 2703 1926 2732 cum

136 2768 268 2812 officii
287 2779 422 2811 causa
443 2765 712 2820 praefectum
733 2763 861 2813 arcis,
882 2761 1255 2803 humanissimum
1286 2760 1431 2802 virum
1453 2759 1660 2800 Iacobum
1680 2756 1924 2798 Pusterlam

136 2834 463 2883 conuenissem,
486 2830 760 2885 perbenigne
776 2840 848 2870 me
875 2827 1116 2877 osculatuS,
1149 2826 1342 2868 secunda
1364 2825 1522 2878 inquit,
1540 2824 1682 2865 noctis
1702 2822 1852 2876 vigilia
1874 2821 1928 2862 dc

138 2900 358 2942 Laurentii
368 2898 545 2941 Medicis
561 2897 684 2938 obitu
698 2894 965 2949 praeuolans
977 2892 1235 2935 tabellarius
1254 2892 1312 2934 ad
1326 2891 1572 2944 principem
1585 2888 1824 2931 contendit.
1840 2889 1927 2928 Hoc

137 2966 300 3010 nuncio
319 2965 551 3014 attonitus,
574 2962 726 3004 oculos
747 2972 847 3002 cum
867 2960 913 3001 in
932 2962 1097 3001 terram
1128 2957 1400 3008 defixissem‚
1424 2960 1565 3007 estne,
1587 2955 1784 3007 inquam,
1800 2952 1927 2993 nobis

137 3034 278 3076 iratus
298 3033 433 3080 Deus,
456 3033 504 3071 ut
520 3029 566 3070 in
583 3028 657 3070 illo
685 3027 884 3069 omnium
912 3024 1244 3078 sapientissimo
1271 3023 1380 3073 viro,
1404 3025 1468 3063 tot
1489 3031 1608 3073 spes,
1631 3023 1696 3061 tot
1715 3019 1927 3061 virtutum

138 3099 357 3153 imagines
379 3100 422 3139 et
440 3096 584 3149 signa,
604 3097 818 3147 tanquam
839 3091 896 3133 ad
910 3101 1017 3133 vasa
1038 3090 1322 3131 conclamans
1342 3087 1598 3129 sustulerit?
1611 3086 1691 3127 sed
1702 3084 1757 3126 de
1779 3082 1926 3125 ltaliae

139 3163 463 3206 calamitatibus
493 3172 612 3203 mox.
640 3162 761 3212 Quae
790 3157 909 3200 enim
941 3156 998 3198 ab
1031 3154 1382 3196 eninentissimis
1411 3153 1518 3194 locis
1545 3152 1662 3194 mala
1693 3152 1923 3204 ingruunt,

138 3230 334 3279 niuibus,
366 3240 465 3271 cum
492 3227 539 3269 in
582 3226 800 3268 montium
836 3221 1140 3265 cacuminibus
1172 3220 1470 3272 liquescentes
1500 3217 1697 3271 ingentia
1729 3215 1924 3256 efficiunt

138 3296 336 3347 flumina,
360 3294 583 3336 simillima
598 3303 699 3335 esse
721 3290 881 3333 solent.
907 3288 1046 3330 Biduo
1066 3289 1168 3338 post
1187 3285 1485 3327 Mediolanum
1508 3293 1744 3336 regressus
1765 3280 1926 3323 offendi

140 3373 392 3404 sermonem
409 3360 611 3404 varium:
632 3369 684 3400 ea
707 3366 901 3409 namque
928 3354 983 3396 de
1006 3352 1304 3394 moestissima
1325 3363 1372 3393 re
1398 3350 1487 3391 iam
1508 3349 1702 3403 populus
1723 3351 1817 3390 erat
1836 3359 1925 3389 cer-

138 3429 238 3479 tior,
260 3427 347 3470 Alii
368 3427 422 3469 de
442 3425 564 3469 coelo
585 3423 743 3467 aedem
763 3422 993 3465 Liberatae
1010 3419 1142 3473 paulo
1156 3421 1398 3470 antequam
1413 3415 1674 3458 Laurentius
1696 3414 1925 3457 decederet
