2262 3958
284 284 352 319 456
887 282 1119 320 ιῙΟῙ-ῘΑΝΝΙΞ
1153 284 1446 330 BURCHARDI,
1829 284 1933 318 [Mars
1955 286 2042 325 1492]

284 389 461 440 tamen,
483 383 594 445 quia
614 383 733 430 duos
756 384 1031 432 assistentes
1059 385 1293 433 debebam
1319 385 1462 433 etiam
1486 401 1697 446 vocasse,
1727 392 1778 435 ut
1802 387 2045 436 venissent

282 464 342 511 ad
363 465 681 513 assistendum
702 466 910 512 interim.
936 469 1147 529 Recepta
1164 467 1223 514 ad
1247 467 1463 515 osculum
1484 467 1661 514 familia
1683 469 1913 531 predicta,
1939 484 2045 516 sur-

284 547 403 595 rexit
419 548 631 611 pontifex
653 552 699 595 et
719 548 767 594 in
786 563 977 596 camera
996 565 1080 596 sua
1095 565 1312 597 reversus
1333 554 1427 606 est;
1454 563 1566 611 quo,
1584 556 1863 612 paramento
1879 555 2041 610 exutO,

286 645 453 677 omnes
475 630 742 678 cardinales
763 631 1030 693 predictum
1050 631 1108 679 de
1128 632 1342 690 Medicis,
1371 647 1428 680 eo
1460 631 1626 679 ordine
1653 647 1747 694 quo
1775 632 1833 680 de
1862 634 2044 696 Populo

284 712 429 770 venit,
455 712 513 759 ad
533 713 762 775 palatium
791 729 932 761 suum
961 714 1008 760 in
1038 729 1206 778 campo
1233 708 1389 768 Flore,
1419 714 1466 761 in
1497 714 1704 762 maxima
1729 714 1887 777 pluvia
1912 730 2046 762 asso-

285 794 490 852 ciarunt;
516 794 687 857 quibus
710 798 818 843 ante
852 796 1078 859 palat1um
1107 797 1382 861 hujusmodi
1410 797 1459 844 in
1492 812 1662 860 campo
1690 796 1828 844 Flore
1857 811 1944 860 per
1970 811 2048 844 or-

285 877 445 925 dinem
467 877 755 936 constitutis,
780 878 907 926 idem
929 879 1200 937 cardinaliS,
1226 884 1411 927 retento
1439 883 1634 942 propter
1659 878 1866 941 pluviam
1893 878 1942 926 in
1968 893 2050 926 ca-
2090 935 2096 940 p

284 959 381 1022 pite
421 960 683 1022 capuccino
726 975 784 1008 ex
822 961 1021 1009 aliorum
1062 962 1372 1010 cardinalium
1408 962 1626 1020 consilio,
1670 961 1868 1024 singulis
1907 960 2050 1009 etiam

284 1041 600 1104 capuccinum
638 1058 777 1090 suum
816 1043 864 1090 in
910 1044 1062 1106 capite
1108 1045 1398 1103 tenentibus,
1439 1060 1497 1092 ex
1535 1059 1670 1091 more
1712 1043 1887 1106 gratias
1927 1042 2046 1106 egit;

281 1127 382 1170 tum
421 1129 528 1187 post
567 1125 757 1172 illorum
793 1141 1054 1184 recessum,
1092 1127 1289 1174 domum
1323 1142 1458 1174 suam
1491 1126 1696 1174 intravit.
1740 1126 1923 1174 Placuit
1954 1125 2048 1173 hoc

285 1208 368 1253 SS.
405 1209 459 1253 D.
491 1209 546 1254 N.
572 1207 700 1269 quod
721 1208 964 1269 predictus
988 1209 1239 1256 cardinalis
1263 1209 1337 1256 die
1359 1209 1600 1257 dominica
1618 1210 1707 1258 iret
1737 1210 1798 1258 ad
1818 1210 2050 1273 capellam

282 1289 376 1336 sive
404 1289 659 1336 ecclesiam
689 1290 826 1337 beate
861 1291 1008 1338 Marie
1043 1291 1101 1338 de
1123 1291 1355 1350 Minerva,
1392 1292 1472 1338 ubi
1503 1293 1687 1356 capella
1715 1296 1900 1340 tantum
1925 1298 2044 1352 erat,
2076 1308 2079 1310 ·

281 1372 393 1420 licet
420 1372 732 1420 Sanctitatem
765 1388 900 1420 suam
935 1389 990 1421 ac
1013 1376 1215 1421 RRmos.
1239 1377 1338 1422 DD.
1369 1374 1636 1422 cardinales
1662 1389 1761 1422 non
1783 1374 2052 1423 visitaverit.

349 1454 599 1503 Dominica
639 1455 778 1503 tertia
815 1456 1198 1519 quadragesime,
1243 1460 1301 1505 25
1342 1457 1455 1505 dicti
1493 1457 1672 1504 mensis
1712 1457 1888 1516 martii,
1929 1457 2052 1505 festo

283 1538 422 1584 beate
437 1538 583 1585 Marie
602 1538 798 1601 virginis
812 1539 1228 1603 Annunciationis,
1247 1541 1329 1587 SS.
1350 1542 1408 1587 D.
1425 1542 1462 1587 N
1472 1578 1481 1587 .
1499 1540 1692 1588 indutus
1708 1539 1904 1604 amicta,
1925 1539 2050 1598 alba,

283 1619 492 1681 cingulo,
515 1620 778 1682 capuccino
796 1621 904 1668 albo
924 1626 971 1668 et
987 1621 1108 1669 stola
1122 1637 1181 1669 ex
1196 1622 1339 1685 perlis
1362 1622 1587 1685 desuper,
1605 1622 1895 1685 precedente
1911 1637 2052 1670 cruce

285 1706 331 1748 et
356 1701 696 1759 cardinalibus,
730 1703 857 1750 venit
885 1703 945 1750 ad
972 1704 1224 1752 ecclesiam
1252 1705 1392 1753 beate
1420 1704 1568 1752 Marie
1600 1719 1745 1767 supra
1772 1704 2049 1761 Minervam,

284 1785 362 1831 ubi
381 1786 591 1833 interfuit
613 1787 759 1834 misse
781 1787 970 1850 publice
1004 1802 1145 1849 quam
1179 1786 1436 1834 celebravit
1461 1789 1516 1832 R.
1551 1789 1602 1833 P.
1636 1787 1690 1833 D.
1722 1785 1837 1833 Cibo
1864 1785 2052 1848 episco—

283 1884 370 1930 pus
391 1868 708 1916 Viterbiensis
742 1869 799 1916 de
829 1869 1068 1917 dominica
1095 1884 1202 1916 cum
1233 1872 1436 1930 quatuor
1465 1869 1568 1916 aliis
1595 1869 1890 1917 orationibus
1917 1884 2051 1917 more

285 1950 423 1997 solito
455 1951 635 2012 absque
677 1951 836 2013 aliqua
868 1951 1326 1999 commemoratione
1362 1951 1420 1999 de
1459 1951 1600 2017 festo,
1637 1955 1684 1999 et
1716 1951 1903 1999 fuerunt
1939 1952 2051 2000 dicti

285 2032 496 2096 episcopi
518 2034 743 2095 primitie.
780 2035 932 2082 Finita
959 2035 1123 2093 missa,
1158 2038 1285 2097 Papa
1311 2034 1440 2082 dedit
1467 2034 1853 2082 benedictionem
1882 2039 1930 2082 et
1955 2049 2051 2082 non

284 2114 475 2162 fuerunt
496 2116 737 2178 publicate
759 2117 1057 2180 indulgentie
1079 2118 1190 2180 quia
1211 2120 1321 2165 sunt
1341 2117 1553 2180 plenarie
1575 2117 1623 2164 in
1638 2121 1777 2181 porta
1792 2116 2048 2180 publicate,

283 2197 509 2260 pontifice
533 2198 599 2246 sic
619 2199 828 2246 volente.
853 2201 1173 2247 Accesserunt
1197 2199 1369 2247 deinde
1398 2199 1663 2247 confratres
1684 2200 2052 2248 confraternita-

283 2280 341 2326 tis
362 2281 660 2329 Annunciate
689 2297 799 2328 cum
827 2282 967 2329 bacili
994 2282 1053 2329 ad
1076 2282 1371 2345 pontificem,
1393 2286 1440 2329 et
1472 2282 1689 2344 pontifex
1709 2284 1766 2329 D.
1799 2282 2051 2330 Guillelmo

283 2362 397 2409 Cibo
411 2362 700 2409 cubiculario
715 2379 799 2410 suo
813 2364 1042 2425 pecunias
1056 2364 1243 2421 obtulit,
1261 2368 1455 2412 centum
1468 2363 1667 2411 ducatos
1683 2382 1692 2421 ;
1708 2369 1808 2411 tum
1821 2364 2048 2412 Senensis

282 2451 519 2504 unum,.et
542 2447 832 2493 camerarius
855 2447 1041 2503 decern,
1068 2446 1145 2493 alii
1168 2445 1433 2493 cardinales
1455 2449 1597 2507 prout
1613 2445 1879 2503 voluerunt,
1903 2446 2051 2494 Asca-

283 2529 390 2575 nius
412 2532 595 2591 septem
616 2532 662 2575 et
681 2528 890 2575 Medices
910 2528 1103 2585 decem;
1124 2532 1433 2574 accesserunt
1448 2527 1619 2574 deinde
1634 2526 1876 2574 sexdecim
1890 2527 2047 2590 puelle

283 2611 547 2658 maritande
575 2626 685 2658 cum
708 2610 951 2658 sexdecim
975 2611 1223 2667 matronis,
1256 2616 1301 2658 et
1325 2609 1521 2671 singulis
1547 2609 1762 2672 pontifex
1789 2609 1918 2657 dedit
1937 2609 2050 2657 bur-

284 2709 385 2740 sam
417 2709 525 2741 cum
555 2693 756 2755 pecunia
783 2709 916 2741 more
952 2693 1090 2740 solito
1113 2709 1170 2740 ex
1192 2692 1355 2749 bacili;
1381 2696 1427 2739 et
1448 2691 1623 2755 puella,
1655 2695 1852 2754 recepta
1883 2691 2045 2750 bursa,

284 2776 451 2839 prima,
477 2776 650 2824 deinde
671 2774 892 2824 matrona
912 2768 1110 2834 duce'nS,
1135 2776 1308 2838 pedem
1331 2778 1457 2838 Pape
1486 2779 1595 2822 sunt
1622 2774 1922 2832 deosculate;
1947 2778 2047 2822 tum

283 2858 509 2922 pontifex,
536 2858 732 2906 dimisso
763 2859 950 2922 pluviali
974 2862 1021 2907 et
1041 2858 1198 2916 mitra,
1221 2863 1431 2921 recepto
1460 2856 1721 2920 capuccino
1750 2861 1798 2904 et
1821 2857 1957 2915 stola,
1989 2858 2048 2905 ad

283 2942 510 3006 palatium
532 2958 589 2990 eo
609 2942 773 2990 ordine
792 2946 934 3005 prout
954 2947 1164 3000 venerat,
1185 2940 1439 2988 licentiatis
1457 2943 1565 3003 post
1589 2943 1785 3001 pontem
1807 2955 1846 2986 s.
1876 2940 2046 3002 Angeli

283 3025 598 3072 cardinalibus
622 3042 633 3072 ε
655 3026 830 3073 chorus
851 3025 1058 3072 Minerve
1081 3028 1273 3087 paratus
1301 3023 1388 3071 fuit
1408 3027 1459 3069 ut
1479 3021 1593 3069 alias
1620 3037 1706 3085 pro
1733 3024 1859 3085 Papa
1877 3026 1922 3068 et
1941 3037 2046 3069 car-

283 3107 516 3155 dinalibus
538 3112 722 3156 tantum
753 3124 811 3155 ex
845 3107 1196 3155 assistentibus.
1237 3106 1489 3169 Presbyter
1522 3104 1749 3152 assistens
1775 3103 1897 3151 sedit
1922 3103 2047 3152 inter

283 3189 399 3236 alios
439 3190 722 3246 cardinaleS‚
766 3205 816 3237 se
853 3189 1024 3236 deinde
1063 3188 1373 3236 incensando.
1408 3189 1521 3234 Post
1563 3186 1882 3245 offertorium,
1921 3188 2046 3249 Papa

282 3273 381 3333 ipse
404 3277 533 3320 stans
553 3273 601 3319 in
622 3273 763 3336 plano
787 3272 890 3319 solii
914 3272 960 3319 in
983 3287 1039 3318 eo
1060 3271 1167 3320 loco
1188 3271 1236 3318 in
1264 3285 1356 3333 quo
1386 3269 1554 3317 sedere
1581 3268 1843 3327 consuevit,
1876 3268 2043 3316 incen-

281 3359 409 3402 satus
432 3360 520 3413 est,
545 3355 716 3403 deinde
738 3355 832 3402 duo
860 3354 937 3402 alii
959 3354 1256 3411 assistentes,
1282 3356 1383 3400 tum
1414 3350 1491 3399 alii
1520 3351 1785 3400 cardinales
1811 3365 1945 3399 more
1964 3364 2042 3398 so-
