2262 3958
383 345 452 380 400
987 311 1219 378 JoHANNis
1253 342 1547 388 ssuRouARoi‚
1935 347 2040 388 [Mars
2058 347 2148 389 μου]

385 445 650 504 existentis,
675 445 774 493 veri
795 443 990 491 heredis
1009 444 1242 507 genitoris
1272 444 1345 492 sui
1374 444 1604 505 defuncti,
1629 461 1657 493 a
1677 446 1879 495 subditis
1908 446 2005 495 suis
2026 445 2152 495 mul-

382 532 484 576 tum
507 527 687 585 dilecti,
712 531 759 575 et
789 527 1007 590 germani
1038 528 1129 586 sui,
1167 527 1424 590 imperium
1451 531 1715 576 Turcorum
1745 529 1960 594 regentis
1990 528 2153 577 inimi-

383 611 579 670 cissimi,
601 625 686 674 pro
708 610 851 674 hujus
873 611 941 658 rei
963 610 1176 659 faciliore
1196 611 1331 659 initio
1354 610 1432 676 (1).

448 694 587 742 Feria
631 694 797 757 quinta
830 691 906 742 '25
949 694 1128 743 mensis
1171 695 1347 752 martii,
1395 695 1571 743 festum
1615 696 1981 744 annunciatonis
2012 696 2153 745 Beate

383 776 531 824 Marie
545 776 758 840 virginis,
780 780 942 825 Rmus.
960 780 1013 825 D.
1039 777 1293 825 cardinalis
1309 781 1672 826 Beneventanus
1691 778 2154 827 celebravitmissam

385 859 650 907 solemnem
676 859 734 907 de
756 860 922 923 spiritu
945 865 1110 908 sancto
1135 860 1183 907 in
1212 861 1396 925 capella
1415 861 1648 925 predicta,
1676 864 1804 925 Papa
1830 866 1878 910 et
1902 861 2157 910 cardinali-

384 942 471 988 bus
491 943 812 1005 presentibus,
843 948 890 991 et
916 959 1013 991 non
1038 944 1151 992 fecit
1178 944 1690 993 commemorationem
1718 944 1777 992 de
1803 944 1947 993 beata
1972 944 2156 1008 virgine

384 1024 534 1071 Maria
553 1041 710 1087 neque
739 1025 797 1073 de
823 1025 959 1083 feria,
985 1027 1066 1074 SS.
1093 1029 1149 1074 D.
1175 1028 1231 1073 N.
1254 1026 1314 1073 ad
1336 1026 1624 1075 sententiam
1644 1031 1691 1075 et
1712 1027 2009 1075 voluntatem
2030 1027 2153 1075 Rmi.

388 1111 443 1155 D.
481 1108 734 1155 cardinalis
762 1108 1062 1172 Neapolitani
1083 1109 1150 1157 ita
1176 1109 1427 1158 sentientis
1448 1109 1724 1168 mandante,
1747 1124 1835 1173 pro
1857 1124 1916 1158 eo
1938 1109 2084 1172 quod,
2106 1113 2157 1158 ut

389 1191 588 1239 sacrista
618 1191 778 1239 retulit
813 1191 907 1239 hoc
942 1207 1084 1239 mane
1121 1192 1170 1238 in
1198 1208 1341 1255 parva
1376 1193 1582 1256 capella,
1618 1192 1765 1240 missa
1800 1192 1859 1241 de
1888 1192 2012 1241 festo
2047 1207 2157 1240 cum

388 1273 505 1321 ferie
528 1274 990 1322 commemoratione
1013 1275 1139 1323 dicta
1161 1279 1304 1323 esset.

451 1357 607 1405 Finita
624 1357 786 1415 missa,
812 1362 1068 1420 antequam
1089 1358 1303 1422 pontifex
1322 1358 1500 1422 populo
1523 1358 1804 1406 solemniter
1827 1357 2155 1416 benediceret,

387 1443 440 1486 R.
467 1442 518 1487 P.
544 1444 600 1488 D.
634 1441 804 1489 Petrus
836 1441 894 1489 de
917 1440 1139 1490 Vicentia
1162 1441 1415 1504 episcopus
1446 1441 1799 1499 Cesenatensis,
1830 1440 1960 1490 curie
1990 1457 2160 1490 causa-

390 1538 496 1569 rum
531 1538 722 1571 camere
756 1523 1020 1586 apostolice
1052 1524 1289 1588 generalis
1323 1524 1529 1582 auditor,
1553 1523 1745 1587 pluviali
1764 1523 1914 1572 rubeo
1942 1528 2154 1587 paratus,

388 1621 532 1668 supra
561 1606 814 1654 rochetum
836 1607 1028 1655 mitram
1050 1607 1317 1671 simplicem
1348 1607 1569 1655 manibus
1594 1606 1834 1665 deferens,
1864 1607 2068 1656 accessit
2099 1606 2159 1655 ad

385 1688 663 1750 pontificem
697 1690 831 1754 cujus
865 1690 1038 1753 pedem
1071 1691 1314 1739 osculatus
1336 1695 1426 1749 est,
1459 1695 1506 1739 et
1536 1690 1817 1754 genuflexus
1844 1689 1980 1754 petiit
2009 1690 2160 1739 hene-

385 1771 645 1820 dictionem
671 1791 680 1820 :
707 1789 799 1836 qua
823 1773 1004 1831 habita,
1040 1773 1359 1836 indulgentias
1389 1774 1573 1838 accepit
1592 1777 1778 1837 septem
1805 1776 2041 1822 annorum
2067 1789 2157 1837 pu-

384 1855 647 1903 blicandas.
683 1856 838 1903 Minus
866 1856 983 1903 mihi
1018 1857 1273 1905 convenire
1302 1857 1554 1905 videbatur
1584 1856 1935 1905 benedictionis
1966 1855 2152 1919 petitio,

387 1955 497 1986 cum
518 1954 615 1987 non
644 1938 701 1986 de
725 1940 973 2002 evangelio
998 1944 1078 1988 aut
1095 1940 1242 1987 verbo
1264 1940 1351 1988 Dei
1373 1956 1648 1990 sermonem
1669 1945 1797 1990 esset
1817 1940 2049 1997 facturus,
2071 1937 2157 1986 sed

387 2021 601 2070 dicturus
639 2037 697 2070 ea
724 2027 923 2085 propter
952 2038 1044 2085 que
1074 2023 1289 2086 pontifex
1315 2023 1556 2087 principes
1583 2026 1896 2072 convocasset
1930 2038 1940 2069 ;
1973 2025 2156 2079 tamen,

386 2105 495 2169 quia
518 2105 584 2153 ita
606 2104 760 2152 visum
788 2110 860 2153 est
884 2108 1022 2153 Rmo.
1054 2108 1111 2153 D.
1142 2105 1555 2165 vicecancellario,
1584 2106 1975 2155 benedictionem
2001 2103 2155 2168 petiit.

386 2189 613 2234 Preterea
647 2186 900 2236 videbatur
930 2191 1067 2235 Rm0.
1103 2191 1159 2236 D.
1201 2189 1431 2236 cardinali
1466 2206 1504 2237 s.
1547 2190 1695 2237 Marci
1729 2189 1856 2252 quod
1889 2203 2048 2238 sermo
2075 2202 2157 2236 seu

386 2269 538 2317 oratio
579 2269 874 2334 hujusmodi,
926 2271 1288 2320 convenientius
1323 2272 1488 2321 habita
1533 2277 1660 2322 esset
1701 2277 1809 2336 post
1857 2270 2159 2340 evengelium

386 2368 529 2415 quam
551 2352 689 2411 infra,
726 2370 784 2401 ex
806 2369 863 2401 eo
887 2354 1016 2417 quod
1039 2354 1141 2417 ipse
1170 2355 1358 2403 dicebat
1386 2356 1571 2403 nullum
1599 2371 1874 2404 sermonem
1904 2358 2012 2419 post
2043 2353 2160 2402 mis-
2201 2350 2205 2354 ’

387 2451 489 2483 sam
506 2436 612 2483 fieri
643 2436 734 2482 nisi
752 2451 839 2498 pro
859 2436 1120 2494 defunctis;
1145 2437 1193 2483 in
1215 2452 1308 2499 quo
1331 2441 1384 2484 R.
1411 2438 1684 2486 Dominatio
1706 2453 1808 2495 sua,
1834 2437 1973 2485 venia
1988 2435 2154 2499 petita,

388 2518 595 2575 errabat,
634 2534 744 2566 cum
772 2518 820 2565 in
845 2518 1067 2566 omnibus
1106 2519 1300 2582 synodis
1334 2524 1380 2568 et
1411 2520 1715 2583 generalibus
1749 2519 1965 2568 conciliis
1998 2531 2157 2567 sermo

389 2601 486 2649 sive
515 2601 666 2649 oratio
688 2600 793 2648 fieri
820 2600 970 2648 soleat
991 2605 1098 2664 post
1126 2601 1348 2660 missam3
1377 2607 1634 2665 propterea
1655 2607 1701 2651 et
1725 2602 1774 2650 in
1797 2601 1891 2650 hoc
1920 2601 2080 2650 officio
2109 2600 2158 2648 in

390 2700 484 2747 quo
507 2699 665 2734 sermo
687 2699 784 2732 non
806 2683 864 2731 de
895 2683 1097 2747 epistola
1119 2685 1193 2755 vel
1214 2685 1462 2748 evangelio
1488 2685 1723 2734 hodierno
1752 2685 1836 2734 sed
1859 2684 1917 2733 de
1945 2683 2088 2732 rebus
2108 2683 2157 2731 in

438 2858 471 2893 1.
502 2857 649 2893 Comme
679 2867 726 2892 on
752 2855 799 2892 l’a
829 2867 876 2891 vu
905 2855 1197 2903 precedemment
1221 2855 1268 2902 (p.
1292 2855 1375 2896 335,
1400 2858 1485 2891 note
1503 2854 1553 2900 1),
1575 2853 1683 2891 Zizim
1703 2853 1791 2890 etait
1815 2852 1849 2889 16
1872 2852 1966 2888 frere
1991 2852 2102 2899 puina
2118 2849 2164 2886 de

390 2916 537 2964 Bajazet
558 2915 601 2960 ΙΙ,
624 2919 659 2952 et
678 2926 743 2963 par
763 2914 871 2958 suite,
891 2914 926 2951 la
958 2914 1166 2951 succession
1194 2925 1239 2950 au
1267 2917 1368 2950 trone
1391 2914 1435 2951 de
1462 2914 1646 2951 Mahomet
1667 2913 1699 2949 II
1719 2911 1881 2949 revenait
1900 2911 1945 2948 de
1968 2909 2062 2947 droit
2080 2911 2102 2946 a
2120 2920 2162 2946 ce

391 2975 543 3012 dernier.
560 2975 656 3012 C'est
676 2975 770 3010 donc
784 2976 805 3010 a
823 2976 896 3010 tort
913 2985 982 3021 que
999 2973 1183 3009 Burchard
1200 2973 1338 3021 appelle
1354 2973 1461 3010 Zizim
1476 2973 1507 3009 le
1523 2973 1596 3010 vrai
1612 2972 1758 3009 heritier
1772 2972 1817 3008 de
1839 2982 1903 3008 son
1925 2972 2023 3018 pere,
2039 2980 2162 3006 erreur

389 3033 570 3071 d’ailleurs
585 3044 773 3070 commune
791 3034 813 3068 a
825 3032 1007 3080 plusieurs
1024 3032 1218 3069 historiens
1232 3032 1523 3080 contemporains
1538 3043 1677 3069 comme
1689 3031 1875 3068 Infessura
1889 3030 1994 3077 (dans
2008 3028 2157 3072 Eceard,

391 3098 417 3129 t.
440 3093 487 3138 ΙΙ,
509 3092 576 3129 col.
602 3093 724 3138 1986);
746 3091 949 3128 Guillaume
969 3091 1014 3127 de
1036 3091 1182 3139 Jaligny
1205 3092 1324 3139 (Hist.
1347 3093 1402 3127 du
1427 3092 1507 3138 Roy
1532 3093 1692 3128 Char-les
1719 3091 1832 3135 VIII,
1853 3089 1945 3126 dans
1965 3087 2158 3135 Godefroy,

393 3165 428 3200 p.
456 3152 531 3200 62),
553 3156 622 3188 etc.
650 3151 677 3187 Il
695 3151 771 3187 faut
791 3150 960 3187 toutefois
981 3162 1188 3199 remarquer
1207 3163 1277 3199 que
1305 3151 1412 3187 Zizim
1434 3163 1472 3187 se
1495 3152 1678 3199 regardait
1704 3161 1840 3187 comme
1864 3149 1896 3185 16
1919 3147 1995 3185 vrai
2014 3145 2160 3183 heritier

394 3212 438 3247 de
459 3222 524 3248 son
546 3214 642 3259 pere.
664 3214 700 3247 et
717 3221 787 3258 que
807 3214 885 3247 tout
905 3221 949 3246 en
969 3211 1244 3247 reconnaissant
1262 3222 1332 3258 que
1354 3209 1499 3257 Bajazet
1519 3209 1551 3245 11
1572 3208 1659 3245 etait
1683 3220 1748 3245 son
1769 3209 1864 3252 aine,
1885 3206 1909 3242 il
1934 3206 1965 3242 16
1990 3204 2158 3241 60ηείἀὸ-

395 3269 462 3306 rait
486 3281 623 3306 comme
646 3281 696 3306 un
726 3273 954 3317 usurpateur,
983 3280 1091 3316 parce
1117 3281 1187 3317 que
1213 3267 1356 3306 celui-ei
1377 3268 1464 3305 etait
1483 3270 1528 3304 ne
1542 3267 1666 3315 quand
1691 3267 1877 3304 Mahomet
1896 3265 1927 3301 11
1951 3264 2076 3302 n’etait
2093 3273 2160 3310 pas

397 3339 524 3365 encore
550 3328 615 3365 roi.
644 3328 738 3376 Voy.
769 3328 860 3364 dans
890 3327 924 3363 la
955 3326 1103 3364 relation
1139 3328 1184 3364 de
1216 3326 1391 3365 Caoursin
1413 3329 1448 3374 (a
1475 3325 1683 3373 l’Append.,
1705 3331 1746 3361 n⁰
1767 3325 1827 3372 34)
1848 3323 1880 3360 16
1900 3324 1918 3369 ἓ
1938 3324 2092 3367 Zizimy
2110 3321 2164 3356 ad

342 3432 345 3437 y
395 3389 628 3433 Magistrum
650 3390 778 3431 verba,
799 3387 861 3435 qui
882 3387 1022 3423 infirme
1043 3385 1213 3434 l‘opinion
1238 3383 1414 3422 contraire
1435 3382 1622 3431 d’Attichy
1644 3384 1802 3419 :Flores
1822 3382 1991 3418 historiae
2002 3380 2041 3416 S.
2054 3379 2096 3416 R.
2110 3380 2161 3415 Ε.

395 3447 684 3492 Οανάἱηαίίιιυτ,
704 3447 833 3492 in-l'ol.‚
856 3450 883 3483 t.
900 3447 945 3492 Il,
965 3459 1000 3495 p.
1023 3447 1106 3482 412.
