2262 3958
323 284 348 317 2
797 275 802 282 '
928 280 1160 318 JOHANNIS
1175 312 1177 314 .
1195 280 1490 327 BURCHARDI,
1772 278 1978 322 [Decembre
2000 280 2092 320 1483]

325 380 512 429 niarum
539 397 628 445 per
656 380 971 429 reverendum
999 380 1048 428 in
1083 380 1268 430 Christo
1302 384 1487 445 patrem
1517 382 1574 428 D.
1605 380 1866 428 Adrianum
1901 378 1961 444 (1)
1991 379 2093 442 epi—

325 478 526 527 scopum
552 463 868 523 Aleriensem,
899 466 955 510 R.
982 463 1032 510 in
1057 463 1243 512 Christo
1270 463 1417 527 patris
1442 466 1500 511 D.
1528 462 1851 511 Bartholomei
1879 461 2093 526 episcopi
2120 504 2123 506 .

325 546 541 594 Civitatis
563 545 753 594 Castelli
779 545 961 609 capelle
991 547 1073 594 SS.
1099 548 1153 594 D.
1181 548 1237 594 N.
1263 560 1385 610 pape
1413 545 1628 609 magistri
1651 546 2090 607 locumtenentem;

325 633 373 677 et
394 629 453 678 de
473 629 622 693 ipsius
647 628 875 676 mandato
897 645 983 692 per
1001 629 1212 692 priorem
1234 633 1483 677 cantorum
1506 629 1632 676 dicte
1654 629 1836 691 capelle
1857 628 1905 676 in
1926 644 2092 677 eorum

323 712 614 760 bastardello
642 716 916 772 annotatus,
941 712 1054 760 licet
1078 712 1318 760 dominica
1338 712 1555 776 proxime
1576 711 1822 775 preterita,
1843 711 2088 760 videlicet:

327 794 538 842 Gaudete
576 795 624 841 in
660 795 838 854 habitu,
879 800 993 855 etc.,
1038 795 1373 859 superpellicio
1409 795 1617 859 primum
1656 793 1930 842 intraverim
1971 810 1981 842 :
2024 793 2091 842 fui

324 882 486 926 autem
509 878 747 925 admissus
777 878 838 925 ad
865 878 1090 926 effectum
1116 878 1497 927 ceremoniarum
1529 877 1807 941 hujusmodi
1827 892 1914 941 per
1939 877 2094 940 presi-

322 960 491 1008 dentes
526 976 718 1008 camere
741 961 1021 1023 apostolice,
1046 962 1124 1009 diu
1145 966 1328 1025 postea,
1352 961 1574 1010 videlicet
1597 965 1655 1009 26
1680 960 1860 1008 mensis
1882 959 2093 1023 januarii

322 1059 449 1091 anno
481 1045 924 1091 MCCCCLXXXIIII
952 1044 1000 1091 in
1029 1044 1190 1092 locum
1220 1047 1271 1092 R.
1297 1044 1343 1091 in
1373 1044 1560 1092 Christo
1584 1043 1732 1107 patris
1759 1045 1816 1090 D.
1840 1040 2091 1105 Augustini

322 1125 513 1174 Patricii
535 1126 754 1175 canonici
777 1127 1004 1175 Senensis
1027 1127 1088 1193 (2)
1118 1128 1195 1191 qui
1221 1129 1528 1190 postmodum
1550 1127 1767 1176 ecclesiis
1796 1125 2090 1174 Pientinensi

320 1284 481 1330 Rinaldi,
509 1289 545 1322 et
569 1297 635 1335 par
665 1285 841 1334 l'analyse
874 1287 981 1334 qu'en
1013 1299 1035 1323 a
1070 1288 1211 1323 donnee
1243 1288 1294 1324 M.
1329 1288 1373 1323 de
1395 1287 1608 1335 Brequigny
1643 1288 1734 1323 dans
1762 1286 1815 1323 les
1849 1300 1867 1319 «
1894 1285 2039 1322 Notices
2059 1287 2095 1321 et

320 1344 478 1381 Extraits
499 1345 563 1382 des
579 1345 797 1382 manuscrIts
820 1347 864 1382 de
884 1346 918 1383 la
938 1346 1189 1394 Bibliothcque
1211 1347 1259 1382 du
1280 1346 1348 1383 Roi
1369 1361 1387 1380 »
1410 1349 1449 1395 (t.
1477 1347 1523 1392 II,
1544 1359 1580 1395 p.
1594 1348 1664 1383 626
1681 1350 1716 1382 et
1736 1346 1949 1392 suivantes).

369 1405 420 1440 De
440 1407 568 1449 meme,
586 1417 632 1441 en
652 1406 757 1451 1499,
782 1405 978 1442 semblable
999 1405 1197 1453 obligation
1223 1407 1267 1442 de
1293 1406 1385 1442 tenir
1404 1418 1453 1442 un
1470 1405 1615 1454 journal
1644 1406 1698 1442 fut
1723 1405 1882 1452 imposee
1907 1415 1954 1440 au
1973 1406 2094 1440 came-

322 1462 392 1498 ricr
410 1463 458 1498 du
479 1463 588 1500 Sacre
604 1462 762 1511 Collega.
787 1464 841 1500 On
863 1464 902 1500 lit
922 1466 1013 1501 dans
1034 1464 1085 1501 les
1108 1479 1126 1498 «
1149 1466 1300 1501 Decreta
1326 1465 1589 1502 consistorialia
1615 1465 1659 1501 ab
1686 1464 1890 1501 Alexandro
1909 1464 1958 1501 VI
1979 1474 2094 1511 usque

319 1522 365 1559 ad
387 1521 574 1558 Urbanum
593 1522 677 1559 VIII
700 1538 717 1557 υ
741 1523 800 1572 (B.
823 1523 883 1568 N.‚
906 1535 995 1560 mss.
1018 1523 1095 1569 lat„
1120 1525 1247 1570 12555,
1274 1525 1309 1569 5,
1330 1525 1449 1572 verso)
1472 1537 1481 1561 ε

913 1657 930 1675 «
960 1642 1024 1678 Die
1054 1654 1091 1677 ix
1106 1641 1263 1698 januarii
1287 1641 1504 1679 MCCCCIC.

369 1754 387 1773 «
415 1738 521 1786 Legit
552 1737 875 1774 reverendissimus
912 1738 956 1773 D.
991 1737 1184 1773 cardinalis
1227 1740 1349 1774 sancte
1382 1736 1506 1774 Crucis
1543 1737 1721 1786 quasdam
1752 1738 2023 1775 reformationes
2060 1742 2096 1775 et

322 1798 525 1835 additiones
555 1797 664 1834 officii
693 1797 951 1834 camerariatus
981 1809 1012 1833 s.
1044 1796 1198 1845 collegii,
1225 1796 1262 1832 in
1286 1796 1438 1833 utilitate
1463 1797 1843 1834 reverendissimorum
1863 1797 2095 1835 cardinalium

321 1856 499 1902 faciende,
527 1867 682 1903 quarum
703 1856 747 1892 de
778 1855 888 1892 verbo
921 1856 967 1892 ad
998 1855 1147 1892 verbum
1178 1855 1327 1892 inferius
1360 1856 1571 1893 adnotatum
1603 1859 1674 1902 est,
1704 1855 1837 1904 quibus
1864 1855 2035 1905 perlectis
2059 1861 2097 1895 et

321 1917 519 1952 admodum
538 1915 708 1960 laudatis,
732 1914 939 1951 ordinatum
957 1914 1026 1951 fuit
1045 1918 1085 1951 ut
1103 1915 1140 1951 in
1160 1918 1347 1963 posterum
1368 1918 1596 1951 servarentur
1617 1927 1626 1952 :

369 1990 388 2009 «
417 1976 457 2011 In
478 1975 616 2024 primis,
637 1974 803 2011 videlicet
824 1974 920 2021 quod
941 1974 1265 2011 reverendissimus
1286 1975 1330 2010 D.
1351 1968 1567 2011 camerarius
1588 1986 1618 2011 s.
1641 1974 1782 2023 collegii
1803 1974 1957 2024 singulis
1977 1975 2095 2021 annis,

318 2034 355 2070 in
381 2034 454 2071 fine
475 2034 581 2071 officii
605 2035 661 2071 sui
692 2037 859 2070 teneatur
890 2034 976 2070 dare
1007 2037 1043 2070 et
1072 2034 1242 2071 exhibere
1269 2045 1377 2070 unam
1409 2033 1573 2071 cedulam
1599 2033 1638 2071 in
1657 2046 1729 2082 qua
1754 2038 1947 2071 narrantur
1971 2039 2098 2073 exacta

318 2098 480 2142 tempore
498 2106 565 2130 suo
585 2097 620 2130 et
640 2105 710 2141 que
730 2097 940 2130 remaneant
960 2093 1145 2141 exigenda
1164 2097 1200 2130 et
1218 2093 1254 2129 in
1274 2093 1406 2140 quibus
1427 2097 1462 2131 et
1478 2095 1655 2142 quantum
1672 2093 1719 2132 de
1736 2093 1853 2142 gratia
1876 2093 1943 2130 fuit
1961 2094 2095 2131 sactum

317 2158 477 2203 tempore
506 2165 572 2190 suo
593 2157 628 2190 et
647 2156 824 2200 quantum
852 2152 1008 2201 pertinet
1027 2154 1073 2189 ad
1093 2152 1292 2189 cardinales
1312 2156 1474 2189 mortuos
1497 2154 1534 2190 et
1547 2154 1707 2201 ponatur
1730 2151 1798 2188 hec
1814 2151 1943 2189 cedula
1967 2151 2003 2188 in
2023 2151 2096 2188 fine

318 2213 400 2249 libri
420 2213 505 2249 anni
525 2212 582 2248 sui
602 2216 642 2249 ut
670 2224 827 2260 sequens
853 2212 1072 2249 camerarius
1092 2211 1234 2249 facilius
1255 2211 1432 2259 intelligat
1450 2207 1650 2263 proventus
1668 2211 1764 2248 sacri
1782 2210 1940 2260 collegii,
1959 2214 2029 2248 etc.
2051 2225 2071 2245 υ

368 2275 401 2308 1.
428 2272 597 2308 Ardicino
619 2271 713 2308 della
727 2272 848 2308 Porta.
872 2293 918 2298 —
939 2272 1036 2308 Tous
1056 2271 1108 2308 les
1130 2283 1218 2308 mss.
1242 2272 1403 2308 donnent
1425 2284 1467 2306 z«
1489 2271 1533 2307 D.
1555 2270 1767 2315 Adrianum,
1789 2270 1997 2318 episcopum
2017 2269 2098 2308 Ale-

319 2332 474 2368 riensem
492 2344 500 2377 ;
523 2345 541 2365 »
563 2332 655 2367 dans
675 2330 707 2366 le
728 2334 881 2367 courant
901 2332 946 2366 du
963 2330 1125 2375 Journal,
1147 2330 1191 2367 ils
1206 2331 1384 2367 semblent
1397 2331 1536 2367 donner
1554 2331 1854 2378 indiffeg'ssemment
1871 2331 2093 2376 Adrianus,

320 2393 510 2436 Ardinus,
533 2391 753 2435 Arduinus,
787 2390 1003 2434 Andrinas,
1030 2390 1261 2435 Ardicinus,
1284 2402 1370 2426 sans
1390 2390 1500 2426 doute
1523 2401 1589 2438 par
1613 2383 1767 2429 lai-Eme
1793 2390 1842 2425 du
1867 2384 2005 2438 copiste
2033 2391 2094 2438 qui

322 2463 410 2488 aura
427 2450 499 2487 mal
518 2450 711 2498 interprete
731 2448 784 2485 les
805 2449 1045 2485 abreviations
1073 2449 1121 2484 du
1141 2451 1238 2484 texte
1265 2448 1433 2497 original.
1455 2447 1608 2485 Celui-ci
1627 2448 1705 2485 doit
1724 2452 1797 2486 etre
1818 2450 1882 2486 des
1902 2449 1984 2498 plus
2005 2450 2096 2487 diffi-

321 2509 407 2546 ciles
427 2512 448 2545 a
468 2508 669 2554 dechiffrer,
693 2509 736 2554 si,
759 2519 897 2544 comme
918 2507 943 2543 il
968 2511 1024 2544 est
1048 2507 1337 2553 vraisemblable,
1367 2507 1555 2544 Burchard
1574 2508 1620 2543 l'a
1639 2508 1726 2544 ecrit
1745 2509 1789 2544 de
1809 2507 1844 2544 la
1862 2511 1978 2545 meme
1996 2509 2093 2546 main

321 2569 383 2617 qui
402 2568 498 2604 avait
516 2568 640 2615 redige
659 2567 712 2604 les
732 2567 839 2604 livres
859 2566 996 2603 relatifs
1017 2578 1062 2602 au
1082 2566 1308 2603 ceremonial.
1332 2566 1434 2604 Paris
1455 2567 1499 2603 de
1520 2567 1664 2604 Grassis
1679 2567 1731 2604 dit
1744 2567 1831 2615 qu’il
1846 2568 1908 2616 n'y
1922 2580 1943 2605 a
1962 2569 2094 2617 qu’une

322 2626 451 2676 sibylle
471 2626 534 2674 qui
553 2626 675 2675 puisse
691 2626 753 2663 lire
774 2638 833 2662 ces
848 2626 1022 2669 derniers,
1039 2629 1075 2661 et
1089 2636 1158 2673 que
1176 2624 1363 2660 Burchard
1382 2637 1402 2660 a
1415 2626 1463 2661 dn
1477 2625 1630 2672 prendre
1644 2625 1676 2662 le
1697 2626 1817 2663 diable
1837 2638 1930 2675 pour
1941 2627 2092 2676 copiste.

322 2688 433 2735 (Par.
456 2689 503 2722 de
522 2687 679 2722 Grassis
697 2687 894 2731 Diarium,
916 2687 958 2724 B.
981 2686 1040 2730 N.‚
1063 2697 1151 2722 mss.
1174 2683 1252 2729 lat„
1269 2684 1374 2730 5164,
1389 2684 1450 2720 fol.
1473 2685 1555 2729 339,
1577 2685 1698 2733 verso)
1723 2697 1732 2722 z
1756 2700 1774 2719 «
1854 2686 1982 2723 Libros
2002 2698 2094 2734 quos

322 2758 367 2783 cx
391 2746 526 2783 talibus
547 2745 779 2794 inscripserat
799 2757 904 2782 nemo
924 2745 1123 2793 intelligere
1148 2747 1281 2792 potest,
1309 2743 1379 2779 nisi
1410 2743 1575 2780 diabolus
1602 2749 1762 2781 assertor
1783 2746 1861 2794 ejus
1881 2749 1944 2782 aut
1969 2745 2092 2783 saltem

323 2806 465 2854 sibylla,
490 2805 542 2842 sic
562 2805 655 2842 enim
675 2804 773 2841 cifris
794 2809 857 2842 aut
877 2805 1119 2841 caracteribus
1141 2802 1432 2841 obscurrissimis
1451 2802 1613 2851 depinxit
1633 2808 1696 2840 aut
1714 2804 1825 2841 literis
1846 2804 2042 2842 obliteratis
2060 2809 2096 2842 et

322 2865 440 2902 oblitis
462 2864 645 2913 figuravit,
668 2868 706 2901 ut
726 2865 833 2901 credo
852 2864 971 2912 ipsum
991 2863 1164 2901 habuisse
1190 2862 1372 2899 diabolum
1397 2874 1461 2910 pro
1481 2862 1632 2910 copista.
1655 2878 1674 2896 »
1703 2863 1757 2899 On
1780 2866 1906 2900 trouve
1925 2867 2096 2912 pourtant

323 2926 414 2961 dans
445 2923 678 2960 GAmMBnnro
709 2936 758 2959 un
792 2923 955 2971 exemple
986 2926 1032 2960 οὐ
1058 2925 1275 2958 Ardicinus
1303 2925 1339 2957 et
1366 2922 1572 2957 Adrianus
1603 2926 1685 2959 sont
1712 2922 1786 2970 pris
1814 2935 1952 2959 comme
1981 2934 2092 2971 syno-

322 2995 472 3032 nymes3
495 2983 583 3020 c'est
605 2983 696 3019 dans
718 2984 775 3018 La
786 2985 920 3029 prima
939 2989 1055 3028 parte
1074 2984 1170 3018 delle
1189 2984 1263 3018 vite
1285 2993 1396 3017 ocero
1420 2984 1514 3028 fatti
1539 2984 1784 3018 memorabili
1804 2983 1976 3018 d'alcuni
1995 2983 2093 3027 Papi

323 3047 398 3080 edi
417 3046 511 3082 tutti
531 3046 545 3079 i
568 3045 776 3080 Cardinali
794 3045 955 3089 passati.
975 3064 1021 3070 —
1047 3044 1087 3078 In
1100 3042 1265 3089 Vinegia,
1291 3042 1394 3085 1567,
1417 3041 1475 3077 liv.
1498 3042 1525 3086 I,
1547 3053 1640 3089 page
1662 3041 1742 3077 120.
1764 3041 1814 3077 Le
1838 3041 1920 3077 titre
1940 3041 2058 3077 donne
2082 3053 2090 3078 ε

325 3119 343 3137 «
366 3104 410 3140 Di
436 3103 607 3140 Ardicino
637 3103 793 3139 secondo
825 3102 917 3138 della
945 3102 1056 3138 Porta
1087 3100 1331 3137 d'Innocentio
1358 3103 1477 3136 ottavo
1499 3113 1546 3146 »3
1575 3104 1609 3136 et
1637 3099 1941 3136 immediatement
1972 3103 2088 3148 apres,

323 3174 371 3199 on
396 3162 438 3199 lit
466 3175 475 3200 ε
498 3177 517 3196 «
538 3163 587 3199 Se
606 3162 765 3199 Adriano
785 3161 879 3198 della
899 3161 1054 3197 Porta...
1078 3175 1097 3193 »
1124 3161 1223 3196 Dans
1243 3160 1296 3196 les
1317 3160 1413 3196 deux
1441 3164 1561 3196 autres
1583 3160 1762 3208 chapitres
1790 3163 1981 3197 consacres
2005 3163 2028 3196 a
2051 3172 2092 3196 ce

322 3220 497 3264 cardinal,
521 3220 745 3257 Garimberto
765 3218 930 3268 l’appelle
949 3219 1113 3267 toujours
1132 3218 1314 3254 Ardicino.
1335 3218 1429 3265 Voy.
1445 3217 1504 3254 liv.
1522 3219 1585 3263 III,
1599 3229 1636 3266 p.
1651 3219 1734 3262 253,
1750 3222 1785 3254 et
1798 3218 1857 3254 liv.
1871 3218 1934 3263 VI,
1949 3230 1987 3266 p.
2007 3219 2089 3254 482.
2126 3228 2127 3231 ’

370 3281 406 3315 2.
435 3279 612 3327 Agostino
632 3279 767 3317 Patrizi
785 3277 1018 3315 Piccolomini
1038 3277 1123 3313 etait
1147 3279 1272 3313 maitre
1295 3277 1359 3313 des
1383 3277 1603 3313 ceremonies
1626 3278 1670 3313 de
1695 3277 1730 3313 la
1759 3277 1918 3325 chapelle
1938 3278 1986 3314 du
1999 3289 2091 3325 pape

321 3338 413 3374 Paul
439 3339 483 3374 II.
515 3338 542 3373 Il
573 3339 662 3375 cecla
687 3351 728 3376 sa
748 3338 881 3386 charge
904 3340 926 3374 a
955 3337 1142 3373 Burchard
1173 3336 1205 3371 le
1236 3337 1283 3372 26
1317 3335 1459 3383 janvier
1491 3337 1596 3371 1484.
1632 3335 1749 3372 Moins
1785 3337 1871 3372 d'un
1897 3347 1942 3372 an
1972 3338 2090 3384 apres,

321 3397 354 3435 le
373 3398 419 3434 24
439 3397 627 3434 decembre
657 3398 762 3445 1485,
791 3396 922 3434 Patrizi
948 3395 1128 3446 reprenait
1155 3406 1214 3432 ses
1241 3394 1421 3432 fonctions
1442 3406 1486 3430 en
1506 3394 1782 3444 remplacement
1808 3393 2000 3432 d'Antonio
2020 3393 2091 3430 Re-
