2262 3958
108 317 217 359 {Mars
238 318 328 359 149⁰]
558 316 727 354 RERUM
760 316 1064 354 URBANARUM
1099 315 1450 354 COMMENTARII.
1824 313 1894 349 397

159 418 431 468 >Dominica
462 419 619 483 prima
655 419 1040 485 quadragesime,
1079 422 1138 467 28
1165 423 1209 466 et
1237 418 1406 466 ultima
1438 414 1620 464 mensis
1645 412 1893 469 februarii,

109 505 165 551 R.
203 504 265 550 P.
283 504 341 551 D.
380 503 590 551 Thomas
632 504 890 568 episcopus
932 503 1154 552 Dolensis
1195 502 1428 550 assistens
1468 503 1595 563 Pape
1634 496 1894 547 celebravit

110 585 308 634 missam
330 586 571 650 publicam
602 588 651 635 in
673 588 859 651 capella
878 587 1062 651 majore
1086 586 1268 650 palatii,
1297 588 1424 648 Papa
1450 584 1670 639 absente,
1700 580 1892 628 RRmis.

110 671 212 718 DD.
237 669 563 719 cardinalibus
590 671 895 735 presentibus
922 689 930 718 :
964 670 1081 718 dixit
1103 670 1311 732 quinque
1341 667 1587 715 orationes
1614 668 1892 714 consuetas.

113 755 400 803 Sermonem
418 755 532 804 fecit
552 755 700 803 frater
721 753 1091 802 Bartholomeus
1121 754 1515 815 viceprocurator
1536 748 1719 796 ordinis
1740 747 1898 812 predi-

112 841 357 899 catorum3
388 843 435 887 et
456 838 550 886 alia
570 838 734 886 omnia
754 852 890 885 more
914 836 1053 884 solito
1076 839 1187 883 sunt
1210 834 1480 883 observata.

177 922 432 971 Dominica
467 921 680 971 secunda
715 921 1103 985 quadragesime,
1149 924 1173 967 7
1217 918 1400 968 mensis
1434 916 1612 973 martii,
1651 918 1706 962 R.
1746 917 1797 962 P.
1837 916 1893 961 D.

114 1006 280 1064 Ursus,
322 1005 579 1069 episcopus
600 1003 919 1063 Theanensis,
952 1003 1184 1051 assistens
1226 1005 1372 1066 Pape,
1408 999 1669 1049 celebravit
1700 998 1899 1046 missam

114 1088 357 1154 publicam
374 1088 423 1136 in
441 1087 627 1154 capella
656 1087 890 1151 predicta,
921 1090 1052 1151 Papa
1080 1090 1325 1150 presente.
1353 1087 1638 1134 Sermonem
1662 1082 1775 1131 fecit
1794 1081 1900 1144 qui-

111 1171 224 1221 dam
243 1172 394 1221 frater
409 1171 468 1220 de
490 1171 694 1219 Francia
715 1171 898 1219 ordinis
914 1171 1159 1218 minorum
1181 1169 1240 1219 de
1258 1168 1574 1217 Observantia
1594 1183 1603 1215 :
1626 1166 1720 1215 alia
1737 1164 1902 1213 omnia

111 1259 222 1306 sunt
258 1256 515 1305 observata
544 1270 681 1302 more
713 1259 968 1304 consuetO.
1008 1254 1165 1302 Finita
1200 1253 1366 1313 missa,
1402 1252 1461 1300 ad
1496 1250 1898 1316 supplicationem

113 1338 239 1389 Rmi.
265 1342 323 1389 D.
363 1339 624 1389 cardinalis
645 1339 948 1403 Neapolitani
978 1338 1270 1403 protectoris
1305 1336 1488 1384 ordinis
1523 1334 1897 1399 predicatorum,

112 1423 173 1472 de
194 1423 424 1486 mand-ato
448 1425 533 1472 SS.
559 1426 616 1472 D.
644 1426 701 1472 N.
740 1426 867 1488 Pape
901 1423 1177 1471 intimatum
1200 1427 1273 1471 est
1295 1424 1392 1468 RR.
1426 1421 1516 1468 PP.
1551 1421 1651 1466 DD.
1678 1417 1802 1465 sacri
1822 1431 1903 1480 pa·
1966 1464 1968 1466 ,

113 1506 216 1556 latii
238 1522 492 1556 causarum
510 1507 817 1556 auditoribus.
830 1507 958 1571 quod
979 1507 1057 1555 die
1080 1507 1290 1555 crastina
1310 1521 1407 1552 non
1424 1507 1625 1552 teneant
1648 1515 1901 1549 causarum

113 1589 410 1641 audientiam
429 1596 629 1656 propter
642 1591 1010 1640 translationem
1031 1591 1140 1640 sesti
1163 1606 1246 1639 seu
1270 1589 1417 1638 officii
1438 1588 1548 1637 festi
1571 1603 1610 1635 s,
1636 1586 1821 1635 Thome
1843 1584 1902 1633 de

111 1675 301 1739 Aquino
322 1674 382 1724 de
402 1674 640 1723 hodierno
663 1675 710 1723 in
731 1675 997 1722 crastinum
1020 1674 1165 1723 diem.

177 1757 319 1806 Feria
339 1757 569 1815 secunda,
589 1761 617 1805 6
633 1757 748 1805 dicti
763 1757 946 1805 mensis
961 1757 1140 1815 martii,
1168 1757 1227 1805 de
1248 1755 1478 1804 mandato
1499 1756 1583 1803 SS.
1610 1757 1668 1802 D.
1689 1756 1747 1802 N.
1774 1756 1902 1817 Pape

112 1840 316 1889 nonfuit
337 1843 471 1906 tenta
494 1845 599 1889 rota
617 1856 777 1904 neque
801 1840 1047 1890 audientia
1067 1845 1265 1905 propter
1287 1838 1656 1888 translationem
1688 1837 1836 1884 officii
1858 1853 1897 1884 s.

110 1922 300 1972 'rhome
327 1923 388 1972 de
415 1923 606 1986 Aquino
642 1923 691 1970 in
718 1923 847 1971 diem
888 1928 936 1972 et
965 1923 1136 1972 eadem
1171 1923 1248 1971 die
1282 1923 1367 1972 suit
1398 1927 1648 1987 peractum
1687 1921 1901 1969 officium

115 2006 400 2056 solemniter
417 2007 559 2055 beate
581 2007 732 2055 Marie
756 2023 902 2071 supra
920 2008 1188 2056 Minervam
1208 2008 1266 2055 de
1288 2007 1417 2056 dicto
1439 2008 1563 2056 festo
1586 2006 1663 2054 cui
1686 2005 1902 2054 interfuit

115 2090 274 2156 maJ‘or
289 2106 401 2155 pars
422 2093 716 2139 RRmorum.
743 2094 844 2139 DD.
879 2092 1194 2140 cardinalium
1221 2093 1271 2139 in
1289 2091 1417 2139 Urbe
1435 2090 1753 2154 presentium.
1790 2089 1907 2136 Mis-

115 2189 221 2223 sam
242 2174 503 2224 celebravit
532 2177 587 2222 R.
623 2177 675 2222 P.
709 2177 766 2222 D.
792 2175 926 2223 Titus
945 2176 1201 2239 episcopus
1225 2175 1493 2223 Castrensis
1514 2174 1563 2220 in
1581 2171 1901 2237 patrimoni03

116 2261 174 2322 D.
194 2257 383 2308 Aldello
403 2258 535 2306 socio
548 2273 659 2306 meo
674 2258 997 2306 ministrante.
1013 2260 1302 2306 Sermonem
1321 2257 1433 2306 fecit
1456 2255 1653 2320 quidam
1671 2254 1905 2303 scholaris

115 2358 359 2391 romanuS.

178 2426 321 2475 Feria
349 2431 503 2486 sexta,
537 2426 711 2475 festum
746 2442 785 2474 s.
829 2427 1049 2490 Gregorii
1077 2443 1220 2491 pape,
1262 2428 1348 2475 SS.
1386 2428 1443 2474 D.
1465 2429 1633 2474 noster
1650 2424 1697 2472 in
1737 2436 1900 2483 mane,

110 2515 310 2575 ¹paratus
330 2510 530 2571 amictu,
555 2510 767 2575 cingu10,
799 2510 939 2570 stola,
974 2510 1083 2559 alba
1112 2510 1327 2575 pretiosa
1360 2515 1405 2559 et
1439 2509 1626 2572 capello
1664 2525 1724 2557 ex
1742 2507 1903 2556 veluto

115 2595 408 2655 cremosino,
444 2595 819 2660 precedentibus
852 2595 1011 2658 ipsum
1053 2595 1375 2643 cardinalibus
1407 2599 1455 2643 et
1487 2611 1630 2643 cruce
1663 2611 1754 2659 per
1779 2594 1905 2642 viam

116 2678 274 2742 campi
289 2678 448 2736 Flore,
474 2695 512 2727 s.
536 2678 806 2739 Anastasie,
832 2679 1059 2742 equitavit
1081 2679 1142 2727 ad
1163 2679 1420 2728 ecclesiam
1445 2695 1484 2726 s,
1503 2679 1721 2743 Gregorii
1736 2679 1816 2727 ubi
1846 2678 1905 2726 de

117 2777 244 2826 equo
264 2761 370 2826 ipso
392 2762 737 2822 descendente,
771 2762 930 2810 oblata
950 2763 1037 2811 fuit
1068 2763 1111 2811 ei
1142 2779 1260 2811 crux
1286 2779 1375 2827 per
1402 2763 1570 2811 fratres
1595 2778 1740 2826 quam
1762 2778 1906 2810 oscu-

116 2845 241 2894 latus
261 2849 336 2894 es't
356 2850 404 2894 et
424 2861 570 2893 manu
594 2845 718 2893 Rmi.
746 2848 801 2893 D.
831 2846 1086 2894 cardinalis
1118 2847 1348 2895 Senensis
1378 2848 1520 2912 primi
1549 2848 1738 2896 diaconi
1762 2847 1908 2895 assis-

119 2929 264 2979 tentis
282 2945 414 2978 eum.
430 2929 663 2979 Ascendit
683 2929 745 2978 ad
772 2929 1050 2987 ecclesiam,
1075 2931 1226 2978 oravit
1252 2931 1302 2978 in
1325 2931 1592 2980 faldistorio
1622 2936 1733 2979 ante
1757 2931 1906 2978 altare

121 3013 210 3062 sibi
244 3020 428 3078 parato,
470 3018 572 3062 tum
600 3013 806 3061 surrexit
835 3018 882 3062 et
916 3029 1027 3061 cum
1054 3017 1108 3061 R.
1148 3017 1201 3062 P.
1234 3017 1290 3062 D.
1331 3018 1472 3064 Petro
1502 3015 1649 3064 Paulo
1678 3014 1908 3079 episcopo

121 3114 161 3146 s,
194 3097 382 3162 Agathe
413 3098 792 3147 sacerdotalibus
828 3097 1124 3162 paramentis
1158 3103 1348 3146 tantum
1374 3098 1543 3146 induto
1572 3098 1689 3147 dixit
1717 3098 1909 3146 confes-

122 3182 324 3230 sionem.
353 3184 458 3239 Qua
475 3182 625 3242 finita,
660 3182 740 3230 ivit
773 3182 832 3230 ad
866 3181 994 3229 aliud
1030 3181 1348 3230 faldistorium
1381 3182 1430 3230 in
1460 3198 1612 3231 cornu
1650 3181 1906 3246 evangelii,

119 3267 256 3331 juxta
276 3281 463 3315 morem
485 3266 575 3315 sibi
593 3271 836 3330 paratum,
865 3265 946 3313 ubi
969 3265 1234 3329 genuflexit
1263 3281 1351 3329 per
1373 3270 1520 3314 totam
1542 3266 1740 3314 missam
1763 3267 1909 3315 etiam
1989 3307 1993 3310 .

122 3349 237 3399 dum
272 3349 573 3415 evangelium
606 3350 753 3400 misse
781 3350 1042 3399 diceretur.
1078 3352 1223 3398 Retro
1258 3365 1370 3398 eum
1397 3349 1640 3414 genuflexi
1673 3354 1908 3399 steterunt

122 3433 351 3483 Senensis
387 3438 435 3483 et
475 3433 535 3482 de
586 3436 719 3482 Fuxo
765 3433 954 3483 diaconi
998 3432 1268 3482 cardinales
1299 3433 1585 3483 assistentes
1624 3450 1633 3480 z
1678 3433 1739 3482 ad
1780 3436 1907 3499 Pape
