2262 3958
325 354 394 389 2·ss
931 349 1163 386 JOHANNIS
1197 348 1490 394 BURCHARDI,
1875 349 1979 391 [Mars
1999 350 2088 391 1487]

324 455 620 504 orationibus
643 459 687 503 et
709 454 812 502 aliis
834 452 1172 512 cardinalibus,
1207 455 1347 515 prout
1371 451 1419 498 in
1443 449 1598 514 prima
1617 450 1858 498 dominica
1879 450 2093 507 Quadra-

322 537 504 599 gesime
530 537 711 584 dictum
741 540 830 583 est.
867 536 1151 584 Sermonem
1174 535 1286 584 fecit
1315 538 1599 599 procurator
1625 533 1802 581 ordinis
1832 533 2087 581 Minorum.

387 619 638 667 Dominica
671 619 812 667 tertia
854 617 1247 683 Quadragesime‚
1288 620 1343 665 18
1377 615 1554 675 martii,
1591 615 1638 663 in
1668 616 1850 680 capella
1877 615 2094 681 predicta

323 704 378 749 R.
400 702 448 749 in
471 702 661 750 Christo
685 705 735 750 P.
768 705 824 750 D.
847 703 1164 752 Tornacensis
1196 701 1428 765 magister
1454 700 1625 748 domus
1656 699 1816 763 palatii
1841 698 2091 764 apostolici

323 785 580 834 celebravit
605 786 803 834 missam
834 787 1124 844 solemnem,
1163 788 1290 850 Papa
1313 787 1556 849 presente.
1583 781 1710 830 Dixit
1741 781 1953 845 quinque
1981 797 2091 830 ora-

322 868 477 916 tiones
504 874 555 917 ut
584 869 633 916 in
661 870 816 933 prima
842 869 1098 918 dominica.
1134 871 1417 917 Sermonem
1448 865 1563 914 fecit
1596 869 1879 930 procurator
1910 863 2089 913 ordinis

321 950 667 999 heremitarum
689 968 727 998 s.
752 951 1022 1015 Augustini.

387 1034 640 1083 Dominica
669 1040 837 1098 quarta
866 1035 1257 1099 Quadragesime,
1294 1038 1482 1096 Letare,
1522 1039 1581 1084 25
1617 1035 1789 1095 martii,
1827 1035 1875 1083 in
1905 1033 2089 1100 capella

318 1118 548 1182 predicta,
569 1120 733 1166 Rmus.
751 1117 1005 1167 cardinalis
1025 1120 1402 1168 Rechanatensis
1425 1119 1682 1168 celebravit
1701 1120 1898 1168 missam
1916 1118 2088 1167 solem-

317 1201 495 1249 nemin
517 1202 809 1264 paramentis
829 1202 1052 1251 violaceis
1074 1207 1120 1251 et
1148 1202 1288 1251 mitra
1313 1203 1548 1267 pretiosa;
1580 1203 1784 1251 ministri
1811 1202 2086 1251 habuerunt

317 1283 621 1332 dalmaticam
653 1289 700 1333 et
731 1285 1026 1346 tunicellam,
1080 1288 1209 1350 Papa
1240 1290 1482 1350 presente,
1527 1286 1627 1349 qui,
1663 1289 1854 1350 paratus
1886 1283 2080 1342 amictu,

315 1367 438 1426 alba,
464 1367 675 1432 cingulo,
693 1368 830 1428 stola,
846 1369 1034 1433 pluviali
1049 1368 1260 1432 pretioso
1278 1369 1380 1417 sine
1399 1369 1557 1429 mitra,
1583 1372 1712 1416 stans
1733 1371 1842 1416 ante
1862 1382 2081 1417 mensam

315 1450 363 1498 in
385 1466 578 1499 camera
603 1452 840 1515 papagalli
868 1452 992 1500 inter
1016 1452 1197 1501 lectum
1219 1457 1266 1500 et
1294 1452 1552 1500 caminium
1580 1454 1906 1516 preparatum,
1932 1450 2084 1500 bene-

314 1531 429 1582 dixit
444 1550 603 1583 rosam
625 1550 767 1598 quam
783 1538 839 1583 D.
861 1536 1116 1600 Sinolphus
1132 1536 1190 1584 de
1207 1539 1363 1584 castro
1380 1536 1594 1597 OtheriO,
1614 1551 1804 1585 camere
1821 1534 2082 1600 apostolice

314 1617 535 1677 clericus,
576 1618 703 1666 inter
736 1619 978 1683 pontificis
1006 1620 1251 1669 dexteram
1286 1624 1332 1668 et
1361 1635 1580 1669 mensam
1623 1619 1905 1684 genuflexus
1938 1633 2082 1668 manu

312 1701 521 1749 tenebat.
545 1702 689 1749 Facta
716 1702 1070 1763 benedictione,
1101 1703 1354 1752 cardinalis
1383 1703 1610 1752 Senensis
1637 1703 1821 1768 accepit
1851 1717 2013 1752 rosam
2033 1701 2081 1749 m

310 1800 479 1832 manus
514 1789 560 1832 et
588 1788 716 1849 Papa
736 1786 967 1850 imposuit
993 1786 1280 1845 balsamum,
1314 1786 1486 1836 deinde
1517 1787 1774 1835 muschum
1806 1801 1941 1835 more
1962 1801 2080 1835 con-

305 1871 441 1915 sueto
464 1886 472 1915 :
499 1867 695 1916 tandem
723 1871 779 1916 D.
813 1870 1072 1934 Sinolphus
1098 1869 1286 1934 accepit
1313 1885 1472 1917 rosam
1503 1875 1674 1919 tenens
1706 1886 1830 1928 eam,
1852 1874 1904 1918 ut
1923 1869 2075 1934 prius,

307 1955 354 1998 et
396 1951 696 2000 ministrante
746 1953 986 2002 cardinale
1033 1956 1246 2002 Senense
1298 1953 1566 2003 naviculam
1617 1973 1626 2002 :
1672 1956 1801 2018 Papa
1848 1952 2077 2018 imposuit

305 2035 576 2096 incensum,
602 2035 774 2084 deinde
797 2037 1001 2101 aspersit
1024 2039 1152 2101 Papa
1172 2052 1349 2096 rosam,
1381 2037 1575 2086 tandem
1602 2036 1882 2096 incensavit,
1922 2035 2074 2084 cardi·

304 2116 411 2165 nale
433 2119 647 2166 Senense
680 2118 866 2183 singula
898 2119 1221 2178 ministrante,
1254 2118 1367 2183 quia
1394 2120 1552 2168 nullus
1576 2120 1697 2168 alius
1728 2121 1892 2169 aderat
1927 2118 2078 2167 cardi-

306 2199 444 2259 naliS,
493 2217 605 2248 nam
646 2202 730 2249 SS.
765 2204 821 2249 D.
865 2205 921 2252 N.
964 2206 1092 2268 Pape
1133 2218 1378 2251 cameram
1422 2219 1557 2252 suam
1604 2207 1840 2253 secretam
1884 2201 2077 2251 exeunti

307 2283 400 2331 duo
445 2287 632 2333 tantum
671 2283 938 2336 cardinales
989 2286 1258 2345 adfuerunt,
1294 2286 1517 2336 videlicet
1557 2306 1566 2335 :
1611 2285 1991 2336 Rechanatensis
2030 2288 2078 2333 et

308 2367 552 2415 Senensis.
1945 2356 1947 2358 Ι

370 2450 749 2500 Rechanatensis
777 2451 859 2501 ivit
880 2467 1023 2517 quam
1043 2453 1252 2518 primum
1282 2453 1342 2502 ad
1374 2453 1659 2518 capiendum
1686 2456 1964 2518 paramenta
1987 2466 2073 2516 pro

304 2532 479 2594 missa3
507 2536 734 2584 Senensis
763 2536 890 2584 solus
916 2535 1069 2585 induit
1096 2540 1291 2601 Papam.
1331 2537 1513 2586 Deinde
1542 2540 1686 2601 Papa,
1717 2540 1916 2600 accepta
1943 2550 2070 2593 rosa,

302 2633 409 2666 eam
431 2632 519 2681 per
538 2620 711 2683 pedem
735 2619 1005 2684 pannicello
1034 2620 1427 2669 circumvolutam
1458 2620 1652 2668 sinistra
1674 2635 1819 2668 manu
1848 2617 2069 2683 pertavit,

298 2702 470 2750 dextra
499 2703 743 2752 benedixit
777 2703 971 2768 populo.
1016 2704 1275 2752 Cardinalis
1324 2703 1550 2753 Senensis
1602 2703 1836 2753 elevatum
1870 2701 2074 2766 portavit

302 2786 600 2851 aurifrigium
627 2787 841 2851 pluvialis
871 2790 997 2852 Pape
1026 2787 1085 2836 ad
1112 2789 1376 2848 dexteram,
1407 2788 1469 2837 ad
1491 2788 1733 2837 sinistram
1758 2786 1917 2835 nullus
1947 2789 2066 2834 erat.

303 2869 537 2919 Fimbrias
569 2868 773 2935 portavit
806 2875 966 2919 orator
996 2872 1120 2936 regis
1154 2872 1470 2937 Neapolitani.
1512 2871 1589 2920 Sic
1623 2873 1753 2935 Papa
1783 2869 1842 2918 de
1879 2882 2071 2916 camera

304 2951 468 3000 exiens
488 2969 597 3001 cum
619 2952 720 3002 solo
739 2954 978 3002 cardinale
997 2957 1209 3004 Senense
1231 2956 1468 3020 processit
1487 2955 1548 3003 ad
1568 2953 1818 3018 capellam.
1844 2953 1896 2999 In
1916 2949 2070 3014 prima

303 3035 426 3096 aula,
459 3036 677 3086 videlicet
695 3038 875 3102 majore
898 3038 1078 3102 palatii,
1105 3055 1213 3087 cum
1235 3044 1365 3088 esset
1387 3038 1619 3103 pontifex,
1643 3038 1877 3086 venerunt
1898 3032 2062 3081 RRmi.

302 3120 401 3166 DD.
445 3120 710 3169 cardinales
749 3121 1085 3185 Neapolitanus
1125 3129 1173 3171 et
1209 3139 1247 3171 s.
1283 3122 1540 3171 Clementis
1577 3118 1846 3169 successive
1883 3119 1930 3165 et
1967 3114 2062 3164 alii.

298 3203 425 3266 Papa
451 3208 560 3252 ante
585 3204 901 3253 faldistorium
936 3204 1067 3254 dedit
1094 3219 1254 3254 rosam
1285 3209 1421 3254 RmO.
1449 3206 1506 3252 D.
1539 3201 1767 3254 cardinali
1797 3198 1997 3250 Senensi
2019 3201 2066 3246 et

292 3283 368 3332 ille
389 3288 446 3334 D.
473 3287 703 3352 Sinolpho
723 3287 801 3351 qui
824 3288 978 3336 tenuit
1000 3299 1106 3338 eam
1125 3286 1303 3338 ibidem
1324 3303 1476 3353 usque
1499 3289 1558 3337 ad
1578 3288 1727 3337 finem
1748 3281 2063 3336 confessionis

288 3371 334 3413 et
354 3369 496 3418 male.
522 3371 695 3419 Debuit
721 3371 847 3420 illico
873 3372 1116 3436 deponere
1141 3373 1190 3421 in
1218 3372 1396 3432 altare;
1423 3388 1518 3436 qua
1538 3371 1689 3432 finita,
1721 3367 1926 3435 portavit
1954 3380 2061 3414 eam

288 3466 437 3513 usque
460 3453 519 3501 ad
541 3454 687 3503 altare
718 3454 797 3503 ubi
823 3455 881 3503 dc
911 3453 1058 3519 ipsius
1086 3453 1306 3505 manibus
1339 3471 1447 3506 eam
1478 3454 1645 3519 accepi
1674 3458 1722 3502 et
1752 3468 1862 3501 cum
1889 3449 2060 3499 abbate
2131 3494 2140 3500 ,
