2262 3958
923 296 1208 335 APPENDICE.
1883 295 1950 331 531

530 410 714 461 Zyzymy
734 411 770 448 et
783 409 990 462 Bayyazit
1005 407 1126 461 sedus
1149 409 1255 450 e‘m're
1275 393 1593 459 contempnunt.

226 514 244 534 c
269 497 438 541 Interea
463 496 730 550 egiptiorum
762 509 840 540 rex
859 501 1000 540 tentat
1025 499 1063 540 si
1089 498 1275 540 fratrum
1306 510 1378 540 res
1415 507 1679 552 componere
1707 495 1863 548 possit.
1900 495 1955 535 At

168 558 326 608 neuter
343 561 524 615 quidem
542 562 756 614 pactionis
776 563 936 605 limites
959 563 1119 614 intrat;
1153 575 1234 605 nec
1264 565 1400 606 animi
1442 563 1588 606 furore
1623 562 1759 615 pleni,
1778 571 1955 603 concor-

169 625 287 677 diam
307 627 540 680 recipiunt.
563 628 632 670 Sic
662 628 746 670 sit:
769 631 818 670 ut
849 628 925 680 qui
946 629 1165 682 sanguine
1189 632 1439 680 vincuntur,
1463 632 1499 672 si
1520 629 1700 684 quando
1722 627 1953 677 dissident,

166 693 263 746 ipsa
295 696 412 735 certe
448 694 681 747 sanguinis
716 693 971 735 vicissitudo
1007 693 1319 736 insolentiores
1356 695 1500 737 reddit
1538 696 1734 744 animos,
1764 694 1876 735 adeo
1905 697 1955 735 ut

167 761 334 802 mutuis
355 761 468 803 odiis
494 761 607 802 alter
632 760 759 801 alteri
791 759 1061 811 contemptui
1084 759 1297 800 reddatur
1320 773 1328 800 :
1353 764 1396 801 et
1416 764 1582 813 quanto
1599 761 1762 802 arctius
1783 751 1860 802 eos
1880 772 1956 802 na-

166 830 264 870 tura
291 826 505 877 deuinxit,
526 829 650 868 tanto
668 824 975 867 vehementius
995 824 1131 865 animi
1160 824 1341 876 quidem
1362 825 1560 878 prauitas
1591 826 1816 878 disiungit.
1841 827 1953 868 Con-

163 894 400 936 trariorum
418 903 612 945 namque
632 891 794 933 diversi
813 893 918 931 sunt
938 890 1133 931 effectus.
1152 891 1221 931 Sic
1237 901 1351 943 quos
1365 892 1510 933 carnis
1539 892 1792 933 communio
1831 891 1953 933 beni·

163 958 304 1010 volo&
322 958 574 1003 animorum
593 955 865 1010 peruersitas
885 955 1213 998 infensissimos
1245 956 1403 998 reddit.
1442 957 1613 998 Prestat
1641 957 1758 998 enim
1777 957 1953 1009 utrique

162 1035 258 1067 rem
271 1024 409 1066 armis
429 1021 601 1065 confici.
624 1022 848 1076 Bagyazit‚
868 1025 917 1063 ut
937 1033 1019 1075 par
1030 1021 1128 1072 fuit,
1146 1034 1296 1064 rerum
1315 1023 1497 1075 potitus,
1519 1022 1701 1063 fratrem
1716 1024 1949 1070 extorrem,

161 1089 402 1151 pqofifflum
431 1099 482 1131 ac
515 1087 690 1129 exulem
710 1086 921 1129 fastidit:
957 1090 1152 1142 Zyzymy
1179 1088 1382 1142 germani
1419 1087 1663 1142 ignauiam,
1697 1087 1951 1130 violentiam

161 1154 595 1216 imbecillitatemque
617 1153 807 1207 spernit;
839 1155 1046 1207 cupitque
1077 1155 1294 1209 singulari
1317 1155 1555 1196 certamine
1585 1166 1784 1208 pugnam
1819 1153 1949 1195 finiri.

160 1221 211 1264 ld
228 1212 356 1265 vasto
370 1221 522 1263 animo
539 1220 723 1272 cupiens
738 1219 860 1273 (dum
878 1231 927 1262 se
939 1221 1131 1262 militum
1147 1221 1270 1273 copia
1285 1221 1503 1274 imparem
1523 1218 1753 1273 conspicit)
1772 1219 1953 1262 fratrem

159 1286 220 1331 ad
239 1279 374 1329 duelli
390 1290 614 1328 certamen
636 1285 732 1340 (spe
753 1285 1008 1342 frustratus)
1030 1290 1182 1329 vocat:
1205 1299 1293 1340 quo
1313 1289 1381 1330 vel
1403 1290 1652 1329 commento
1684 1286 1951 1329 dissidentes

161 1344 324 1405 alliciat
339 1351 519 1403 milites,
541 1352 620 1405 qui
637 1355 791 1393 mutua
807 1352 913 1394 cede
933 1363 1034 1394 sese
1053 1353 1247 1394 interimi
1273 1364 1365 1396 non
1384 1353 1582 1406 cupiunt.
1605 1355 1768 1395 Rarum
1788 1353 1952 1406 quippe

159 1421 230 1467 est
241 1419 320 1472 qui
336 1429 428 1462 non
444 1418 550 1461 velit
559 1418 808 1471 principum
820 1417 1037 1471 singulari
1050 1418 1302 1460 discrimine
1319 1419 1436 1461 bella
1448 1418 1689 1468 terminari,
1706 1418 1952 1471 periculum

159 1495 339 1538 quoque
355 1483 538 1526 alterius
553 1483 743 1538 quisque
760 1494 843 1526 suo
860 1485 1080 1537 preponit‚
1097 1483 1245 1526 foenix
1259 1485 1379 1526 enim
1399 1488 1482 1535 est,
1505 1484 1581 1537 qui
1595 1496 1724 1526 secus
1745 1484 1893 1526 sentit.

163 1568 1948 1580 ιιιιιιιιιιιιιιιιιιιιιιιιι

166 1621 1947 1634 nnnnnnnnnnnnnnnnnnnnnnnnn

165 1675 1947 1688 οοοοοοοοοοοοοοοοοοοοοοοοο

217 1725 235 1748 ι
258 1713 313 1753 At
333 1711 574 1760 simultate,
597 1710 787 1760 insidiis,
804 1710 1003 1751 versucia
1019 1713 1062 1751 et
1074 1711 1175 1752 dolo
1193 1711 1323 1763 plena
1339 1710 1477 1760 fuere,
1494 1722 1581 1763 que
1597 1711 1817 1752 dicuntur.
1843 1710 1950 1751 Poli—

167 1779 292 1819 cetur
319 1776 526 1831 bagyazit
545 1777 634 1819 duo
652 1778 830 1818 centum
849 1776 969 1816 milia
995 1786 1229 1818 nummum
1249 1776 1347 1818 auri
1377 1779 1420 1818 et
1447 1775 1799 1829 suppellectilem
1825 1775 1948 1829 regio

162 1845 379 1896 apparatu
399 1842 602 1896 dignam3
621 1852 786 1894 pueros
804 1841 1088 1894 virginesque
1105 1842 1324 1895 mancipia
1345 1842 1585 1895 quotennis
1607 1842 1729 1883 fratri
1751 1853 1800 1883 se
1820 1841 1947 1883 datu-

163 1916 279 1959 mm,
300 1910 429 1962 pacta
461 1908 711 1950 conditione
732 1907 770 1948 si
800 1910 922 1948 extra
941 1908 1067 1961 regni
1099 1907 1212 1949 fines
1234 1908 1383 1961 degat.
1415 1908 1654 1961 Colloquiis
1681 1906 1945 1958 cunctando,

159 1982 424 2028 germanum
445 1973 599 2015 fallere
619 1974 813 2015 molitur.
835 1975 1030 2027 Zyzymy
1043 1977 1195 2015 autem
1211 1973 1357 2016 fratris
1373 1975 1564 2028 pollicita
1582 1973 1830 2025 fastidiens,
1846 1985 1947 2015 cum

165 2039 348 2082 ditionis
366 2039 464 2082 iure
480 2039 607 2082 cuius
632 2039 882 2092 portionem
913 2039 1022 2091 petit
1050 2038 1312 2081 frustratum
1333 2051 1382 2082 se
1395 2040 1529 2090 videt,
1564 2039 1847 2093 tyrannidem
1865 2042 1948 2082 Ba-

160 2105 312 2159 gyazlt
337 2113 570 2155 accusans,
608 2105 960 2146 commilitonum
987 2104 1163 2147 animos
1192 2106 1372 2148 interim
1405 2106 1563 2148 molire
1593 2105 1755 2147 studet.
1790 2106 1949 2147 Thurci

158 2169 419 2223 namquein
448 2169 598 2223 regios
630 2172 760 2213 natos
796 2169 1024 2225 grandiori
1054 2172 1215 2214 affectu
1251 2172 1517 2223 alliciuntur,
1552 2172 1881 2225 observantque
1905 2174 1948 2213 et

157 2235 466 2289 coluut'supra
491 2235 676 2277 modum
708 2237 952 2290 principem
985 2246 1140 2287 suum3
1179 2249 1260 2280 nec
1290 2238 1458 2280 audent
1476 2237 1650 2292 regium
1681 2237 1946 2292 sanguinem
2008 2272 2011 2273 γ

158 2301 367 2354 persequi
385 2301 472 2342 nisi
491 2302 614 2354 regia
645 2301 778 2343 domo
799 2305 943 2344 natus.
969 2304 1015 2344 In
1041 2304 1342 2356 propinquum
1373 2304 1588 2356 impetum
1614 2303 1743 2345 faciat
1766 2316 1776 2344 τ
1798 2304 1946 2346 verbis

158 2368 314 2410 teritur
338 2371 533 2422 tempus,
565 2372 614 2410 ut
647 2368 870 2420 occupatis
902 2367 1100 2409 aditibus
1141 2369 1320 2422 Zyzymi
1347 2371 1390 2410 et
1426 2369 1570 2411 Cilicie
1605 2380 1684 2410 rex
1718 2381 1948 2423 compren-

157 2433 334 2476 dantur.
357 2434 494 2476 Dolos
515 2434 764 2476 sencientes
782 2433 951 2475 viribus
973 2433 1132 2483 diffisi;
1155 2434 1320 2475 montis
1347 2434 1463 2476 tauri
1491 2435 1596 2489 iuga
1617 2435 1711 2488 (qui
1731 2436 1946 2478 orientem

156 2506 314 2542 versus
335 2510 415 2553 per
428 2498 614 2542 ciliciam
629 2500 885 2555 porrigitur)
908 2501 1184 2555 confugiunt,
1207 2501 1285 2543 uhi
1305 2502 1390 2544 loci
1408 2506 1568 2544 natura
1591 2503 1738 2556 quoad
1758 2507 1946 2556 possunt

158 2574 259 2608 sese
278 2567 493 2617 tutentur,
513 2568 815 2621 euentumque
843 2580 993 2610 rerum
1025 2568 1300 2620 operiuntur.
1318 2570 1372 2610 At
1393 2570 1580 2622 uterque
1599 2570 1684 2611 alia
1706 2572 1750 2611 et
1770 2570 1854 2611 alia
1874 2581 1947 2611 ra—

158 2630 300 2682 tion03
320 2640 402 2675 sue
422 2630 556 2674 saluti
576 2633 808 2675 consulere
826 2633 1034 2676 destinat,

492 2772 507 2794 ‹
530 2757 718 2812 Zyzymy
738 2758 796 2798 ad
811 2757 996 2800 Rhodios
1016 2765 1242 2813 consuyere
1261 2760 1400 2802 ammo
1420 2760 1619 2803 destinae.

216 2863 234 2883 ι
256 2847 348 2889 Rex
367 2845 532 2900 quippe
563 2849 757 2901 Zyzymy
775 2846 923 2890 fratris
955 2854 1244 2903 conspectum
1274 2862 1510 2905 respuens,
1531 2854 1576 2893 et
1612 2850 1812 2892 crudeles
1842 2861 1942 2892 san·

158 2913 534 2966 guinolentasque
572 2924 733 2954 manus
768 2913 1028 2965 formidans,
1072 2915 1129 2958 ad
1163 2917 1426 2958 christianos
1465 2915 1705 2970 confugere
1751 2917 1937 2965 statuit3

159 2978 298 3020 multa
330 2978 511 3032 quidem
544 2981 693 3020 mente
730 2979 919 3032 agitans,
944 2980 1129 3022 Unicum
1152 2982 1332 3024 tandem
1360 2983 1406 3023 in
1438 2985 1636 3024 mentem
1655 2982 1776 3024 venit
1807 2993 1943 3023 reme*

160 3043 298 3095 dium,
337 3047 387 3086 ut
415 3043 608 3086 Rhodios
632 3043 777 3086 adeat.

161 3127 1939 3143 οοοοοοοοοοοοοοοοοοοοοοοο

160 3178 1941 3197 οοοοοοοοοοοοοοοοοοοοοοοοοο

604 3288 622 3308 ι
647 3274 829 3326 Zyzymy
848 3272 938 3313 Rex
957 3273 1115 3325 legatos
1134 3273 1260 3314 mittit
1277 3274 1482 3316 Rhodum.

217 3376 234 3397 ι
257 3360 384 3402 Mittit
398 3361 547 3413 itaque
573 3370 651 3402 rex
675 3363 870 3415 Zyzymy
904 3361 1105 3403 Rhodum
1131 3362 1318 3415 legatos,
1340 3364 1398 3406 ad
1418 3374 1530 3417 quos
1551 3364 1674 3417 prius
1694 3360 1845 3405 literas
1866 3363 1941 3406 de-

139 3455 142 3457 >
164 3425 302 3470 derat
330 3426 415 3468 Sed
430 3425 640 3468 nuncium
664 3429 873 3469 terrestre
891 3427 974 3469 iter
994 3430 1201 3481 agentem
1221 3429 1340 3482 regis
1362 3430 1570 3484 Bagyazit
1589 3430 1751 3472 milites
1768 3430 1943 3472 interci-
