2262 3958
361 337 407 370 92
966 332 1201 368 JOHANNIS
1234 331 1528 375 BURCHARDI,
1803 334 2021 375 [Septembre
2036 334 2128 375 1484]

363 436 480 483 tium
503 440 549 484 et
564 436 915 499 acceptantium
935 435 1129 482 nomine
1145 434 1353 497 collegii,
1371 433 1429 481 de
1452 449 1588 482 sacro
1611 433 1813 498 collegio
1835 437 2123 482 RRmorum.

363 520 667 568 dominorum
697 536 735 566 s.
767 519 932 578 Marci,
963 536 1002 566 s.
1032 518 1226 582 Angeli‚
1250 517 1309 564 de
1337 516 1594 580 Aragonia‚
1625 520 1672 565 et
1699 535 1736 566 s.
1763 516 1956 581 Georgii
1981 515 2132 564 cardi-

361 602 538 649 nalium
559 602 735 650 ibidem
755 601 1069 665 presentium.

425 684 629 748 Acolyti.
667 712 732 720 —
763 684 933 733 Clerici
975 700 1184 733 camere.
1220 713 1285 720 -—
1325 683 1597 731 Auditores.
1645 711 1708 719 —
1749 683 1976 748 Acolytus
2021 697 2131 731 cum

362 767 602 815 thuribulo
625 771 672 815 et
701 768 946 816 navicella.
981 797 1046 804 —
1071 772 1174 816 Duo
1202 768 1375 833 acolyti
1397 767 1688 816 ceroferarii.
1719 796 1783 803 —
1804 766 2132 816 Subdiaconus

364 867 474 898 cum
511 867 652 899 cruce
684 855 731 899 et
760 868 927 900 omnes
965 853 1147 915 college
1183 852 1253 899 sui
1287 852 1416 900 circa
1447 866 1571 899 eum.
1616 880 1680 887 —
1710 853 1816 899 Duo
1855 849 2134 899 subdiaconi

365 933 590 996 epistolas
610 934 778 982 lecturi
800 952 909 984 cum
927 935 1061 983 libris
1089 935 1441 998 evangeliorum
1469 939 1578 983 ante
1605 938 1790 999 pectus.
1814 962 1879 969 —-
1896 933 2134 982 Diaconus

367 1017 666 1081 evangelium
699 1035 896 1082 grecum
929 1019 1158 1067 dicturus.
1194 1047 1257 1054 -—
1282 1019 1490 1067 Abbates
1526 1019 1760 1066 forenses.
1793 1045 1858 1053 --
1889 1014 2131 1080 Episcopi.

363 1128 427 1136 ——
456 1101 836 1166 Archiepiscopi.
873 1130 936 1138 —
965 1101 1189 1166 Episcopi
1222 1105 1269 1149 et
1298 1101 1646 1165 archiepiscopi
1677 1106 1910 1149 oratores.
1946 1127 2009 1135 —
2034 1098 2133 1147 Ab-

366 1184 500 1232 bates
531 1184 688 1233 Urbis.
720 1215 784 1221 —
817 1185 1108 1233 Patriarche.
1138 1213 1201 1220 -—
1228 1184 1425 1233 Diaconi
1453 1183 1736 1232 cardinales.
1769 1211 1832 1219 -
1862 1180 2135 1245 Presbyteri

365 1268 650 1317 cardinales.
688 1298 752 1305 -—
786 1268 1010 1332 Episcopi
1049 1268 1329 1316 cardinales.
1367 1296 1429 1303 -—
1468 1267 1705 1315 Diaconus
1747 1265 2046 1329 evangelium
2083 1263 2132 1311 in

362 1351 508 1399 latino
530 1351 757 1401 dicturus.
781 1380 845 1387 —
866 1354 969 1399 Duo
991 1351 1153 1399 clerici
1174 1351 1573 1399 ceremoniarum.

430 1437 530 1499 Ego
566 1452 710 1484 unam
739 1451 942 1484 cannam
975 1451 1061 1498 pro
1096 1439 1283 1498 stuppa,
1318 1438 1364 1482 et
1394 1434 1638 1482 Johannes
1670 1432 1821 1480 Maria
1851 1431 1992 1480 aliam
2022 1446 2133 1481 cum

366 1519 568 1568 candela
594 1523 855 1582 portantes.
876 1547 940 1555 --
971 1521 1116 1581 Papa,
1151 1518 1236 1566 sub
1269 1517 1555 1565 baldachino
1583 1518 1710 1580 quod
1741 1516 2001 1566 nobiliores
2025 1515 2135 1564 laici

366 1602 506 1650 Urbis
546 1602 829 1664 portabant,
878 1601 1003 1649 inter
1052 1601 1172 1648 duos
1232 1600 1459 1648 diaconos
1513 1600 1790 1648 assistentes
1840 1598 2134 1663 aurifrigium

365 1684 581 1748 pluvialis
607 1684 720 1732 hinc
752 1691 799 1732 et
827 1685 938 1732 inde
968 1687 1231 1748 portantes,
1265 1684 1494 1732 continuo
1526 1683 1702 1747 populo
1734 1683 2044 1731 benedicens.
2073 1710 2138 1718 -

365 1771 584 1816 Decanus
608 1768 878 1815 auditorum
899 1771 1001 1815 rote
1023 1783 1131 1815 cum
1158 1767 1347 1814 tobalea
1372 1767 1431 1814 ad
1459 1766 1633 1814 collum
1652 1765 1746 1830 'pro
1768 1766 1925 1825 mitra,
1950 1765 2135 1814 medius

363 1850 491 1898 inter
522 1851 640 1898 duos
673 1854 885 1899 secretos
916 1849 1252 1908 cubicularios,
1291 1849 1511 1897 videlicet
1545 1849 1792 1897 dominum
1828 1848 2135 1896 Laurentium

364 1933 422 1981 de
456 1934 574 1981 Mari
612 1938 659 1981 et
692 1933 1036 1998 Hieronymum
1068 1933 1410 1996 Calagranum.
1450 1960 1513 1970 ——
1549 1932 1722 1980 Prelati
1766 1948 1864 1980 non
1897 1931 2049 1996 parati
2086 1931 2136 1980 in

366 2030 534 2063 eorum
557 2014 719 2078 cappis
740 2015 814 2062 vel
830 2015 1013 2074 habitu,
1046 2015 1085 2062 si
1105 2015 1198 2063 sint
1222 2015 1449 2078 religiosi.
1474 2044 1537 2051 —-
1565 2014 1884 2064 Protonotarii
1912 2015 2058 2063 etiam
2087 2014 2136 2062 in

366 2113 538 2146 eorum
567 2098 749 2162 cappis.
778 2099 1114 2161 Sequebantur
1139 2102 1186 2147 et
1206 2099 1284 2146 alii
1314 2099 1479 2163 togati.

435 2183 801 2246 Quamprimum
824 2185 952 2246 Papa
971 2182 1058 2230 suit
1079 2186 1214 2230 extra
1241 2182 1505 2245 cappellam
1536 2198 1575 2231 S.
1602 2181 1820 2246 Gregorii
1851 2181 2134 2244 predictam,

369 2266 577 2329 imposui
598 2282 795 2329 parvum
816 2265 1110 2329 manipulum
1132 2269 1301 2329 stuppe
1322 2265 1371 2312 in
1393 2265 1664 2312 summitate
1686 2280 1838 2312 canne
1859 2279 1966 2313 mee
1989 2262 2068 2329 (1),
2091 2266 2139 2311 et

370 2348 628 2412 genuflexi,
670 2364 874 2396 cannam
915 2348 1067 2411 ipsam
1106 2348 1303 2396 dextera
1337 2364 1480 2396 manu
1520 2351 1731 2396 erectam
1769 2351 1956 2406 tenens,
1995 2336 2138 2410 quam

371 2431 530 2479 socius
552 2446 689 2478 meus
707 2431 942 2490 accendit,
968 2446 1045 2478 me
1064 2430 1256 2479 interim
1283 2431 1343 2478 ad
1367 2430 1646 2494 pontificem
1672 2446 1809 2478 verso
1838 2433 1883 2478 et
1909 2418 2004 2477 alta
2020 2445 2137 2477 voce

368 2514 557 2563 dicente
581 2530 593 2562 :
618 2515 768 2562 Pater
789 2521 946 2561 sancte
971 2516 1038 2560 sic
1066 2514 1237 2562 transit
1261 2513 1414 2577 yloria
1441 2513 1608 2560 mundi
1629 2530 1646 2559 .·
1670 2512 1798 2560 idem
1827 2512 2006 2560 factum
2043 2515 2134 2571 est,

371 2602 418 2646 et
439 2597 533 2645 dixi
555 2597 765 2646 secundo
788 2613 897 2645 cum
919 2613 1133 2645 essemus
1155 2600 1264 2645 ante
1285 2596 1362 2661 (2).
1376 2633 1404 2644 ..

429 2684 547 2729 Cum
576 2683 704 2743 Papa
734 2679 1030 2742 pervenisset
1064 2679 1122 2744 (3)
1155 2684 1290 2728 extra
1320 2694 1488 2727 navem
1518 2677 1735 2728 Vaticani
1767 2678 2049 2742 predictam,
2085 2683 2134 2728 et

373 2767 501 2811 esset
518 2760 648 2811 circa
665 2762 875 2810 medium
904 2762 1095 2810 alterius
1122 2763 1252 2810 navis
1277 2762 1335 2826 (4)
1364 2761 1690 2810 transversalis
1717 2762 1939 2823 ecclesie,
1970 2777 2135 2812 occur-

370 2850 538 2894 rerunt
564 2846 607 2894 ei
634 2850 731 2894 tres
753 2846 966 2910 juniores
994 2842 1259 2910 presbyteri
1290 2844 1574 2905 cardinaleS,
1603 2844 1823 2894 videlicet
1851 2847 1910 2894 de
1937 2844 2132 2895 Comiti-

371 2930 486 2989 bus,
530 2928 853 2978 Gerundensis
899 2932 946 2976 et
993 2927 1288 2987 Parmensis,
1337 2927 1416 2990 qui
1458 2925 1659 2975 detectis
1704 2927 1960 2990 capitibus,
2004 2929 2131 2990 Pape

371 3013 688 3062 reverentiam
723 3013 958 3071 fecerunt,
992 3011 1261 3060 osculantes
1302 3026 1413 3059 eum
1452 3009 1606 3074 primo
1646 3010 1694 3057 in
1733 3023 1834 3068 ore,
1876 3009 2047 3057 deinde
2082 3007 2132 3057 in

416 3213 445 3253 i.
475 3215 567 3252 Mee.
590 3234 634 3243 —
652 3214 810 3261 Manque
830 3212 921 3248 dans
941 3210 1098 3256 Rinaldi,
1125 3222 1161 3258 p.
1183 3210 1241 3246 72.

404 3279 438 3311 2.
468 3275 564 3310 Tous
585 3275 636 3311 les
654 3284 760 3319 mss.,
783 3283 869 3309 sans
898 3275 1068 3319 excepter
1099 3269 1191 3306 celui
1219 3269 1268 3304 du
1302 3266 1455 3305 vatican
1484 3280 1555 3316 que
1584 3268 1729 3304 Riualdi
1758 3269 1898 3315 asuivi‚
1918 3271 2129 3317 presentent

361 3336 458 3368 cette
479 3333 619 3370 lacune.

405 3391 441 3427 3.
465 3391 646 3428 Venisset.
669 3413 714 3420 —-
734 3392 833 3428 Dans
853 3390 1012 3427 Rinaldi.

410 3450 444 3485 4.
474 3449 576 3487 Circa
595 3451 752 3488 medium
770 3451 882 3488 altare
902 3449 1033 3498 majus.
1055 3468 1101 3476 —
1121 3448 1220 3485 Dans
1240 3446 1399 3484 Rinaldi.
