2262 3958
301 328 370 363 228
901 322 1133 358 JouANNlS
1168 303 1460 368 BURCHARDI,
1748 323 1953 365 [Decembre
1976 324 2066 364 1486]

300 443 409 475 cere
431 443 526 473 non
550 426 715 489 potuit.
753 428 801 470 ln
833 425 923 470 line
956 423 1117 483 misse,
1150 423 1346 486 quilibet
1376 423 1707 483 cardinalium,
1735 440 1813 473 me
1843 427 2059 487 petente,

302 510 431 557 dedit
463 508 805 570 indulgentiam
836 509 1030 554 centum
1064 506 1248 554 dierum
1290 521 1431 568 quam
1466 510 1626 554 tamen
1662 507 1930 566 celebrans,
1978 521 2065 553 suo

303 591 456 654 capite
483 607 610 648 usus,
637 588 786 637 noluit
807 589 1071 652 publicare.

372 674 509 721 Feria
545 678 694 732 sexta,
741 676 767 719 8
811 672 1098 731 decembris,
1137 672 1310 719 festum
1357 671 1685 735 conceptionis
1728 673 1865 721 beate
1914 674 2061 722 Marie

302 756 512 820 virginis,
546 757 645 803 SS.
690 740 745 802 D.
788 757 843 802 N.
883 771 1024 818 supra
1063 756 1312 803 rochetum
1359 755 1528 801 stolam
1570 755 1728 802 albam
1770 755 1972 815 habens,
2017 761 2065 804 et

302 841 508 903 desuper
525 843 740 886 mantum
772 838 872 885 siue
895 854 1056 896 cruce,
1089 838 1315 901 episcopo
1344 838 1548 900 Civitatis
1569 838 1758 885 Castelli
1787 837 2062 896 assistente,

301 921 512 970 fimbrias
534 920 673 968 simul
693 919 920 968 collectas
942 923 1177 983 portante,
1195 919 1322 967 venit
1343 920 1402 967 ad
1423 920 1655 982 capellam
1676 921 1912 984 majorem
1933 920 2068 983 pala-

299 1005 349 1052 tii
372 1005 443 1052 sui
465 1004 590 1068 apud
611 1021 648 1051 s.
670 1006 864 1051 Petrum
886 1004 933 1050 in
953 1019 1045 1066 qua
1066 1007 1119 1050 R.
1147 1003 1193 1050 in
1211 1003 1398 1051 Christo
1422 1006 1472 1051 P.
1504 1006 1560 1050 D.
1586 1003 1793 1051 Thomas
1811 1003 2065 1067 episcopus

299 1087 475 1134 Exinus
497 1087 752 1135 celebravit
773 1086 968 1134 missam
988 1086 1271 1134 solemnem.
1296 1089 1426 1150 Papa
1443 1086 1490 1132 in
1512 1086 1773 1134 faldistorio
1795 1086 2066 1135 orationem

298 1170 427 1229 fecit,
471 1170 824 1217 confessionem
867 1169 980 1217 fecit
1024 1185 1132 1217 cum
1180 1170 1471 1228 celebrante,
1525 1169 1696 1216 deinde
1746 1169 1962 1217 ascendit
2005 1169 2067 1217 ad

299 1252 469 1299 solium
494 1257 540 1301 et
568 1252 690 1299 sedit
718 1252 767 1298 in
802 1252 914 1300 sede
955 1253 1097 1299 bassa
1122 1251 1299 1300 ibidem
1333 1252 1420 1298 sibi
1454 1256 1635 1314 parata,
1666 1256 1773 1300 ante
1799 1269 1850 1300 se
1882 1252 2066 1301 habens

299 1336 617 1384 faldistorium
639 1351 748 1384 cum
771 1336 951 1383 missali
973 1336 1178 1400 desuper
1198 1336 1373 1399 posito.
1397 1337 1515 1382 Cum
1540 1335 1752 1382 dicturus
1781 1338 1882 1382 erat
1905 1334 2069 1382 introi-

299 1423 416 1479 tum,
443 1419 665 1483 graduale
685 1423 731 1466 et
761 1420 1053 1483 hujusmodi,
1075 1419 1284 1483 episcopi
1307 1419 1515 1466 Civitatis
1539 1417 1728 1465 Castelli
1748 1417 2069 1465 etAleriensis

299 1501 576 1550 assistentes
604 1502 682 1565 qui
711 1518 768 1550 eo
790 1503 837 1549 in
858 1503 964 1550 loco
997 1506 1225 1551 consueto
1254 1501 1554 1559 assisterunt,
1586 1500 1791 1559 stabant,
1814 1499 2063 1563 genuflec-

298 1583 459 1630 tebant
480 1583 592 1631 hinc
617 1589 663 1631 et
691 1584 800 1631 inde
826 1585 962 1647 juxta
987 1584 1306 1634 faldistorium
1341 1599 1451 1631 cum
1482 1583 1680 1631 candela
1714 1586 1761 1630 et
1792 1597 1902 1630 cum
1942 1585 2065 1631 Pon-

297 1667 422 1715 tifice
451 1667 672 1715 dicebant
699 1669 917 1716 dicenda.
950 1672 1052 1717 Non
1079 1669 1169 1717 feci
1210 1667 1445 1716 incensari
1486 1666 1634 1714 altare
1674 1669 1783 1713 ante
1818 1665 2064 1718 introitum

296 1764 450 1811 neque
469 1754 659 1812 portare
682 1750 742 1797 ad
768 1751 1069 1813 evangelium
1092 1751 1341 1798 incensum
1367 1754 1414 1797 et
1442 1750 1712 1807 luminaria,
1738 1764 1895 1811 neque
1925 1763 2063 1796 oscu-

294 1831 380 1878 lari
416 1832 590 1894 pedem
630 1835 756 1895 Pape
797 1849 884 1896 per
922 1834 1266 1881 subdiaconum
1306 1837 1414 1896 post
1457 1833 1635 1879 dictam
1682 1830 1949 1894 epistolam,
1986 1830 2058 1878 vel

297 1914 553 1962 diaconum
581 1919 689 1963 ante
721 1916 1040 1979 evangelium3
1082 1917 1257 1964 librum
1291 1919 1397 1979 post
1430 1915 1738 1978 Evangelium
1769 1918 1816 1961 et
1848 1913 2066 1962 navicula

298 2013 383 2060 pro
416 1997 707 2060 imponendo
744 1998 939 2047 incenso
979 2004 1026 2048 et
1068 2015 1236 2063 pacem
1276 2013 1386 2046 cum
1423 1997 1741 2044 instrumento
1778 1995 2063 2043 ministravit

297 2082 422 2143 Pape
464 2080 718 2144 episcopus
759 2082 967 2129 Civitatis
1014 2082 1220 2130 Castelli.
1265 2081 1400 2129 Dicta
1428 2080 1515 2127 fuit
1556 2079 1709 2126 solum
1748 2094 1842 2127 una
1879 2078 2053 2126 oratio.

296 2162 535 2210 Diae-onus
569 2167 677 2211 ante
719 2165 1015 2227 evangelium
1061 2167 1245 2230 accepit
1285 2162 1672 2215 benedictionem
1709 2178 1736 2209 a
1769 2163 1898 2224 Papa
1927 2177 2062 2210 more

292 2245 428 2292 solito
470 2250 517 2294 et
563 2261 660 2294 non
697 2247 1043 2310 indulgentias3
1085 2250 1145 2296 ad
1182 2250 1497 2298 elevationem
1540 2248 1800 2313 genuflexit
1846 2247 1895 2294 in
1937 2246 2063 2294 dicto

287 2328 549 2376 faldistorio
569 2332 678 2377 ante
711 2346 760 2378 se
786 2331 942 2393 posito
970 2349 977 2378 :
1005 2332 1161 2379 nullus
1193 2332 1505 2380 cardinalium
1534 2330 1767 2389 interfuit,
1802 2329 1887 2377 sed
1907 2329 2064 2376 solum

286 2411 454 2473 prelati
470 2412 636 2474 palatii
657 2417 702 2459 et
718 2413 796 2460 alii
824 2414 1095 2472 domestici.

353 2494 604 2542 Dominica
644 2497 853 2544 secunda
883 2499 1128 2557 adventUS,
1172 2501 1227 2546 10
1256 2498 1435 2545 mensis
1466 2497 1755 2555 decembris,
1791 2496 1840 2542 in
1874 2494 2060 2558 capella

286 2576 684 2640 maJ'oripredicta
698 2579 752 2623 R.
779 2577 827 2623 in
840 2577 1027 2625 Christo
1043 2580 1092 2624 P.
1119 2581 1174 2625 D.
1193 2579 1476 2627 Laurentius
1490 2578 2060 2642 archiepiscopusBene-

285 2663 516 2707 ventanus
533 2659 791 2707 celebravit
806 2659 1001 2706 missam
1018 2660 1285 2709 solemnem
1298 2677 1405 2708 cum
1419 2661 1708 2725 paramentis
1728 2659 2057 2719 cardinalitiis,

291 2744 338 2787 ut
365 2740 410 2787 in
445 2741 599 2804 prima
632 2740 808 2788 factum
849 2746 937 2801 est,
982 2745 1108 2806 Papa
1133 2747 1179 2790 et
1209 2744 1529 2791 cardinalibus
1564 2743 1883 2807 presentibus.
1921 2741 2056 2788 Dicte

289 2828 396 2870 sunt
433 2828 636 2886 quatuor
664 2825 904 2872 orationes
931 2843 939 2871 :
966 2825 1135 2888 prima,
1174 2826 1231 2874 de
1261 2827 1523 2887 dominica3
1561 2827 1789 2884 secunda,
1816 2825 1947 2871 Deus
1979 2809 2063 2886 qui

285 2906 468 2966 salutis,
493 2915 609 2964 etc.,·
630 2907 781 2967 tertia,
815 2912 983 2956 contra
1012 2925 1247 2972 paganos3
1281 2914 1464 2973 quarta,
1489 2925 1574 2974 pro
1601 2913 1743 2973 Papa.
1774 2910 2058 2956 Sermonem

285 2989 395 3036 fecit
417 2994 704 3052 procurator
734 2991 913 3038 ordinis
942 2991 1183 3040 minorum
1211 3009 1297 3056 pro
1317 3008 1411 3055 quo
1430 2993 1790 3040 fuitintereum
1812 2994 1859 3038 et
1888 2987 2061 3051 magis-

287 3076 409 3119 trum
440 3074 601 3137 palatii
634 3090 808 3138 magna
841 3076 1102 3123 contentio.
1135 3078 1252 3124 Nam
1282 3076 1509 3139 magister
1536 3075 1697 3137 palatii
1725 3073 1909 3121 dixerat
1937 3069 2054 3118 mihi

285 3156 412 3216 quod
434 3172 544 3204 eum
561 3158 620 3205 ad
638 3157 1060 3218 sermocinandum
1081 3176 1178 3207 non
1201 3159 1503 3207 admitterem
1524 3173 1610 3221 pro
1633 3173 1689 3205 eo
1716 3156 1843 3219 quod
1862 3154 1940 3201 ille
1963 3151 2053 3200 sibi

285 3254 557 3287 sermonem
579 3256 673 3288 non
709 3241 1006 3300 ostenderat,
1044 3242 1120 3290 ille
1155 3258 1205 3290 se
1228 3241 1486 3290 excusabat
1511 3241 1675 3288 dicens
1699 3243 1812 3287 ante
1844 3236 2051 3284 triduum

283 3320 489 3381 primum
523 3325 583 3371 ad
616 3324 794 3373 Urbem
840 3324 1039 3373 rediisse
1072 3325 1130 3372 de
1165 3341 1289 3384 sero,
1325 3328 1372 3371 et
1405 3324 1498 3371 hoc
1533 3338 1672 3370 mane
1709 3321 1756 3369 in
1792 3321 1934 3367 domo
1973 3332 2058 3362 sua

283 3403 521 3462 quesitum
546 3406 698 3469 ipsum
721 3423 814 3454 non
839 3407 1090 3470 reperisse.
1117 3406 1376 3455 Cardinalis
1398 3422 1436 3453 s.
1464 3405 1589 3454 Petri
1613 3405 1673 3453 ad
1690 3402 1908 3459 Vincula,
1939 3413 2052 3462 pro-
