2262 3958
326 326 396 361 206
927 323 1158 360 Jol-lANle'
1192 325 1485 373 BURCHARDI,
1854 331 1985 373 [suimet
2008 334 2098 374 1486}

320 433 667 482 illustrissimus
689 432 745 476 D·
772 429 834 474 FO
853 437 881 470 ἢ
902 436 1136 483 dinandus
1162 449 1246 481 rex
1275 431 1499 494 Hispanie
1522 438 1687 481 contra
1707 449 1870 498 regem
1898 427 2105 483 Granate'

321 517 586 566 infidelem.
615 521 725 566 Post
739 518 1009 567 orationem
1025 518 1215 566 solitam
1237 516 1352 564 dixit
1367 515 1635 564 orationem
1650 534 1736 580 pro
1753 533 1868 582 rege
1889 519 1976 566 sub
2001 534 2095 567 uno

316 618 400 664 per
417 603 692 662 Dominum,
718 603 846 666 quod
860 607 1030 667 postea
1047 602 1165 649 mihi
1181 601 1339 649 minus
1355 597 1610 647 convenire
1627 598 1779 647 visum
1795 605 1884 648 est.
1905 600 2096 649 Potuis-

325 687 396 731 set
411 684 556 742 enim,
578 688 624 733 et
644 683 831 746 melius,
847 686 1060 749 qualibet
1090 685 1241 733 oratio
1266 684 1354 732 sub
1377 698 1463 730 suo
1481 698 1568 744 per
1587 680 1861 742 Dominum,
1881 683 1984 731 sine
2010 699 2095 732 sua

326 766 634 816 conclusione
657 769 919 817 terminari.
940 766 1425 817 Intersueruntmisse
1445 765 1611 813 RRmi.
1636 767 1734 812 DD.
1755 764 2091 814 vicecancella-

327 850 421 898 rius
443 866 553 898 cum
568 867 631 898 ΧΗ
653 851 756 899 aliis
776 852 1115 911 cardinalibuS,
1142 854 1188 900 et
1210 851 1257 897 in
1275 865 1383 898 sero
1404 850 1557 896 factus
1585 849 1672 896 fuit
1692 849 1815 912 ignis
1841 855 1952 899 ante
1966 849 2098 915 pala-

328 933 389 980 tia
415 936 542 997 Pape
561 939 608 982 et
631 935 943 983 cardinalium
960 951 1013 983 ac
1034 935 1248 998 pluribus
1278 933 1380 982 aliis
1406 931 1525 981 locis
1550 932 1687 980 Urbis
1708 933 1754 980 in
1778 929 2090 997 triumphum.

325 1019 366 1071 ξΞῖ
391 1017 527 1066 Feria
543 1018 700 1077 tertia,
719 1018 914 1082 25julii,
931 1019 1106 1067 festum
1128 1034 1165 1065 s.
1183 1017 1346 1066 Jacobi
1365 1016 1583 1081 apostoli,
1604 1020 1658 1064 R.
1679 1019 1731 1064 P.
1758 1019 1815 1064 D.
1838 1017 2093 1081 episcopus

329 1101 610 1150 Ussellensis
631 1105 781 1150 Rome
811 1102 859 1148 in
884 1102 1088 1150 ecclesia
1111 1118 1150 1149 s.
1176 1100 1589 1164 Jacobipredicta,
1617 1100 1872 1148 celebravit
1894 1100 2092 1148 missam

326 1185 590 1233 solemnem
623 1185 696 1233 cui
720 1185 1036 1233 interfuerunt
1058 1183 1222 1232 RRmi.
1248 1187 1347 1232 DD.
1372 1183 1791 1232 vicecancellarius
1818 1182 2094 1247 Neapolita-

326 1284 429 1327 nus,
453 1268 830 1331 Andegavensis,
853 1269 1117 1332 Agriensis,
1138 1269 1197 1317 de
1220 1268 1499 1326 Comitihus,
1526 1267 1816 1325 Parmensis,
1843 1265 2091 1325 Senensis,

327 1351 626 1399 Camerarius
649 1356 695 1400 et
715 1352 774 1400 de
798 1352 996 1400 Sabellis
1019 1352 1076 1400 de
1098 1351 1292 1400 licentia
1309 1351 1571 1415 primorum
1593 1349 1736 1397 trium
1759 1348 2090 1397 cardinalium.

328 1436 438 1483 Post
458 1435 723 1483 orationem
745 1435 839 1483 diei
858 1429 984 1483 dicta
1003 1435 1089 1482 fuit
1109 1435 1260 1483 oratio
1279 1450 1364 1498 pro
1387 1449 1499 1497 rege
1522 1432 1613 1480 'sub
1641 1448 1737 1480 una
1760 1430 2092 1490 conclusione,

326 1518 453 1580 quod
479 1523 639 1567 tamen
666 1519 974 1582 postmodum
1000 1518 1154 1565 visum
1182 1522 1254 1566 est
1277 1517 1434 1564 minus
1463 1515 1736 1574 convenire,
1759 1514 1873 1563 licet
1898 1513 1947 1561 in
1968 1513 2096 1561 dicta

327 1601 531 1649 ecclesia
545 1605 830 1650 consuetum
846 1601 906 1650 sit
922 1602 1142 1649 omnibus
1159 1601 1327 1649 diebus
1342 1600 1389 1647 in
1405 1582 1551 1647 inissa
1569 1598 1812 1662 propriam
1828 1596 2096 1646 orationem

327 1699 410 1746 pro
434 1699 547 1748 rege
568 1685 874 1749 interponere
895 1684 1013 1732 :alia
1034 1684 1197 1731 omnia
1210 1699 1344 1731 more
1362 1683 1500 1731 solito
1524 1687 1633 1730 sunt
1656 1681 1924 1729 observata.
1948 1681 2100 1727 Inter-

330 1764 394 1811 fui
415 1768 462 1812 et
483 1764 743 1813 ministravi
766 1765 813 1812 in
834 1766 925 1813 hac
949 1765 1095 1814 missa
1124 1783 1151 1814 a
1181 1766 1427 1830 capellano
1451 1766 1575 1814 dicte
1598 1763 1803 1814 ecclesie
1826 1761 2099 1827 specialiter

331 1851 538 1911 rogatus.

395 1933 531 1981 Feria
554 1933 732 1996 quinta,
765 1937 823 1980 27
855 1933 977 1997 julii,
1016 1937 1164 1982 Rome
1200 1933 1249 1980 in
1281 1933 1478 1981 basilica
1510 1931 1737 1994 principis
1769 1929 2098 1994 apostolorum

332 2022 375 2065 et
397 2016 530 2064 altari
556 2017 695 2064 beate
722 2017 869 2064 Marie
890 2016 1082 2080 virginis
1106 2018 1243 2080 juxta
1269 2016 1543 2080 sepulcrum
1568 2014 1700 2062 Pauli
1728 2017 1855 2077 Pape
1877 2011 2095 2072 secundi,

332 2103 384 2147 R.
410 2103 460 2147 P.
484 2103 541 2148 D.
567 2103 710 2149 Cesar
731 2100 981 2164 episcopus
1002 2099 1255 2148 Amerinus
1285 2098 1540 2147 celebravit
1567 2097 1764 2144 missam
1787 2095 2098 2144 anniversarii

331 2182 486 2231 obitus
504 2183 671 2247 prefati
694 2183 827 2231 Pauli
847 2183 895 2230 in
910 2183 1261 2247 pontificalibus
1281 2198 1290 2241 ;
1316 2182 1432 2230 dixit
1449 2186 1612 2230 tamen
1627 2196 1773 2229 unam
1789 2179 2058 2228 orationem
2084 2195 2094 2226 :

327 2266 450 2315 Deus
481 2268 562 2331 qui
588 2268 707 2315 inter
739 2267 981 2331 apostolos,
1021 2275 1105 2314 ete.
1140 2266 1459 2315 lnterfuerunt
1497 2265 1762 2313 cardinales
1795 2280 1834 2311 s.
1873 2262 2021 2311 Marci
2054 2266 2101 2310 et

328 2352 700 2414 Andegavensis,
737 2351 961 2399 undecim
995 2351 1180 2415 prelati,
1211 2350 1430 2398 videlicet
1474 2364 1646 2396 novem
1693 2345 1927 2410 episcopi,
1974 2360 2100 2392 unus

330 2434 517 2482 auditor
550 2438 652 2482 rote
687 2438 733 2481 et
764 2434 992 2497 magister
1021 2434 1140 2481 sacri
1165 2419 1352 2497 palatii.
1391 2435 1504 2479 Post
1538 2430 1809 2493 epistolam,
1847 2427 2102 2475 distributa

331 2517 416 2564 fuit
436 2531 565 2575 cera,
588 2516 806 2565 videlicet
834 2516 1153 2564 cardinalibus
1173 2515 1413 2563 intorticia
1439 2514 1647 2577 quinque
1674 2512 1743 2560 vel
1768 2526 1852 2559 sex
1871 2510 2100 2558 librarum

332 2599 593 2663 quodlibet,
630 2599 823 2663 prelatis
861 2599 1001 2647 unius
1045 2598 1183 2658 libre,
1229 2596 1514 2646 caudatariis
1553 2595 1710 2643 medie
1748 2594 1887 2653 libre,
1940 2592 2098 2640 facule

332 2683 575 2732 canonicis
598 2700 635 2730 s.
664 2683 790 2730 Petri
817 2686 863 2730 et
884 2682 986 2731 aliis
1015 2698 1157 2746 parve
1187 2682 1400 2730 candele.
1437 2683 1590 2744 Super
1618 2676 1913 2740 sepulturam
1942 2674 2101 2738 posita

332 2767 417 2814 fuit
432 2782 577 2830 capsa
600 2767 692 2814 alta
706 2782 882 2830 magno
911 2782 995 2814 suo
1021 2765 1163 2829 pallio
1182 2768 1410 2829 cooperta
1429 2779 1573 2812 aureo
1611 2765 1659 2810 et
1676 2762 1812 2825 juxta
1843 2756 2100 2807 duodecim

335 2849 569 2898 intorticia
581 2848 695 2896 hinc
718 2854 763 2897 et
786 2849 914 2898 inde.
933 2849 1194 2912 Epistolam
1216 2851 1262 2896 et
1278 2847 1580 2911 evangelium
1599 2845 1818 2895 dixerunt
1841 2844 1934 2892 duo
1955 2858 2099 2892 cano-

335 2933 426 2981 uici
461 2931 585 2982 dicte
627 2933 839 2981 basilice.
880 2932 1035 2980 Finita
1075 2931 1238 2991 missa,
1282 2931 1368 2979 fuit
1413 2934 1656 2979 cantatum
1689 2926 2050 2992 responsorium
2083 2941 2092 2971 :

338 3016 503 3064 Libera
523 3032 613 3076 me,
638 3016 848 3075 Domine,
882 3025 966 3064 etc,
1003 3016 1259 3064 Celebrans
1295 3019 1424 3062 stans
1443 3018 1552 3062 ante
1578 3010 1897 3060 faldistorium
1924 3025 2020 3073 quo
2047 3006 2096 3055 in

335 3099 478 3147 missa
490 3115 603 3147 usus
620 3103 691 3147 est
706 3100 832 3162 quod
851 3104 951 3147 erat
965 3098 1099 3162 quasi
1112 3099 1161 3146 in
1175 3098 1329 3161 capite
1351 3097 1591 3160 sepulture
1607 3094 1827 3159 aspersit,
1847 3096 2097 3157 postquam

337 3180 513 3247 incepit
540 3196 550 3232 2
580 3183 728 3242 Pater
758 3190 928 3241 noster,
963 3187 1068 3240 ete„
1096 3181 1274 3228 ibidem
1302 3180 1444 3228 etiam
1468 3178 1643 3226 mansit
1663 3192 1760 3226 non
1785 3172 2018 3224 movendo
2045 3187 2096 3222 se

336 3263 393 3313 de
420 3265 545 3326 loco,
578 3271 624 3315 et
647 3264 770 3314 male
807 3263 918 3329 quia
944 3265 1106 3314 debuit
1131 3280 1181 3312 se
1212 3263 1383 3327 girare,
1421 3259 1592 3309 deinde
1623 3258 1738 3308 dixit
1775 3276 1784 3308 :
1821 3256 1892 3306 Et
1925 3273 1983 3305 ne
2015 3270 2097 3303 nos

337 3347 529 3395 inclamas
560 3349 608 3395 in
639 3347 954 3406 tentationem,
991 3355 1096 3406 ete„
1131 3351 1177 3395 et
1204 3345 1471 3394 orationem
1498 3361 1583 3409 pro
1610 3344 1909 3393 absolutione
1933 3356 1946 3387 ε
1971 3339 2097 3387 Deus

337 3429 416 3492 qui
437 3429 556 3478 inter
574 3446 778 3479 summos
798 3430 1070 3477 sacerdotes.
1094 3428 1197 3476 Alia
1222 3429 1467 3477 observata
1486 3431 1593 3475 sunt
1614 3442 1748 3475 more
1771 3424 1927 3473 solito.
