2262 3958
366 311 436 346 416
968 279 1200 348 JbHANNIS
1234 310 1527 356 BURCHARDI,
1914 311 2020 359 [Aosst
2040 311 2133 360 1491]

424 414 556 460 Lune
576 416 631 460 15
648 411 827 461 mensis
845 413 1050 476 augusti,
1072 413 1201 461 circa
1218 430 1277 461 xv
1298 412 1454 461 noctis
1468 411 1656 472 horam,
1674 413 1790 463 obiit
1804 414 2046 477 quondam
2070 417 2128 463 D.

368 494 612 543 Johannes
629 494 861 544 Montoris
887 495 1099 544 decanus
1127 495 1359 544 Badensis
1387 499 1434 544 et
1461 494 1723 544 canonicus
1750 512 1788 544 s.
1811 496 1941 545 Petri
1971 495 2134 545 senior

370 578 734 641 Argentinensis
749 578 1063 637 ecclesiarum
1079 579 1158 642 qui
1186 583 1213 627 4
1239 579 1458 644 ejusdem
1483 577 1663 627 mensis
1694 578 1962 628 infirmatus
1987 583 2061 628 est
2085 583 2134 629 et

374 664 429 708 15
447 661 664 724 ejusdem
686 665 795 710 ante
818 661 946 710 diem
968 662 1065 711 sive
1087 662 1136 710 in
1154 679 1326 711 aurora
1346 663 1394 710 in
1416 661 1622 710 ecclesia
1639 661 1891 725 hospitalis
1907 662 2134 715 Aleman-

369 740 541 791 norum
561 744 618 792 de
646 745 771 794 Urbe
787 742 1017 809 sepultus.
1044 746 1329 809 Requiescat
1347 747 1395 794 in
1413 761 1548 810 pace.

428 827 515 876 Die
546 822 674 876 Jovis
709 832 765 876 18
791 829 997 892 augusti,
1033 830 1161 878 circa
1189 830 1358 879 horam
1385 830 1668 894 vigesimam
1695 830 1935 892 portatum
1964 826 2051 875 fuit
2079 840 2138 875 ex

369 910 544 975 palatio
575 911 838 974 apostolico
863 912 988 976 apud
1016 918 1234 962 sanctum
1251 916 1464 972 Petrum,
1489 929 1576 976 per
1593 911 1908 976 principalem
1927 913 2134 975 portam,

369 1009 455 1057 per
475 993 646 1042 fratres
662 999 925 1043 conventus
942 996 1081 1045 beate
1093 997 1240 1045 Marie
1259 981 1317 1045 de
1341 996 1520 1060 Populo
1540 995 1742 1044 cadaver
1756 995 1883 1044 bone
1901 992 2134 1042 memorie

370 1078 427 1123 D.
441 1078 465 1123 J
469 1076 671 1124 ohannis
686 1077 898 1141 episcopi
911 1080 1227 1127 Tornacensis
1241 1079 1324 1139 (1),
1340 1080 1453 1128 dicti
1472 1080 1634 1143 palatii
1653 1078 1904 1143 apostolici
1921 1076 2138 1141 magistri

370 1159 560 1218 domus,
597 1159 677 1222 qui
704 1161 970 1209 infirmatus
1010 1165 1082 1209 est
1110 1161 1187 1210 die
1227 1162 1339 1212 lune
1382 1166 1549 1211 octava
1578 1163 1739 1227 hujuS,
1775 1166 1823 1210 et
1857 1161 1975 1210 obiit
1997 1160 2139 1211 *circa

367 1241 539 1289 horam
562 1246 763 1301 sextam,
788 1247 930 1292 nocte
948 1244 1167 1307 sequenti
1187 1244 1315 1293 diem
1335 1248 1386 1292 11
1413 1245 1628 1309 ejusdem
1641 1244 1839 1293 mensis.
1863 1243 2138 1292 Associatus

370 1324 458 1372 suit
485 1340 512 1372 a
535 1325 731 1388 prelatis
763 1325 927 1390 palatii
961 1331 1010 1375 et
1038 1327 1230 1375 familiis
1263 1327 1578 1376 cardinalium
1606 1331 1653 1375 et
1682 1327 1910 1391 episcopo
1935 1318 2137 1374 Pacensi

369 1412 559 1458 oratore
578 1409 706 1472 regis
734 1409 962 1473 Hispanie
995 1425 1119 1474 equo
1150 1410 1306 1474 ipsum
1341 1411 1669 1475 sequentibus
1702 1412 1974 1473 Antequam
2005 1407 2140 1473 pala-

370 1493 491 1539 tium
525 1493 693 1551 exiret,
734 1492 907 1542 avisavi
939 1494 1148 1558 prelatos
1182 1494 1344 1558 palatii
1373 1494 1432 1543 de
1467 1494 1674 1544 honesto
1707 1494 1894 1552 ordine,
1916 1491 2139 1541 videlicet

372 1576 500 1639 quod
521 1575 691 1639 prelati
713 1576 930 1625 seniores
961 1576 1076 1641 ipsis
1101 1576 1150 1624 in
1170 1577 1473 1641 promotione
1496 1594 1579 1626 eos
1597 1577 1861 1642 precedere
1883 1576 2136 1633 deberent,

377 1675 435 1707 ex
459 1675 551 1723 quo
578 1675 675 1707 non
707 1660 926 1709 venirent
956 1676 1044 1723 pro
1071 1665 1206 1725 parte
1231 1661 1472 1725 pontificis
1498 1662 1694 1711 nomine
1731 1661 1817 1720 sed
1849 1659 2140 1709 confratrem

372 1758 512 1807 suum
542 1742 870 1806 sepeliendum
895 1762 904 1790 :
931 1743 1017 1791 sed
1051 1760 1149 1792 non
1175 1745 1352 1808 placuit
1377 1746 1492 1810 ipsis
1521 1747 1775 1795 observare
1799 1745 1892 1792 hoc
1918 1755 2141 1791 asseren-

308 1886 310 1889 ι
370 1825 497 1873 tibus
519 1826 808 1874 contrariam
833 1827 1231 1876 consuetudinem
1258 1845 1450 1893 semper
1476 1829 1623 1878 fuisse
1649 1830 1964 1881 observatam.
1992 1832 2140 1897 Equi—

419 1961 453 1997 1.
479 1961 570 1998 Jean
589 1961 788 1999 Monissart
802 1962 979 2002 suasanus,
998 1965 1019 2000 a
1035 1962 1150 2000 Rome
1172 1964 1311 2011 eveque
1330 1963 1376 2000 de
1405 1964 1590 2012 Tournay,
1611 1964 1644 2002 le
1663 1965 1710 2002 28
1738 1977 1835 2002 mars
1862 1966 1967 2004 1486.
1988 1966 2082 2004 Mais
2103 1967 2135 2004 le

370 2020 423 2057 roi
442 2021 487 2057 de
498 2021 648 2066 Franco,
671 2032 757 2058 sous
776 2021 955 2059 l’autorite
974 2022 1109 2070 duquel
1132 2033 1171 2059 se
1198 2021 1356 2059 trouvait
1374 2033 1415 2058 ce
1435 2022 1590 2068 diocese,
1612 2035 1659 2060 ne
1677 2023 1802 2062 voulut
1819 2024 1950 2072 Jamais
1968 2025 2003 2062 le
2014 2037 2144 2063 recon-

370 2081 486 2116 naitre
506 2079 610 2127 (Voy.
633 2082 654 2116 a
682 2079 928 2128 l’Appendice,
951 2087 992 2117 n⁰
1012 2082 1072 2126 35,
1095 2081 1188 2118 dans
1208 2081 1259 2118 les
1283 2082 1546 2118 Instructions
1567 2084 1614 2118 de
1633 2084 1793 2119 Char-les
1817 2084 1918 2119 VIII
1935 2088 1960 2120 ὰ
1985 2095 2043 2122 ses
2061 2097 2142 2122 am-

372 2140 616 2183 bassadeurs‚
638 2139 690 2175 les
709 2140 957 2188 paragraphes
977 2139 1112 2177 relatifs
1133 2143 1155 2177 a
1173 2140 1330 2177 l’eveche
1359 2141 1403 2177 de
1423 2140 1622 2190 Tournay),
1645 2146 1681 2179 et
1699 2142 1899 2191 l’empecha
1918 2143 2076 2181 d‘entrer
2095 2155 2140 2181 en

371 2197 583 2245 possession
604 2197 648 2234 de
680 2209 746 2235 son
774 2192 898 2247 Eglise
917 2199 1006 2248 dont
1024 2199 1048 2235 il
1069 2199 1166 2237 avait
1184 2211 1325 2248 pourvu
1345 2199 1454 2237 Louis
1481 2201 1551 2238 Pot
1569 2213 1615 2238 en
1639 2205 1743 2239 vertu
1761 2202 1806 2238 de
1825 2202 1860 2239 la
1885 2202 2142 2251 Pragmatique

372 2256 561 2293 Sanction.
581 2256 674 2306 Voy.
696 2258 742 2294 de
764 2258 993 2307 Brequigny,
1013 2260 1172 2296 Notices
1191 2266 1227 2295 et
1241 2261 1435 2306 Extraits,
1452 2264 1538 2306 etc„
1560 2265 1587 2298 t.
1610 2261 1639 2306 Ι,
1660 2273 1697 2310 p.
1713 2262 1758 2298 83
1774 2273 1785 2307 ;
1801 2264 1838 2298 et
1851 2260 1943 2298 dans
1961 2262 2138 2307 Mai-tene,

375 2317 596 2352 Thesaurus
611 2328 737 2353 novus
756 2319 1052 2360 Anecdotorum,
1078 2319 1182 2364 1717,
1204 2323 1231 2356 t.
1267 2320 1313 2364 II,
1340 2319 1411 2357 col.
1439 2320 1544 2365 1760,
1566 2319 1598 2357 le
1623 2320 1789 2357 discours
1808 2322 1989 2369 prononce
2008 2321 2140 2358 devant
2174 2367 2175 2370 Ἰ

371 2374 403 2410 le
423 2375 522 2422 Pape
549 2386 615 2422 par
640 2375 927 2413 l'ambassadeur
951 2377 996 2414 de
1022 2377 1241 2414 Maximilien
1268 2382 1305 2414 et
1338 2379 1382 2414 de
1407 2378 1605 2415 l’archiduc
1631 2379 1796 2427 Philippe
1826 2391 1891 2415 sur
1913 2379 2071 2416 l’eveche
2095 2379 2139 2416 de

371 2434 540 2481 Tournay
558 2434 660 2482 (sans
682 2434 793 2482 date),
815 2436 849 2471 la
869 2438 1022 2483 reponse
1048 2436 1262 2473 d’Innocent
1283 2436 1382 2478 VIII,
1404 2437 1472 2473 col.
1497 2438 1589 2473 1765
1609 2439 1670 2484 (19
1690 2438 1761 2474 mai
1782 2438 1887 2485 1492)
1912 2441 1949 2474 et
1973 2438 2009 2474 la
2034 2437 2138 2475 lettre

372 2492 436 2528 des
457 2492 655 2528 cardinaux
674 2505 737 2529 sur
755 2493 788 2530 le
806 2496 922 2531 meme
944 2494 1052 2542 sujet,
1073 2495 1141 2532 col.
1164 2496 1253 2531 >1767
1285 2496 1346 2541 (20
1365 2495 1435 2531 mai
1456 2495 1577 2543 1492).

419 2550 617 2587 Monissart
635 2551 691 2588 fut
715 2555 856 2589 enterre
882 2553 973 2590 dans
1002 2553 1140 2600 l'eglise
1166 2553 1211 2590 de
1240 2553 1496 2591 Sainte-Marie
1524 2555 1571 2591 du
1600 2555 1751 2604 Peuple.
1772 2555 1844 2593 Sur
1869 2566 1910 2592 sa
1934 2555 2070 2603 tomhe,
2091 2566 2137 2592 on

371 2609 475 2658 placa
491 2609 726 2658 l'inscription
746 2611 911 2649 suivante
930 2624 939 2649 :

1065 2672 1212 2708 ΙοΗΑΝΝι
1238 2672 1446 2709 ΜοΝιεεΑΒτ

844 2722 1013 2767 'Pmmpm
1040 2743 1081 2767 m·
1101 2730 1239 2768 Cimoni
1266 2732 1396 2769 Ducum
1422 2732 1653 2770 BURGUNDIAE

894 2790 907 2798 ⁸
1148 2790 1376 2828 CONslniAnio

973 2858 977 2861 ’
1040 2850 1216 2887 Emscopo
1243 2850 1468 2889 TonNAcENsi

806 2908 909 2945 Sixri
936 2909 997 2946 IV.
1025 2922 1067 2946 m*
1094 2911 1293 2947 INNocan’rn
1319 2912 1416 2949 VIII.
1445 2912 1543 2948 Rom.
1570 2911 1719 2949 Pou'nr.

1087 2970 1274 3006 MAoisrsso
1300 2970 1428 3007 Donus

938 3040 1016 3064 rint-2
1041 3041 1083 3064 m·
1107 3030 1247 3065 MAoms
1272 3030 1425 3066 Mnnrris
1451 3030 1584 3067 Insmm

976 3099 1168 3124 nssmNATo
1194 3083 1299 3124 arma
1324 3101 1359 3125 JN
1386 3088 1532 3126 HisrAN.

1000 3147 1078 3184 pao
1104 3147 1220 3184 CAUSA
1246 3148 1345 3184 me
1372 3148 1513 3185 LEGATO

1106 3207 1159 3242 Ex
1185 3208 1418 3243 TESTAMENTO

969 3265 1068 3302 Omrr
1093 3277 1185 3302 ANNO
1211 3277 1354 3302 sunus
1381 3278 1549 3304 MCCCCXCI

1090 3337 1147 3360 mu
1173 3337 1237 3362 xu.
1261 3324 1433 3362 Amusn.

441 3404 636 3451 Landucci,
659 3407 765 3453 Oriy.
779 3407 841 3442 del
863 3406 990 3453 Temp.
1012 3408 1055 3443 di
1071 3407 1111 3445 S.
1133 3409 1264 3443 Maria
1283 3408 1347 3445 del
1364 3408 1496 3455 Popot.
1512 3411 1642 3455 yiorn.
1657 3410 1694 3456 4,
1714 3421 1751 3459 p.
1774 3410 1853 3446 19¹.
