<?xml version="1.0" encoding="UTF-8"?>
<!DOCTYPE html PUBLIC "-//W3C//DTD XHTML 1.0 Transitional//EN"
    "http://www.w3.org/TR/xhtml1/DTD/xhtml1-transitional.dtd">
<html xmlns="http://www.w3.org/1999/xhtml" xml:lang="en" lang="en">
 <head>
  <title>
</title>
<meta http-equiv="Content-Type" content="text/html;charset=utf-8" />
  <meta name='ocr-system' content='tesseract 3.04.00' />
  <meta name='ocr-capabilities' content='ocr_page ocr_carea ocr_par ocr_line ocrx_word'/>
</head>
<body>
  <div class='ocr_page' id='page_1' title='image "./diariumsivererum01burcuoft_0492.png"; bbox 0 0 2262 3958; ppageno 0'>
   <div class='ocr_carea' id='block_1_1' title="bbox 337 330 2102 380">
    <p class='ocr_par' dir='ltr' id='par_1_1' title="bbox 337 330 2102 380">
     <span class='ocr_line' id='line_1_1' title="bbox 337 330 2102 380; baseline 0.005 -18"><span class='ocrx_word' id='word_1_1' title='bbox 337 337 406 371; x_wconf 76' lang='lat'>482</span> <span class='ocrx_word' id='word_1_2' title='bbox 943 331 1172 366; x_wconf 73' lang='lat' dir='ltr'><strong>JOHANNIS</strong></span> <span class='ocrx_word' id='word_1_3' title='bbox 1207 330 1500 376; x_wconf 81' lang='lat' dir='ltr'>BURCHARDI,</span> <span class='ocrx_word' id='word_1_4' title='bbox 1909 333 1991 378; x_wconf 73' lang='lat' dir='ltr'>[Mai</span> <span class='ocrx_word' id='word_1_5' title='bbox 2010 332 2102 380; x_wconf 81' lang='lat'><strong>1492]</strong></span> 
     </span>
    </p>
   </div>
   <div class='ocr_carea' id='block_1_2' title="bbox 328 432 2104 2322">
    <p class='ocr_par' dir='ltr' id='par_1_2' title="bbox 333 432 2104 996">
     <span class='ocr_line' id='line_1_2' title="bbox 338 432 2096 499; baseline -0.001 -15"><span class='ocrx_word' id='word_1_6' title='bbox 338 435 686 499; x_wconf 80' lang='lat' dir='ltr'>sequebantur3</span> <span class='ocrx_word' id='word_1_7' title='bbox 712 438 759 482; x_wconf 92' lang='lat' dir='ltr'>et</span> <span class='ocrx_word' id='word_1_8' title='bbox 779 433 872 481; x_wconf 91' lang='lat' dir='ltr'>hoc</span> <span class='ocrx_word' id='word_1_9' title='bbox 894 432 1059 480; x_wconf 89' lang='lat' dir='ltr'>ordine</span> <span class='ocrx_word' id='word_1_10' title='bbox 1082 448 1232 495; x_wconf 89' lang='lat' dir='ltr'>usque</span> <span class='ocrx_word' id='word_1_11' title='bbox 1255 432 1315 480; x_wconf 89' lang='lat' dir='ltr'>ad</span> <span class='ocrx_word' id='word_1_12' title='bbox 1336 437 1550 480; x_wconf 84' lang='lat' dir='ltr'>sanctam</span> <span class='ocrx_word' id='word_1_13' title='bbox 1570 434 1768 482; x_wconf 87' lang='lat' dir='ltr'>Mariam</span> <span class='ocrx_word' id='word_1_14' title='bbox 1783 435 1831 482; x_wconf 93' lang='lat' dir='ltr'>in</span> <span class='ocrx_word' id='word_1_15' title='bbox 1852 435 1942 484; x_wconf 88' lang='lat' dir='ltr'>Via</span> <span class='ocrx_word' id='word_1_16' title='bbox 1963 437 2096 494; x_wconf 85' lang='lat' dir='ltr'>Lata,</span> 
     </span>
     <span class='ocr_line' id='line_1_3' title="bbox 337 515 2099 582; baseline 0.001 -16"><span class='ocrx_word' id='word_1_17' title='bbox 337 523 383 567; x_wconf 93' lang='lat' dir='ltr'>et</span> <span class='ocrx_word' id='word_1_18' title='bbox 403 519 513 566; x_wconf 91' lang='lat' dir='ltr'>inde</span> <span class='ocrx_word' id='word_1_19' title='bbox 532 519 667 582; x_wconf 85' lang='lat' dir='ltr'>juxta·</span> <span class='ocrx_word' id='word_1_20' title='bbox 687 517 884 565; x_wconf 90' lang='lat' dir='ltr'>domum</span> <span class='ocrx_word' id='word_1_21' title='bbox 912 516 970 564; x_wconf 93' lang='lat' dir='ltr'>de</span> <span class='ocrx_word' id='word_1_22' title='bbox 998 515 1215 563; x_wconf 83' lang='lat' dir='ltr'>Maximis</span> <span class='ocrx_word' id='word_1_23' title='bbox 1237 515 1299 563; x_wconf 89' lang='lat' dir='ltr'>ad</span> <span class='ocrx_word' id='word_1_24' title='bbox 1324 532 1548 580; x_wconf 90' lang='lat' dir='ltr'>campum</span> <span class='ocrx_word' id='word_1_25' title='bbox 1570 517 1706 566; x_wconf 87' lang='lat' dir='ltr'>Flore</span> <span class='ocrx_word' id='word_1_26' title='bbox 1728 522 1776 566; x_wconf 91' lang='lat' dir='ltr'>et</span> <span class='ocrx_word' id='word_1_27' title='bbox 1793 518 1869 566; x_wconf 91' lang='lat' dir='ltr'>via</span> <span class='ocrx_word' id='word_1_28' title='bbox 1889 523 2020 567; x_wconf 89' lang='lat' dir='ltr'>recta</span> <span class='ocrx_word' id='word_1_29' title='bbox 2039 519 2099 567; x_wconf 87' lang='lat' dir='ltr'>ad</span> 
     </span>
     <span class='ocr_line' id='line_1_4' title="bbox 335 593 2099 665; baseline 0 -15"><span class='ocrx_word' id='word_1_30' title='bbox 335 602 542 665; x_wconf 79' lang='lat' dir='ltr'>plateam</span> <span class='ocrx_word' id='word_1_31' title='bbox 561 601 709 648; x_wconf 91' lang='lat' dir='ltr'>sancti</span> <span class='ocrx_word' id='word_1_32' title='bbox 739 599 883 658; x_wconf 90' lang='lat' dir='ltr'>Petri,</span> <span class='ocrx_word' id='word_1_33' title='bbox 907 599 1017 647; x_wconf 90' lang='lat' dir='ltr'>inde</span> <span class='ocrx_word' id='word_1_34' title='bbox 1038 614 1126 661; x_wconf 87' lang='lat' dir='ltr'>per</span> <span class='ocrx_word' id='word_1_35' title='bbox 1143 593 1268 647; x_wconf 82' lang='lat' dir='ltr'>viam</span> <span class='ocrx_word' id='word_1_36' title='bbox 1283 600 1420 663; x_wconf 84' lang='lat' dir='ltr'>juxta</span> <span class='ocrx_word' id='word_1_37' title='bbox 1442 600 1680 648; x_wconf 82' lang='lat' dir='ltr'><strong>stabulum</strong></span> <span class='ocrx_word' id='word_1_38' title='bbox 1701 601 1824 648; x_wconf 89' lang='lat' dir='ltr'>Rmi.</span> <span class='ocrx_word' id='word_1_39' title='bbox 1845 601 2099 650; x_wconf 86' lang='lat' dir='ltr'>cardinalis</span> 
     </span>
     <span class='ocr_line' id='line_1_5' title="bbox 335 681 2097 748; baseline 0.001 -17"><span class='ocrx_word' id='word_1_40' title='bbox 335 688 496 732; x_wconf 86' lang='lat' dir='ltr'>sancte</span> <span class='ocrx_word' id='word_1_41' title='bbox 509 684 658 731; x_wconf 88' lang='lat' dir='ltr'>Marie</span> <span class='ocrx_word' id='word_1_42' title='bbox 679 683 728 731; x_wconf 91' lang='lat' dir='ltr'>in</span> <span class='ocrx_word' id='word_1_43' title='bbox 749 682 944 730; x_wconf 87' lang='lat' dir='ltr'>Porticu</span> <span class='ocrx_word' id='word_1_44' title='bbox 965 681 1025 729; x_wconf 90' lang='lat' dir='ltr'>ad</span> <span class='ocrx_word' id='word_1_45' title='bbox 1047 681 1242 730; x_wconf 91' lang='lat' dir='ltr'>domum</span> <span class='ocrx_word' id='word_1_46' title='bbox 1265 685 1321 730; x_wconf 88' lang='lat' dir='ltr'>D.</span> <span class='ocrx_word' id='word_1_47' title='bbox 1347 682 1672 730; x_wconf 90' lang='lat' dir='ltr'>Bartholomei</span> <span class='ocrx_word' id='word_1_48' title='bbox 1693 683 1892 731; x_wconf 85' lang='lat' dir='ltr'>Mentini</span> <span class='ocrx_word' id='word_1_49' title='bbox 1911 683 1989 748; x_wconf 86' lang='lat'>(1),</span> <span class='ocrx_word' id='word_1_50' title='bbox 2014 686 2097 734; x_wconf 91' lang='lat' dir='ltr'><strong>SS.</strong></span> 
     </span>
     <span class='ocr_line' id='line_1_6' title="bbox 335 764 2103 830; baseline 0.002 -16"><span class='ocrx_word' id='word_1_51' title='bbox 335 770 392 814; x_wconf 89' lang='lat' dir='ltr'>D.</span> <span class='ocrx_word' id='word_1_52' title='bbox 414 770 469 815; x_wconf 88' lang='lat' dir='ltr'>N.</span> <span class='ocrx_word' id='word_1_53' title='bbox 492 781 614 830; x_wconf 89' lang='lat' dir='ltr'>pape</span> <span class='ocrx_word' id='word_1_54' title='bbox 636 766 750 813; x_wconf 94' lang='lat' dir='ltr'>olim</span> <span class='ocrx_word' id='word_1_55' title='bbox 770 764 1050 813; x_wconf 90' lang='lat' dir='ltr'>cubicularii</span> <span class='ocrx_word' id='word_1_56' title='bbox 1073 764 1264 825; x_wconf 78' lang='lat' dir='ltr'>secreti,</span> <span class='ocrx_word' id='word_1_57' title='bbox 1290 781 1382 828; x_wconf 90' lang='lat' dir='ltr'>que</span> <span class='ocrx_word' id='word_1_58' title='bbox 1405 765 1519 813; x_wconf 93' lang='lat' dir='ltr'>olim</span> <span class='ocrx_word' id='word_1_59' title='bbox 1540 765 1628 812; x_wconf 90' lang='lat' dir='ltr'>fuit</span> <span class='ocrx_word' id='word_1_60' title='bbox 1649 765 1861 828; x_wconf 79' lang='lat' dir='ltr'>episcopi</span> <span class='ocrx_word' id='word_1_61' title='bbox 1883 767 2103 817; x_wconf 75' lang='lat' dir='ltr'>Cervian-</span> 
     </span>
     <span class='ocr_line' id='line_1_7' title="bbox 335 847 2104 914; baseline -0.001 -17"><span class='ocrx_word' id='word_1_62' title='bbox 335 850 415 910; x_wconf 91' lang='lat' dir='ltr'>sis,</span> <span class='ocrx_word' id='word_1_63' title='bbox 437 866 522 914; x_wconf 90' lang='lat' dir='ltr'>pro</span> <span class='ocrx_word' id='word_1_64' title='bbox 543 849 752 913; x_wconf 91' lang='lat' dir='ltr'>hospitio</span> <span class='ocrx_word' id='word_1_65' title='bbox 783 848 895 896; x_wconf 93' lang='lat' dir='ltr'>dicti</span> <span class='ocrx_word' id='word_1_66' title='bbox 916 848 1117 896; x_wconf 92' lang='lat' dir='ltr'>oratoris</span> <span class='ocrx_word' id='word_1_67' title='bbox 1142 847 1385 911; x_wconf 89' lang='lat' dir='ltr'>deputata,</span> <span class='ocrx_word' id='word_1_68' title='bbox 1409 848 1731 912; x_wconf 81' lang='lat' dir='ltr'>pervenimus,</span> <span class='ocrx_word' id='word_1_69' title='bbox 1756 847 1853 906; x_wconf 93' lang='lat' dir='ltr'>ubi,</span> <span class='ocrx_word' id='word_1_70' title='bbox 1879 848 1998 897; x_wconf 88' lang='lat' dir='ltr'>actis</span> <span class='ocrx_word' id='word_1_71' title='bbox 2016 864 2104 912; x_wconf 88' lang='lat' dir='ltr'>per</span> 
     </span>
     <span class='ocr_line' id='line_1_8' title="bbox 333 931 2098 996; baseline -0.002 -15"><span class='ocrx_word' id='word_1_72' title='bbox 333 937 574 981; x_wconf 85' lang='lat' dir='ltr'>oratorem</span> <span class='ocrx_word' id='word_1_73' title='bbox 595 932 866 996; x_wconf 90' lang='lat' dir='ltr'>predictum</span> <span class='ocrx_word' id='word_1_74' title='bbox 890 947 949 979; x_wconf 87' lang='lat' dir='ltr'>ex</span> <span class='ocrx_word' id='word_1_75' title='bbox 969 947 1103 979; x_wconf 92' lang='lat' dir='ltr'>more</span> <span class='ocrx_word' id='word_1_76' title='bbox 1126 931 1349 978; x_wconf 92' lang='lat' dir='ltr'>omnibus</span> <span class='ocrx_word' id='word_1_77' title='bbox 1379 931 1562 994; x_wconf 83' lang='lat' dir='ltr'>gratiis,</span> <span class='ocrx_word' id='word_1_78' title='bbox 1587 935 1892 979; x_wconf 88' lang='lat' dir='ltr'>recesserunt</span> <span class='ocrx_word' id='word_1_79' title='bbox 1913 945 2098 980; x_wconf 83' lang='lat' dir='ltr'>omnes.</span> 
     </span>
    </p>

    <p class='ocr_par' dir='ltr' id='par_1_3' title="bbox 332 1014 2103 1228">
     <span class='ocr_line' id='line_1_9' title="bbox 398 1014 2098 1078; baseline 0 -15"><span class='ocrx_word' id='word_1_80' title='bbox 398 1015 638 1064; x_wconf 90' lang='lat' dir='ltr'>Schedula</span> <span class='ocrx_word' id='word_1_81' title='bbox 669 1030 756 1078; x_wconf 90' lang='lat' dir='ltr'>per</span> <span class='ocrx_word' id='word_1_82' title='bbox 787 1030 864 1062; x_wconf 92' lang='lat' dir='ltr'>me</span> <span class='ocrx_word' id='word_1_83' title='bbox 891 1014 1016 1062; x_wconf 88' lang='lat' dir='ltr'>facta</span> <span class='ocrx_word' id='word_1_84' title='bbox 1043 1014 1203 1062; x_wconf 87' lang='lat' dir='ltr'>abbati</span> <span class='ocrx_word' id='word_1_85' title='bbox 1235 1014 1386 1062; x_wconf 87' lang='lat' dir='ltr'>sancti</span> <span class='ocrx_word' id='word_1_86' title='bbox 1409 1014 1694 1073; x_wconf 73' lang='lat' dir='ltr'>Sebastiam,</span> <span class='ocrx_word' id='word_1_87' title='bbox 1727 1014 1924 1063; x_wconf 81' lang='lat' dir='ltr'>sacriste</span> <span class='ocrx_word' id='word_1_88' title='bbox 1954 1017 2098 1078; x_wconf 81' lang='lat' dir='ltr'>Pape,</span> 
     </span>
     <span class='ocr_line' id='line_1_10' title="bbox 334 1095 2103 1161; baseline 0.001 -17"><span class='ocrx_word' id='word_1_89' title='bbox 334 1113 477 1160; x_wconf 90' lang='lat' dir='ltr'>super</span> <span class='ocrx_word' id='word_1_90' title='bbox 507 1096 809 1145; x_wconf 87' lang='lat' dir='ltr'>intimatione</span> <span class='ocrx_word' id='word_1_91' title='bbox 836 1095 1028 1143; x_wconf 84' lang='lat' dir='ltr'>RRmis.</span> <span class='ocrx_word' id='word_1_92' title='bbox 1061 1098 1161 1142; x_wconf 92' lang='lat' dir='ltr'><strong>DD.</strong></span> <span class='ocrx_word' id='word_1_93' title='bbox 1192 1095 1513 1143; x_wconf 83' lang='lat' dir='ltr'>cardinalibus</span> <span class='ocrx_word' id='word_1_94' title='bbox 1551 1095 1789 1156; x_wconf 86' lang='lat' dir='ltr'>facienda,</span> <span class='ocrx_word' id='word_1_95' title='bbox 1835 1097 1894 1145; x_wconf 93' lang='lat' dir='ltr'>de</span> <span class='ocrx_word' id='word_1_96' title='bbox 1933 1112 2103 1161; x_wconf 90' lang='lat' dir='ltr'>recep-</span> 
     </span>
     <span class='ocr_line' id='line_1_11' title="bbox 332 1179 793 1228; baseline 0 -2"><span class='ocrx_word' id='word_1_97' title='bbox 332 1180 462 1228; x_wconf 89' lang='lat' dir='ltr'>tione</span> <span class='ocrx_word' id='word_1_98' title='bbox 479 1180 592 1228; x_wconf 86' lang='lat' dir='ltr'>ferri</span> <span class='ocrx_word' id='word_1_99' title='bbox 609 1179 793 1227; x_wconf 85' lang='lat' dir='ltr'>lancee.</span> 
     </span>
    </p>

    <p class='ocr_par' dir='ltr' id='par_1_4' title="bbox 328 1260 2104 2322">
     <span class='ocr_line' id='line_1_12' title="bbox 398 1260 2104 1328; baseline 0.004 -22"><span class='ocrx_word' id='word_1_100' title='bbox 398 1283 420 1306; x_wconf 91' lang='lat'>«</span> <span class='ocrx_word' id='word_1_101' title='bbox 454 1262 705 1310; x_wconf 86' lang='lat' dir='ltr'>Intimetur</span> <span class='ocrx_word' id='word_1_102' title='bbox 735 1260 958 1309; x_wconf 89' lang='lat' dir='ltr'>omnibus</span> <span class='ocrx_word' id='word_1_103' title='bbox 997 1260 1187 1307; x_wconf 89' lang='lat' dir='ltr'>RRmis.</span> <span class='ocrx_word' id='word_1_104' title='bbox 1219 1263 1320 1308; x_wconf 92' lang='lat' dir='ltr'><strong>DD.</strong></span> <span class='ocrx_word' id='word_1_105' title='bbox 1362 1261 1682 1309; x_wconf 82' lang='lat' dir='ltr'>cardinalibus</span> <span class='ocrx_word' id='word_1_106' title='bbox 1714 1263 1843 1325; x_wconf 90' lang='lat' dir='ltr'>quod</span> <span class='ocrx_word' id='word_1_107' title='bbox 1867 1263 1917 1310; x_wconf 91' lang='lat' dir='ltr'>in</span> <span class='ocrx_word' id='word_1_108' title='bbox 1944 1263 2104 1328; x_wconf 63' lang='lat' dir='ltr'>vigilia</span> 
     </span>
     <span class='ocr_line' id='line_1_13' title="bbox 330 1343 2100 1407; baseline 0.002 -14"><span class='ocrx_word' id='word_1_109' title='bbox 330 1345 638 1394; x_wconf 91' lang='lat' dir='ltr'>Ascensionis</span> <span class='ocrx_word' id='word_1_110' title='bbox 669 1347 808 1392; x_wconf 85' lang='lat' dir='ltr'>erunt</span> <span class='ocrx_word' id='word_1_111' title='bbox 835 1358 1035 1406; x_wconf 92' lang='lat' dir='ltr'>vespere</span> <span class='ocrx_word' id='word_1_112' title='bbox 1059 1343 1108 1390; x_wconf 91' lang='lat' dir='ltr'>in</span> <span class='ocrx_word' id='word_1_113' title='bbox 1136 1343 1320 1406; x_wconf 90' lang='lat' dir='ltr'>capella</span> <span class='ocrx_word' id='word_1_114' title='bbox 1346 1343 1529 1407; x_wconf 89' lang='lat' dir='ltr'>majore</span> <span class='ocrx_word' id='word_1_115' title='bbox 1552 1344 1713 1407; x_wconf 88' lang='lat' dir='ltr'>palatii</span> <span class='ocrx_word' id='word_1_116' title='bbox 1734 1363 1744 1402; x_wconf 90' lang='lat'>;</span> <span class='ocrx_word' id='word_1_117' title='bbox 1768 1346 1814 1392; x_wconf 96' lang='lat' dir='ltr'>in</span> <span class='ocrx_word' id='word_1_118' title='bbox 1844 1346 1920 1395; x_wconf 93' lang='lat' dir='ltr'>die</span> <span class='ocrx_word' id='word_1_119' title='bbox 1941 1351 2100 1396; x_wconf 87' lang='lat' dir='ltr'>autem</span> 
     </span>
     <span class='ocr_line' id='line_1_14' title="bbox 332 1426 2102 1492; baseline 0.002 -16"><span class='ocrx_word' id='word_1_120' title='bbox 332 1431 415 1476; x_wconf 90' lang='lat' dir='ltr'><strong>SS.</strong></span> <span class='ocrx_word' id='word_1_121' title='bbox 444 1431 499 1476; x_wconf 91' lang='lat' dir='ltr'>D.</span> <span class='ocrx_word' id='word_1_122' title='bbox 528 1430 584 1476; x_wconf 92' lang='lat' dir='ltr'>N.</span> <span class='ocrx_word' id='word_1_123' title='bbox 612 1428 740 1475; x_wconf 91' lang='lat' dir='ltr'>bono</span> <span class='ocrx_word' id='word_1_124' title='bbox 768 1442 908 1474; x_wconf 85' lang='lat' dir='ltr'>mane</span> <span class='ocrx_word' id='word_1_125' title='bbox 939 1426 1170 1488; x_wconf 87' lang='lat' dir='ltr'>equitabit</span> <span class='ocrx_word' id='word_1_126' title='bbox 1197 1427 1258 1474; x_wconf 91' lang='lat' dir='ltr'>ad</span> <span class='ocrx_word' id='word_1_127' title='bbox 1286 1431 1475 1490; x_wconf 89' lang='lat' dir='ltr'>portam</span> <span class='ocrx_word' id='word_1_128' title='bbox 1500 1427 1657 1487; x_wconf 86' lang='lat' dir='ltr'>Urbis,</span> <span class='ocrx_word' id='word_1_129' title='bbox 1681 1429 1820 1492; x_wconf 88' lang='lat' dir='ltr'>juxta</span> <span class='ocrx_word' id='word_1_130' title='bbox 1846 1429 2102 1479; x_wconf 75' lang='lat' dir='ltr'>ecclesiam</span> 
     </span>
     <span class='ocr_line' id='line_1_15' title="bbox 330 1509 2102 1572; baseline 0.001 -13"><span class='ocrx_word' id='word_1_131' title='bbox 330 1511 470 1559; x_wconf 85' lang='lat' dir='ltr'>beate</span> <span class='ocrx_word' id='word_1_132' title='bbox 498 1510 646 1558; x_wconf 89' lang='lat' dir='ltr'>Marie</span> <span class='ocrx_word' id='word_1_133' title='bbox 680 1509 739 1558; x_wconf 91' lang='lat' dir='ltr'>de</span> <span class='ocrx_word' id='word_1_134' title='bbox 770 1509 951 1572; x_wconf 92' lang='lat' dir='ltr'>Populo</span> <span class='ocrx_word' id='word_1_135' title='bbox 988 1524 1074 1572; x_wconf 93' lang='lat' dir='ltr'>per</span> <span class='ocrx_word' id='word_1_136' title='bbox 1103 1524 1247 1572; x_wconf 89' lang='lat' dir='ltr'>quam</span> <span class='ocrx_word' id='word_1_137' title='bbox 1281 1509 1476 1558; x_wconf 90' lang='lat' dir='ltr'>intrabit</span> <span class='ocrx_word' id='word_1_138' title='bbox 1510 1511 1887 1560; x_wconf 90' lang='lat' dir='ltr'>sacratissimum</span> <span class='ocrx_word' id='word_1_139' title='bbox 1920 1512 2102 1568; x_wconf 85' lang='lat' dir='ltr'>ferrum</span> 
     </span>
     <span class='ocr_line' id='line_1_16' title="bbox 329 1591 2103 1657; baseline 0.001 -16"><span class='ocrx_word' id='word_1_140' title='bbox 329 1594 515 1653; x_wconf 89' lang='lat' dir='ltr'>lancee,</span> <span class='ocrx_word' id='word_1_141' title='bbox 546 1610 640 1657; x_wconf 90' lang='lat' dir='ltr'>quo</span> <span class='ocrx_word' id='word_1_142' title='bbox 669 1594 792 1642; x_wconf 89' lang='lat' dir='ltr'>latus</span> <span class='ocrx_word' id='word_1_143' title='bbox 820 1596 876 1641; x_wconf 92' lang='lat' dir='ltr'>D.</span> <span class='ocrx_word' id='word_1_144' title='bbox 911 1595 968 1640; x_wconf 92' lang='lat' dir='ltr'>N.</span> <span class='ocrx_word' id='word_1_145' title='bbox 1007 1594 1119 1639; x_wconf 89' lang='lat' dir='ltr'>Jesu</span> <span class='ocrx_word' id='word_1_146' title='bbox 1148 1591 1339 1651; x_wconf 87' lang='lat' dir='ltr'>Christi,</span> <span class='ocrx_word' id='word_1_147' title='bbox 1377 1592 1425 1639; x_wconf 91' lang='lat' dir='ltr'>in</span> <span class='ocrx_word' id='word_1_148' title='bbox 1463 1608 1606 1641; x_wconf 89' lang='lat' dir='ltr'>cruce</span> <span class='ocrx_word' id='word_1_149' title='bbox 1636 1608 1724 1656; x_wconf 91' lang='lat' dir='ltr'>pro</span> <span class='ocrx_word' id='word_1_150' title='bbox 1760 1593 1913 1643; x_wconf 90' lang='lat' dir='ltr'>salute</span> <span class='ocrx_word' id='word_1_151' title='bbox 1939 1599 2103 1644; x_wconf 87' lang='lat' dir='ltr'>nostra</span> 
     </span>
     <span class='ocr_line' id='line_1_17' title="bbox 330 1674 2103 1741; baseline 0 -16"><span class='ocrx_word' id='word_1_152' title='bbox 330 1677 587 1740; x_wconf 89' lang='lat' dir='ltr'>pendentis</span> <span class='ocrx_word' id='word_1_153' title='bbox 614 1682 835 1741; x_wconf 90' lang='lat' dir='ltr'>apertum</span> <span class='ocrx_word' id='word_1_154' title='bbox 863 1679 953 1734; x_wconf 87' lang='lat' dir='ltr'>est,</span> <span class='ocrx_word' id='word_1_155' title='bbox 985 1679 1032 1722; x_wconf 90' lang='lat' dir='ltr'>et</span> <span class='ocrx_word' id='word_1_156' title='bbox 1055 1674 1235 1722; x_wconf 90' lang='lat' dir='ltr'>ibidem</span> <span class='ocrx_word' id='word_1_157' title='bbox 1261 1675 1414 1738; x_wconf 84' lang='lat' dir='ltr'>ipsam</span> <span class='ocrx_word' id='word_1_158' title='bbox 1439 1675 1661 1724; x_wconf 88' lang='lat' dir='ltr'>lanceam</span> <span class='ocrx_word' id='word_1_159' title='bbox 1683 1692 1708 1724; x_wconf 93' lang='lat' dir='ltr'>e</span> <span class='ocrx_word' id='word_1_160' title='bbox 1730 1676 1951 1725; x_wconf 87' lang='lat' dir='ltr'>manibus</span> <span class='ocrx_word' id='word_1_161' title='bbox 1972 1677 2103 1741; x_wconf 85' lang='lat' dir='ltr'>lega-</span> 
     </span>
     <span class='ocr_line' id='line_1_18' title="bbox 329 1757 2100 1824; baseline 0.001 -17"><span class='ocrx_word' id='word_1_162' title='bbox 329 1765 488 1808; x_wconf 86' lang='lat' dir='ltr'>torum</span> <span class='ocrx_word' id='word_1_163' title='bbox 520 1761 721 1824; x_wconf 84' lang='lat' dir='ltr'>accipiet</span> <span class='ocrx_word' id='word_1_164' title='bbox 750 1764 794 1808; x_wconf 89' lang='lat' dir='ltr'>et</span> <span class='ocrx_word' id='word_1_165' title='bbox 815 1757 1238 1823; x_wconf 87' lang='lat' dir='ltr'>processionaliter</span> <span class='ocrx_word' id='word_1_166' title='bbox 1262 1758 1498 1821; x_wconf 84' lang='lat' dir='ltr'>portabit3</span> <span class='ocrx_word' id='word_1_167' title='bbox 1534 1758 1663 1817; x_wconf 92' lang='lat' dir='ltr'>inde,</span> <span class='ocrx_word' id='word_1_168' title='bbox 1695 1759 1771 1807; x_wconf 89' lang='lat' dir='ltr'>via</span> <span class='ocrx_word' id='word_1_169' title='bbox 1794 1764 1941 1818; x_wconf 85' lang='lat' dir='ltr'>recta,</span> <span class='ocrx_word' id='word_1_170' title='bbox 1966 1760 2100 1824; x_wconf 84' lang='lat' dir='ltr'>juxta</span> 
     </span>
     <span class='ocr_line' id='line_1_19' title="bbox 331 1839 2102 1906; baseline 0 -16"><span class='ocrx_word' id='word_1_171' title='bbox 331 1843 512 1891; x_wconf 75' lang='lat' dir='ltr'>flumen</span> <span class='ocrx_word' id='word_1_172' title='bbox 537 1843 596 1891; x_wconf 90' lang='lat' dir='ltr'>ad</span> <span class='ocrx_word' id='word_1_173' title='bbox 617 1847 828 1891; x_wconf 83' lang='lat' dir='ltr'>castrum</span> <span class='ocrx_word' id='word_1_174' title='bbox 858 1859 895 1889; x_wconf 90' lang='lat' dir='ltr'>s.</span> <span class='ocrx_word' id='word_1_175' title='bbox 920 1841 1110 1904; x_wconf 82' lang='lat' dir='ltr'>Angeli,</span> <span class='ocrx_word' id='word_1_176' title='bbox 1136 1845 1183 1888; x_wconf 90' lang='lat' dir='ltr'>et</span> <span class='ocrx_word' id='word_1_177' title='bbox 1203 1856 1290 1904; x_wconf 87' lang='lat' dir='ltr'>per</span> <span class='ocrx_word' id='word_1_178' title='bbox 1308 1841 1434 1888; x_wconf 90' lang='lat' dir='ltr'>viam</span> <span class='ocrx_word' id='word_1_179' title='bbox 1456 1846 1663 1901; x_wconf 80' lang='lat' dir='ltr'>stantem</span> <span class='ocrx_word' id='word_1_180' title='bbox 1685 1859 1838 1906; x_wconf 90' lang='lat' dir='ltr'>usque</span> <span class='ocrx_word' id='word_1_181' title='bbox 1858 1842 1919 1891; x_wconf 88' lang='lat' dir='ltr'>ad</span> <span class='ocrx_word' id='word_1_182' title='bbox 1941 1839 2102 1891; x_wconf 85' lang='lat' dir='ltr'>basili-</span> 
     </span>
     <span class='ocr_line' id='line_1_20' title="bbox 331 1924 2098 1989; baseline 0.001 -16"><span class='ocrx_word' id='word_1_183' title='bbox 331 1942 436 1973; x_wconf 90' lang='lat' dir='ltr'>cam</span> <span class='ocrx_word' id='word_1_184' title='bbox 467 1944 505 1973; x_wconf 87' lang='lat' dir='ltr'>s.</span> <span class='ocrx_word' id='word_1_185' title='bbox 538 1927 685 1984; x_wconf 84' lang='lat' dir='ltr'>Petri,</span> <span class='ocrx_word' id='word_1_186' title='bbox 716 1925 797 1973; x_wconf 91' lang='lat' dir='ltr'>ubi</span> <span class='ocrx_word' id='word_1_187' title='bbox 834 1924 1009 1972; x_wconf 91' lang='lat' dir='ltr'>deinde</span> <span class='ocrx_word' id='word_1_188' title='bbox 1041 1924 1229 1972; x_wconf 90' lang='lat' dir='ltr'>dicetur</span> <span class='ocrx_word' id='word_1_189' title='bbox 1259 1924 1408 1972; x_wconf 89' lang='lat' dir='ltr'>missa</span> <span class='ocrx_word' id='word_1_190' title='bbox 1440 1925 1669 1973; x_wconf 88' lang='lat' dir='ltr'>solemnis</span> <span class='ocrx_word' id='word_1_191' title='bbox 1699 1926 1757 1974; x_wconf 94' lang='lat' dir='ltr'>de</span> <span class='ocrx_word' id='word_1_192' title='bbox 1787 1926 1928 1986; x_wconf 83' lang='lat' dir='ltr'>festO,</span> <span class='ocrx_word' id='word_1_193' title='bbox 1955 1942 2098 1989; x_wconf 90' lang='lat' dir='ltr'>quam</span> 
     </span>
     <span class='ocr_line' id='line_1_21' title="bbox 329 2004 2096 2072; baseline 0.001 -17"><span class='ocrx_word' id='word_1_194' title='bbox 329 2009 592 2058; x_wconf 85' lang='lat' dir='ltr'>celebrabit</span> <span class='ocrx_word' id='word_1_195' title='bbox 614 2013 779 2057; x_wconf 90' lang='lat' dir='ltr'>Rmus.</span> <span class='ocrx_word' id='word_1_196' title='bbox 811 2013 868 2057; x_wconf 91' lang='lat' dir='ltr'>D.</span> <span class='ocrx_word' id='word_1_197' title='bbox 903 2008 1160 2056; x_wconf 88' lang='lat' dir='ltr'>cardinalis</span> <span class='ocrx_word' id='word_1_198' title='bbox 1186 2024 1224 2055; x_wconf 81' lang='lat' dir='ltr'>s,</span> <span class='ocrx_word' id='word_1_199' title='bbox 1257 2008 1546 2067; x_wconf 87' lang='lat' dir='ltr'>Clementis;</span> <span class='ocrx_word' id='word_1_200' title='bbox 1577 2025 1671 2072; x_wconf 89' lang='lat' dir='ltr'>qua</span> <span class='ocrx_word' id='word_1_201' title='bbox 1698 2004 1834 2058; x_wconf 85' lang='lat' dir='ltr'>finita</span> <span class='ocrx_word' id='word_1_202' title='bbox 1853 2011 1935 2057; x_wconf 90' lang='lat' dir='ltr'><strong>SS.</strong></span> <span class='ocrx_word' id='word_1_203' title='bbox 1961 2011 2018 2056; x_wconf 92' lang='lat' dir='ltr'>D.</span> <span class='ocrx_word' id='word_1_204' title='bbox 2039 2010 2096 2057; x_wconf 93' lang='lat' dir='ltr'>N.</span> 
     </span>
     <span class='ocr_line' id='line_1_22' title="bbox 329 2090 2101 2156; baseline 0 -18"><span class='ocrx_word' id='word_1_205' title='bbox 329 2091 459 2140; x_wconf 88' lang='lat' dir='ltr'>dabit</span> <span class='ocrx_word' id='word_1_206' title='bbox 479 2093 720 2156; x_wconf 88' lang='lat' dir='ltr'>publicam</span> <span class='ocrx_word' id='word_1_207' title='bbox 740 2097 787 2140; x_wconf 89' lang='lat' dir='ltr'>et</span> <span class='ocrx_word' id='word_1_208' title='bbox 808 2093 1076 2140; x_wconf 87' lang='lat' dir='ltr'>solemnem</span> <span class='ocrx_word' id='word_1_209' title='bbox 1097 2090 1489 2139; x_wconf 88' lang='lat' dir='ltr'>benedictionem</span> <span class='ocrx_word' id='word_1_210' title='bbox 1511 2091 1560 2138; x_wconf 89' lang='lat' dir='ltr'>in</span> <span class='ocrx_word' id='word_1_211' title='bbox 1583 2091 1690 2138; x_wconf 92' lang='lat' dir='ltr'>loco</span> <span class='ocrx_word' id='word_1_212' title='bbox 1713 2096 1962 2140; x_wconf 79' lang='lat' dir='ltr'>consueto,</span> <span class='ocrx_word' id='word_1_213' title='bbox 1987 2093 2101 2139; x_wconf 80' lang='lat' dir='ltr'>Pro-</span> 
     </span>
     <span class='ocr_line' id='line_1_23' title="bbox 329 2174 2099 2239; baseline 0 -17"><span class='ocrx_word' id='word_1_214' title='bbox 329 2175 483 2223; x_wconf 90' lang='lat' dir='ltr'>cessio</span> <span class='ocrx_word' id='word_1_215' title='bbox 505 2176 588 2223; x_wconf 90' lang='lat' dir='ltr'>fiet</span> <span class='ocrx_word' id='word_1_216' title='bbox 608 2175 658 2222; x_wconf 92' lang='lat' dir='ltr'>in</span> <span class='ocrx_word' id='word_1_217' title='bbox 674 2176 968 2239; x_wconf 89' lang='lat' dir='ltr'>paramentis</span> <span class='ocrx_word' id='word_1_218' title='bbox 991 2174 1128 2233; x_wconf 89' lang='lat' dir='ltr'>albis,</span> <span class='ocrx_word' id='word_1_219' title='bbox 1155 2178 1202 2222; x_wconf 92' lang='lat' dir='ltr'>et</span> <span class='ocrx_word' id='word_1_220' title='bbox 1223 2189 1333 2221; x_wconf 92' lang='lat' dir='ltr'>cum</span> <span class='ocrx_word' id='word_1_221' title='bbox 1354 2174 1625 2233; x_wconf 87' lang='lat' dir='ltr'>intorticiis,</span> <span class='ocrx_word' id='word_1_222' title='bbox 1640 2174 1916 2223; x_wconf 87' lang='lat' dir='ltr'>benedictio</span> <span class='ocrx_word' id='word_1_223' title='bbox 1937 2178 2099 2223; x_wconf 87' lang='lat' dir='ltr'>autem</span> 
     </span>
     <span class='ocr_line' id='line_1_24' title="bbox 328 2256 1330 2322; baseline -0.001 -18"><span class='ocrx_word' id='word_1_224' title='bbox 328 2258 430 2306; x_wconf 85' lang='lat' dir='ltr'>sine</span> <span class='ocrx_word' id='word_1_225' title='bbox 457 2258 769 2322; x_wconf 80' lang='lat' dir='ltr'>paramentiS,</span> <span class='ocrx_word' id='word_1_226' title='bbox 791 2262 838 2306; x_wconf 91' lang='lat' dir='ltr'>et</span> <span class='ocrx_word' id='word_1_227' title='bbox 859 2274 957 2306; x_wconf 89' lang='lat' dir='ltr'>non</span> <span class='ocrx_word' id='word_1_228' title='bbox 983 2256 1074 2306; x_wconf 90' lang='lat' dir='ltr'>erit</span> <span class='ocrx_word' id='word_1_229' title='bbox 1102 2272 1261 2303; x_wconf 87' lang='lat' dir='ltr'>sermo</span> <span class='ocrx_word' id='word_1_230' title='bbox 1287 2276 1330 2303; x_wconf 90' lang='lat'><strong>».</strong></span> 
     </span>
    </p>
   </div>
   <div class='ocr_carea' id='block_1_3' title="bbox 390 2340 2182 2404">
    <p class='ocr_par' dir='ltr' id='par_1_5' title="bbox 390 2340 2182 2404">
     <span class='ocr_line' id='line_1_25' title="bbox 390 2340 2182 2404; baseline 0.001 -16"><span class='ocrx_word' id='word_1_231' title='bbox 390 2341 576 2389; x_wconf 86' lang='lat' dir='ltr'>Avisavi</span> <span class='ocrx_word' id='word_1_232' title='bbox 602 2345 859 2404; x_wconf 89' lang='lat' dir='ltr'>propterea</span> <span class='ocrx_word' id='word_1_233' title='bbox 888 2342 1135 2389; x_wconf 87' lang='lat' dir='ltr'>sacristam</span> <span class='ocrx_word' id='word_1_234' title='bbox 1163 2342 1308 2402; x_wconf 88' lang='lat' dir='ltr'>Pape,</span> <span class='ocrx_word' id='word_1_235' title='bbox 1343 2340 1545 2387; x_wconf 88' lang='lat' dir='ltr'>clericos</span> <span class='ocrx_word' id='word_1_236' title='bbox 1574 2341 1924 2404; x_wconf 84' lang='lat' dir='ltr'>campanariOS,</span> <span class='ocrx_word' id='word_1_237' title='bbox 1949 2341 2098 2390; x_wconf 85' lang='lat' dir='ltr'>forre-</span> <span class='ocrx_word' id='word_1_238' title='bbox 2179 2360 2182 2364; x_wconf 88' lang='lat'>·</span> 
     </span>
    </p>
   </div>
   <div class='ocr_carea' id='block_1_4' title="bbox 325 2421 2098 3315">
    <p class='ocr_par' dir='ltr' id='par_1_6' title="bbox 327 2421 2098 2800">
     <span class='ocr_line' id='line_1_26' title="bbox 327 2421 2097 2488; baseline 0.001 -19"><span class='ocrx_word' id='word_1_239' title='bbox 327 2422 424 2470; x_wconf 87' lang='lat' dir='ltr'>rios</span> <span class='ocrx_word' id='word_1_240' title='bbox 443 2426 588 2486; x_wconf 81' lang='lat' dir='ltr'>Pape,</span> <span class='ocrx_word' id='word_1_241' title='bbox 613 2422 742 2487; x_wconf 90' lang='lat' dir='ltr'>quod</span> <span class='ocrx_word' id='word_1_242' title='bbox 762 2423 822 2470; x_wconf 86' lang='lat' dir='ltr'>ad</span> <span class='ocrx_word' id='word_1_243' title='bbox 844 2423 1100 2471; x_wconf 87' lang='lat' dir='ltr'>ecclesiam</span> <span class='ocrx_word' id='word_1_244' title='bbox 1128 2422 1269 2470; x_wconf 87' lang='lat' dir='ltr'>beate</span> <span class='ocrx_word' id='word_1_245' title='bbox 1290 2421 1440 2469; x_wconf 89' lang='lat' dir='ltr'>Marie</span> <span class='ocrx_word' id='word_1_246' title='bbox 1460 2422 1518 2470; x_wconf 93' lang='lat' dir='ltr'>de</span> <span class='ocrx_word' id='word_1_247' title='bbox 1541 2423 1722 2485; x_wconf 92' lang='lat' dir='ltr'>Populo</span> <span class='ocrx_word' id='word_1_248' title='bbox 1745 2424 1991 2473; x_wconf 86' lang='lat' dir='ltr'>mitterent</span> <span class='ocrx_word' id='word_1_249' title='bbox 2009 2439 2097 2488; x_wconf 90' lang='lat' dir='ltr'>pro</span> 
     </span>
     <span class='ocr_line' id='line_1_27' title="bbox 328 2503 2097 2568; baseline 0.003 -19"><span class='ocrx_word' id='word_1_250' title='bbox 328 2503 454 2552; x_wconf 91' lang='lat' dir='ltr'>dicta</span> <span class='ocrx_word' id='word_1_251' title='bbox 486 2505 562 2552; x_wconf 91' lang='lat' dir='ltr'>die</span> <span class='ocrx_word' id='word_1_252' title='bbox 595 2505 799 2568; x_wconf 90' lang='lat' dir='ltr'>pluviale</span> <span class='ocrx_word' id='word_1_253' title='bbox 843 2505 1004 2551; x_wconf 88' lang='lat' dir='ltr'>album</span> <span class='ocrx_word' id='word_1_254' title='bbox 1044 2508 1090 2551; x_wconf 92' lang='lat' dir='ltr'>et</span> <span class='ocrx_word' id='word_1_255' title='bbox 1116 2503 1309 2550; x_wconf 88' lang='lat' dir='ltr'>mitram</span> <span class='ocrx_word' id='word_1_256' title='bbox 1343 2504 1614 2565; x_wconf 88' lang='lat' dir='ltr'>preciosam</span> <span class='ocrx_word' id='word_1_257' title='bbox 1650 2508 1697 2552; x_wconf 93' lang='lat' dir='ltr'>et</span> <span class='ocrx_word' id='word_1_258' title='bbox 1729 2505 1940 2567; x_wconf 89' lang='lat' dir='ltr'>planam,</span> <span class='ocrx_word' id='word_1_259' title='bbox 1980 2506 2097 2555; x_wconf 85' lang='lat' dir='ltr'>duas</span> 
     </span>
     <span class='ocr_line' id='line_1_28' title="bbox 327 2586 2094 2653; baseline 0.002 -19"><span class='ocrx_word' id='word_1_260' title='bbox 327 2587 576 2650; x_wconf 89' lang='lat' dir='ltr'>mappulas</span> <span class='ocrx_word' id='word_1_261' title='bbox 603 2586 846 2650; x_wconf 89' lang='lat' dir='ltr'>pulchras,</span> <span class='ocrx_word' id='word_1_262' title='bbox 880 2602 1024 2634; x_wconf 90' lang='lat' dir='ltr'>unam</span> <span class='ocrx_word' id='word_1_263' title='bbox 1054 2602 1140 2649; x_wconf 91' lang='lat' dir='ltr'>pro</span> <span class='ocrx_word' id='word_1_264' title='bbox 1174 2586 1298 2633; x_wconf 92' lang='lat' dir='ltr'>collo</span> <span class='ocrx_word' id='word_1_265' title='bbox 1326 2590 1373 2634; x_wconf 89' lang='lat' dir='ltr'>et</span> <span class='ocrx_word' id='word_1_266' title='bbox 1403 2586 1545 2634; x_wconf 88' lang='lat' dir='ltr'>aliam</span> <span class='ocrx_word' id='word_1_267' title='bbox 1574 2602 1661 2649; x_wconf 87' lang='lat' dir='ltr'>pro</span> <span class='ocrx_word' id='word_1_268' title='bbox 1694 2587 1916 2636; x_wconf 88' lang='lat' dir='ltr'>manibus</span> <span class='ocrx_word' id='word_1_269' title='bbox 1949 2590 2094 2653; x_wconf 85' lang='lat' dir='ltr'>Pape,</span> 
     </span>
     <span class='ocr_line' id='line_1_29' title="bbox 328 2668 2098 2728; baseline 0.001 -11"><span class='ocrx_word' id='word_1_270' title='bbox 328 2670 616 2718; x_wconf 89' lang='lat' dir='ltr'>candelabra</span> <span class='ocrx_word' id='word_1_271' title='bbox 644 2670 757 2728; x_wconf 92' lang='lat' dir='ltr'>duo,</span> <span class='ocrx_word' id='word_1_272' title='bbox 808 2669 1107 2717; x_wconf 90' lang='lat' dir='ltr'>thuribulum</span> <span class='ocrx_word' id='word_1_273' title='bbox 1141 2684 1250 2716; x_wconf 94' lang='lat' dir='ltr'>cum</span> <span class='ocrx_word' id='word_1_274' title='bbox 1289 2669 1508 2718; x_wconf 89' lang='lat' dir='ltr'>navicula</span> <span class='ocrx_word' id='word_1_275' title='bbox 1540 2671 1586 2716; x_wconf 89' lang='lat' dir='ltr'>et</span> <span class='ocrx_word' id='word_1_276' title='bbox 1625 2668 1823 2716; x_wconf 89' lang='lat' dir='ltr'>incenso</span> <span class='ocrx_word' id='word_1_277' title='bbox 1856 2673 1903 2718; x_wconf 89' lang='lat' dir='ltr'>et</span> <span class='ocrx_word' id='word_1_278' title='bbox 1931 2669 2098 2719; x_wconf 85' lang='lat' dir='ltr'>balda-</span> 
     </span>
     <span class='ocr_line' id='line_1_30' title="bbox 330 2753 543 2800; baseline 0 0"><span class='ocrx_word' id='word_1_279' title='bbox 330 2753 543 2800; x_wconf 89' lang='lat' dir='ltr'>chinum.</span> 
     </span>
    </p>

    <p class='ocr_par' dir='ltr' id='par_1_7' title="bbox 325 2830 2095 3315">
     <span class='ocr_line' id='line_1_31' title="bbox 392 2830 2095 2899; baseline 0 -16"><span class='ocrx_word' id='word_1_280' title='bbox 392 2835 727 2899; x_wconf 86' lang='lat' dir='ltr'>Superioribus</span> <span class='ocrx_word' id='word_1_281' title='bbox 747 2834 915 2883; x_wconf 91' lang='lat' dir='ltr'>diebus</span> <span class='ocrx_word' id='word_1_282' title='bbox 935 2839 1130 2883; x_wconf 91' lang='lat' dir='ltr'>vocatus</span> <span class='ocrx_word' id='word_1_283' title='bbox 1147 2834 1256 2883; x_wconf 91' lang='lat' dir='ltr'>veni</span> <span class='ocrx_word' id='word_1_284' title='bbox 1277 2834 1338 2883; x_wconf 90' lang='lat' dir='ltr'>ad</span> <span class='ocrx_word' id='word_1_285' title='bbox 1358 2837 1563 2883; x_wconf 89' lang='lat' dir='ltr'>RRmos.</span> <span class='ocrx_word' id='word_1_286' title='bbox 1583 2837 1684 2885; x_wconf 91' lang='lat' dir='ltr'><strong>DD.</strong></span> <span class='ocrx_word' id='word_1_287' title='bbox 1705 2830 2095 2884; x_wconf 78' lang='lat' dir='ltr'>Beneventanum</span> 
     </span>
     <span class='ocr_line' id='line_1_32' title="bbox 326 2918 2095 2987; baseline 0 -21"><span class='ocrx_word' id='word_1_288' title='bbox 326 2925 372 2968; x_wconf 91' lang='lat' dir='ltr'>et</span> <span class='ocrx_word' id='word_1_289' title='bbox 408 2937 446 2966; x_wconf 85' lang='lat' dir='ltr'>s.</span> <span class='ocrx_word' id='word_1_290' title='bbox 479 2919 728 2967; x_wconf 89' lang='lat' dir='ltr'>Anastasie</span> <span class='ocrx_word' id='word_1_291' title='bbox 760 2918 1027 2966; x_wconf 87' lang='lat' dir='ltr'>cardinales</span> <span class='ocrx_word' id='word_1_292' title='bbox 1064 2934 1151 2981; x_wconf 88' lang='lat' dir='ltr'>pro</span> <span class='ocrx_word' id='word_1_293' title='bbox 1191 2918 1491 2967; x_wconf 89' lang='lat' dir='ltr'>ordinatione</span> <span class='ocrx_word' id='word_1_294' title='bbox 1519 2919 1810 2982; x_wconf 86' lang='lat' dir='ltr'>receptionis</span> <span class='ocrx_word' id='word_1_295' title='bbox 1843 2919 1956 2966; x_wconf 83' lang='lat' dir='ltr'>ferri</span> <span class='ocrx_word' id='word_1_296' title='bbox 1982 2933 2095 2987; x_wconf 53' lang='lat' dir='ltr'>pff-</span> 
     </span>
     <span class='ocr_line' id='line_1_33' title="bbox 326 3000 2092 3064; baseline -0.002 -14"><span class='ocrx_word' id='word_1_297' title='bbox 326 3003 440 3050; x_wconf 92' lang='lat' dir='ltr'>dicti</span> <span class='ocrx_word' id='word_1_298' title='bbox 460 3001 696 3061; x_wconf 87' lang='lat' dir='ltr'>facienda,</span> <span class='ocrx_word' id='word_1_299' title='bbox 721 3017 830 3049; x_wconf 89' lang='lat' dir='ltr'>cum</span> <span class='ocrx_word' id='word_1_300' title='bbox 852 3002 1022 3064; x_wconf 91' lang='lat' dir='ltr'>quibus</span> <span class='ocrx_word' id='word_1_301' title='bbox 1053 3002 1198 3050; x_wconf 89' lang='lat' dir='ltr'>etiam</span> <span class='ocrx_word' id='word_1_302' title='bbox 1230 3003 1332 3048; x_wconf 89' lang='lat' dir='ltr'>erat</span> <span class='ocrx_word' id='word_1_303' title='bbox 1356 3003 1411 3048; x_wconf 93' lang='lat' dir='ltr'><strong>R.</strong></span> <span class='ocrx_word' id='word_1_304' title='bbox 1437 3000 1485 3047; x_wconf 93' lang='lat' dir='ltr'>in</span> <span class='ocrx_word' id='word_1_305' title='bbox 1508 3000 1696 3048; x_wconf 84' lang='lat' dir='ltr'>Christo</span> <span class='ocrx_word' id='word_1_306' title='bbox 1718 3003 1770 3048; x_wconf 88' lang='lat' dir='ltr'>P.</span> <span class='ocrx_word' id='word_1_307' title='bbox 1802 3003 1859 3048; x_wconf 94' lang='lat' dir='ltr'><strong>D.</strong></span> <span class='ocrx_word' id='word_1_308' title='bbox 1882 3003 2092 3048; x_wconf 86' lang='lat' dir='ltr'>Joannes</span> 
     </span>
     <span class='ocr_line' id='line_1_34' title="bbox 325 3082 2090 3150; baseline -0.003 -16"><span class='ocrx_word' id='word_1_309' title='bbox 325 3089 494 3135; x_wconf 89' lang='lat' dir='ltr'>Petrus</span> <span class='ocrx_word' id='word_1_310' title='bbox 531 3087 784 3150; x_wconf 90' lang='lat' dir='ltr'>episcopus</span> <span class='ocrx_word' id='word_1_311' title='bbox 825 3085 1182 3143; x_wconf 80' lang='lat' dir='ltr'>Urbinatensis3</span> <span class='ocrx_word' id='word_1_312' title='bbox 1213 3087 1261 3132; x_wconf 93' lang='lat' dir='ltr'>et</span> <span class='ocrx_word' id='word_1_313' title='bbox 1298 3082 1477 3130; x_wconf 88' lang='lat' dir='ltr'>ibidem</span> <span class='ocrx_word' id='word_1_314' title='bbox 1516 3084 1667 3131; x_wconf 91' lang='lat' dir='ltr'>multa</span> <span class='ocrx_word' id='word_1_315' title='bbox 1705 3083 1831 3131; x_wconf 91' lang='lat' dir='ltr'>dicta</span> <span class='ocrx_word' id='word_1_316' title='bbox 1869 3086 1979 3132; x_wconf 89' lang='lat' dir='ltr'>sunt</span> <span class='ocrx_word' id='word_1_317' title='bbox 2017 3082 2090 3131; x_wconf 81' lang='lat' dir='ltr'>rei</span> 
     </span>
     <span class='ocr_line' id='line_1_35' title="bbox 325 3165 2089 3231; baseline -0.001 -17"><span class='ocrx_word' id='word_1_318' title='bbox 325 3169 676 3227; x_wconf 88' lang='lat' dir='ltr'>convenientia,</span> <span class='ocrx_word' id='word_1_319' title='bbox 698 3172 745 3216; x_wconf 91' lang='lat' dir='ltr'>et</span> <span class='ocrx_word' id='word_1_320' title='bbox 766 3168 891 3216; x_wconf 86' lang='lat' dir='ltr'>inter</span> <span class='ocrx_word' id='word_1_321' title='bbox 916 3168 1025 3227; x_wconf 86' lang='lat' dir='ltr'>alia,</span> <span class='ocrx_word' id='word_1_322' title='bbox 1050 3166 1178 3231; x_wconf 88' lang='lat' dir='ltr'>quod</span> <span class='ocrx_word' id='word_1_323' title='bbox 1203 3170 1400 3230; x_wconf 86' lang='lat' dir='ltr'>propter</span> <span class='ocrx_word' id='word_1_324' title='bbox 1421 3167 1501 3212; x_wconf 89' lang='lat' dir='ltr'><strong>SS.</strong></span> <span class='ocrx_word' id='word_1_325' title='bbox 1529 3168 1584 3213; x_wconf 93' lang='lat' dir='ltr'><strong>D.</strong></span> <span class='ocrx_word' id='word_1_326' title='bbox 1610 3169 1666 3214; x_wconf 93' lang='lat' dir='ltr'><strong>N.</strong></span> <span class='ocrx_word' id='word_1_327' title='bbox 1693 3170 1740 3214; x_wconf 87' lang='lat' dir='ltr'>et</span> <span class='ocrx_word' id='word_1_328' title='bbox 1760 3166 1862 3230; x_wconf 89' lang='lat' dir='ltr'>ejus</span> <span class='ocrx_word' id='word_1_329' title='bbox 1885 3165 2089 3214; x_wconf 89' lang='lat' dir='ltr'>infirmi-</span> 
     </span>
     <span class='ocr_line' id='line_1_36' title="bbox 326 3248 2086 3315; baseline -0.001 -18"><span class='ocrx_word' id='word_1_330' title='bbox 326 3254 490 3311; x_wconf 88' lang='lat' dir='ltr'>tatem,</span> <span class='ocrx_word' id='word_1_331' title='bbox 517 3252 697 3300; x_wconf 88' lang='lat' dir='ltr'>ferrum</span> <span class='ocrx_word' id='word_1_332' title='bbox 724 3251 881 3315; x_wconf 89' lang='lat' dir='ltr'>ipsum</span> <span class='ocrx_word' id='word_1_333' title='bbox 912 3256 1075 3315; x_wconf 89' lang='lat' dir='ltr'>posset</span> <span class='ocrx_word' id='word_1_334' title='bbox 1104 3266 1191 3314; x_wconf 89' lang='lat' dir='ltr'>per</span> <span class='ocrx_word' id='word_1_335' title='bbox 1215 3254 1352 3314; x_wconf 86' lang='lat' dir='ltr'>prata</span> <span class='ocrx_word' id='word_1_336' title='bbox 1380 3248 1439 3296; x_wconf 88' lang='lat' dir='ltr'>ad</span> <span class='ocrx_word' id='word_1_337' title='bbox 1471 3249 1750 3312; x_wconf 90' lang='lat' dir='ltr'>palatiolum</span> <span class='ocrx_word' id='word_1_338' title='bbox 1778 3249 1836 3297; x_wconf 93' lang='lat' dir='ltr'>de</span> <span class='ocrx_word' id='word_1_339' title='bbox 1864 3248 2086 3312; x_wconf 89' lang='lat' dir='ltr'>Spinellis</span> 
     </span>
    </p>
   </div>
   <div class='ocr_carea' id='block_1_5' title="bbox 324 3369 2082 3468">
    <p class='ocr_par' dir='ltr' id='par_1_8' title="bbox 324 3369 2082 3468">
     <span class='ocr_line' id='line_1_37' title="bbox 373 3369 2082 3421; baseline 0 -15"><span class='ocrx_word' id='word_1_340' title='bbox 373 3372 405 3406; x_wconf 92' lang='lat'><strong>1.</strong></span> <span class='ocrx_word' id='word_1_341' title='bbox 434 3372 676 3411; x_wconf 80' lang='lat' dir='ltr'>Bartholomei</span> <span class='ocrx_word' id='word_1_342' title='bbox 697 3372 835 3421; x_wconf 87' lang='lat' dir='ltr'>Antini,</span> <span class='ocrx_word' id='word_1_343' title='bbox 860 3385 948 3411; x_wconf 87' lang='lat' dir='ltr'>mss.</span> <span class='ocrx_word' id='word_1_344' title='bbox 978 3373 1131 3414; x_wconf 83' lang='lat'>5158-9,</span> <span class='ocrx_word' id='word_1_345' title='bbox 1167 3369 1304 3417; x_wconf 85' lang='lat' dir='ltr'>Oxtini,</span> <span class='ocrx_word' id='word_1_346' title='bbox 1327 3370 1413 3414; x_wconf 78' lang='lat'>1-493</span> <span class='ocrx_word' id='word_1_347' title='bbox 1434 3369 1526 3407; x_wconf 84' lang='lat' dir='ltr'>dans</span> <span class='ocrx_word' id='word_1_348' title='bbox 1552 3370 1709 3416; x_wconf 86' lang='lat' dir='ltr'>Vialard,</span> <span class='ocrx_word' id='word_1_349' title='bbox 1731 3382 1817 3408; x_wconf 89' lang='lat' dir='ltr'>ouv.</span> <span class='ocrx_word' id='word_1_350' title='bbox 1850 3370 1931 3417; x_wconf 72' lang='lat' dir='ltr'>cite,</span> <span class='ocrx_word' id='word_1_351' title='bbox 1959 3381 1997 3418; x_wconf 92' lang='lat' dir='ltr'>p.</span> <span class='ocrx_word' id='word_1_352' title='bbox 2024 3369 2082 3412; x_wconf 84' lang='lat'>48,</span> 
     </span>
     <span class='ocr_line' id='line_1_38' title="bbox 324 3429 533 3468; baseline 0.014 -3"><span class='ocrx_word' id='word_1_353' title='bbox 324 3429 371 3467; x_wconf 86' lang='lat' dir='ltr'><strong>B.</strong></span> <span class='ocrx_word' id='word_1_354' title='bbox 396 3429 533 3468; x_wconf 83' lang='lat' dir='ltr'>Ertino.</span> 
     </span>
    </p>
   </div>
  </div>
 </body>
</html>
