2262 3958
298 330 365 362 450
901 326 1134 362 JOHANNIS
1167 324 1460 368 BURCHARDI,
1847 330 1951 370 [Mars
1970 330 2061 371 1492]

295 427 485 475 deorum
513 428 785 485 deficiebat,
823 431 870 475 et
903 427 1066 475 tabula
1091 427 1193 489 ipsa
1219 426 1278 473 ab
1305 442 1401 473 uno
1429 426 1583 489 capite
1604 428 1887 478 ostendebat
1914 429 2062 493 scrip-

297 515 452 558 turam
490 516 537 558 et
570 510 697 573 quod
721 509 994 558 semidivisa
1013 509 1208 566 fuisset,
1236 508 1596 556 existimabatur
1622 515 1874 574 propterea
1898 513 1946 560 in
1968 513 2058 561 alia

278 575 426 655 ⁴parte
462 593 679 656 ejusdem
711 592 871 641 tabule
913 592 1187 650 deficiente,
1219 591 1465 640 residuum
1503 592 1749 640 literarum
1781 593 2053 662 hujusmodi

293 675 536 738 sculptum
560 675 722 723 fuisse.
760 673 1008 737 Scriptura
1027 674 1278 722 literarum
1311 673 1584 737 hujusmodi
1605 673 1693 720 fuit
1713 673 1826 721 satis
1847 690 2056 724 concava

294 762 341 805 et
368 757 481 806 satis
503 758 642 806 bonis
672 757 1030 806 characteribus
1059 758 1200 816 facta,
1227 758 1287 805 ad
1313 773 1518 820 quorum
1541 757 1878 805 characterum
1910 758 2056 808 instar

289 841 381 888 feci
402 841 701 905 infrascripta
728 841 788 907 (1)
810 858 820 899 ;
845 857 988 904 quam
1023 840 1233 888 tabulam
1260 842 1344 888 SS.
1371 841 1428 887 D.
1455 842 1512 887 N.
1539 839 1599 887 ad
1620 855 1791 887 manus
1818 839 2056 903 recipiens

291 921 499 985 undique
522 922 880 986 circumspexit,
905 940 982 971 me
1006 924 1149 972 etiam
1170 923 1362 971 vidente
1393 927 1440 971 et
1468 926 1711 987 tangente,
1737 922 2056 972 cardinalibus

291 1004 711 1053 circumstantibus
745 1011 792 1054 et
821 1005 1039 1055 similiter
1079 1005 1365 1054 videntibus.
1403 1005 1587 1053 Deinde
1627 1021 1716 1069 per
1747 1007 2053 1065 Lateranum,

289 1087 547 1146 Coliseum,
584 1089 895 1148 Marforeum,
936 1106 974 1136 s.
1012 1091 1245 1148 Marcum,
1280 1088 1340 1135 de
1379 1086 1614 1146 Maximis,
1651 1102 1870 1150 campum
1918 1087 2056 1135 Flore

289 1170 350 1218 ad
393 1171 624 1233 palatium
660 1172 809 1219 sancti
850 1171 978 1219 Petri
1019 1171 1159 1218 rediit
1192 1175 1262 1229 et,
1303 1170 1503 1218 transito
1535 1174 1682 1232 ponte
1722 1171 1866 1219 castri
1905 1171 2056 1219 sancti

284 1254 471 1316 Angeli,
497 1254 819 1302 cardinalibus
840 1253 1085 1302 licentiam
1107 1253 1254 1301 dedit.

352 1336 525 1383 Ferme
560 1351 672 1383 vero
713 1335 962 1384 literarum
1000 1336 1221 1399 superius
1242 1335 1600 1398 designatarum
1621 1339 1729 1383 sunt
1753 1335 1846 1384 hec
1874 1335 1957 1401 (2).

349 1418 602 1466 Dominica
634 1419 847 1467 secunda
868 1419 1233 1483 quadragesime
1255 1435 1347 1482 que
1378 1418 1466 1466 fuit
1492 1422 1548 1466 18
1581 1419 1761 1467 mensis
1781 1418 1956 1478 martii,
1991 1421 2052 1468 R.

282 1498 330 1545 in
361 1499 549 1548 Christo
575 1503 626 1548 P.
658 1504 714 1548 D.
753 1502 995 1550 Johannes
1023 1504 1191 1550 Petrus
1219 1501 1472 1566 episcopus
1506 1486 1853 1561 Urbinatensis,
1875 1503 1957 1550 SS.
1988 1504 2047 1550 D.

284 1584 340 1629 N.
380 1599 503 1647 pape
555 1585 865 1642 secretarius,
903 1585 1159 1633 celebravit
1203 1585 1399 1633 missam
1435 1585 1483 1632 in
1521 1586 1706 1650 capella
1747 1586 2045 1650 supradicta,

283 1667 411 1729 Papa
446 1667 666 1727 absente,
699 1671 745 1715 et
785 1668 875 1715 fuit
902 1669 1004 1731 ejus
1042 1668 1196 1731 prima
1235 1668 1381 1716 missa
1412 1668 1461 1716 in
1487 1674 1649 1728 cantu,
1684 1669 1734 1717 in
1765 1686 1861 1733 qua
1885 1669 2048 1719 omnia

279 1763 414 1796 more
446 1750 586 1797 solito
621 1755 731 1799 sunt
767 1752 1033 1799 observata.
1085 1753 1367 1799 Sermonem
1398 1751 1512 1800 fecit
1554 1758 1838 1816 procurator
1865 1752 2047 1802 ordinis

280 1830 538 1879 minorum.

345 1917 463 1962 Cum
484 1932 636 1979 nuper
656 1916 714 1963 de
737 1916 940 1963 adventu
970 1916 1088 1964 Rmi.
1115 1919 1172 1964 D.
1199 1916 1453 1964 cardinalis
1474 1917 1533 1965 de
1553 1917 1769 1973 Medicis,
1799 1918 2042 1968 decimum

279 2001 498 2045 octavum
529 1998 669 2046 etatis
698 2014 781 2046 sue
809 2014 989 2046 annum
1011 1998 1213 2062 agentiS,
1236 1999 1296 2046 ad
1317 1999 1496 2047 Urbem
1516 1996 1763 2064 ageretur,
1788 2003 1872 2049 SS.
1897 2004 1955 2048 D.
1979 2003 2036 2050 N.

278 2080 518 2127 commisit
537 2080 657 2128 mihi
676 2085 743 2140 ut,
769 2081 817 2128 in
834 2081 910 2128 die
945 2096 1038 2144 quo
1061 2081 1121 2128 ad
1141 2086 1429 2130 conventum
1453 2083 1593 2131 beate
1613 2083 1761 2131 Marie
1782 2083 1841 2131 de
1858 2083 2039 2147 Populo

276 2167 502 2210 venturus
536 2168 682 2223 esset,
720 2163 1110 2212 Dominationem
1153 2180 1288 2212 suam
1327 2166 1614 2215 accederem
1647 2169 1696 2214 et
1727 2165 1786 2214 de
1822 2166 2040 2230 singulis,

277 2261 388 2293 cum
415 2262 562 2294 novus
591 2250 719 2295 esset
748 2246 938 2310 juvenis
974 2250 1054 2312 (3),
1086 2262 1197 2295 eum
1233 2247 1542 2309 instruerem,
1582 2249 1728 2297 etiam
1753 2248 2045 2298 reverentias

325 2369 358 2406 1.
385 2369 443 2404 Ad
460 2381 612 2416 quorum
627 2370 918 2405 characterorum
929 2368 1044 2406 instar
1060 2370 1126 2406 feci
1137 2369 1379 2418 infrascripta.
1395 2391 1440 2398 —
1453 2371 1611 2418 Manque
1632 2371 1723 2407 dans
1737 2370 1897 2416 Rinaldi,
1909 2383 1946 2419 p.
1961 2370 2041 2409 184.

320 2429 356 2464 2.
377 2427 429 2464 La
445 2428 558 2464 forme
577 2428 623 2464 de
640 2439 701 2464 ces
721 2429 843 2464 lettres
863 2431 920 2464 est
939 2428 1197 2465 certainement
1214 2429 1354 2477 figuree
1367 2430 1459 2466 dans
1471 2430 1602 2468 lemss.
1617 2429 1770 2477 original
1783 2429 2041 2467 dessumhm-d.

273 2486 458 2522 Infessura
485 2486 692 2522 mentionne
726 2489 819 2523 cette
848 2487 1065 2523 decouverte
1091 2498 1178 2524 avec
1206 2487 1272 2523 des
1301 2487 1429 2524 details
1457 2500 1527 2535 que
1563 2488 1751 2524 Burchard
1777 2499 1799 2524 a
1824 2488 1970 2537 neglige
1994 2489 2042 2525 de

272 2549 390 2582 noter.
419 2545 511 2593 Voy.
543 2546 692 2588 Murat„
720 2546 804 2582 Rer.
835 2547 933 2583 Ital.
959 2547 1116 2592 Sor-ilat„
1142 2549 1169 2582 t.
1198 2546 1261 2591 III,
1293 2558 1335 2593 p.
1370 2559 1408 2591 11,
1442 2547 1508 2583 col.
1534 2547 1624 2582 1238
1652 2546 1698 2595 (le
1728 2549 1825 2583 texte
1853 2547 2039 2593 d'Eccard,

270 2607 301 2640 t.
327 2603 372 2647 II,
394 2603 461 2639 col.
491 2604 599 2646 2003,
620 2607 675 2640 est
695 2603 800 2640 fautif
817 2608 853 2641 et
878 2604 1127 2652 inintelligible
1148 2607 1169 2641 a
1197 2608 1252 2641 cet
1272 2604 1443 2653 endroit),
1465 2609 1501 2642 et
1521 2604 1732 2652 Onuphrius
1751 2604 1964 2652 Panvinius,
1989 2605 2041 2642 De

266 2664 475 2708 praecipuis
510 2663 616 2699 Urbis
636 2664 764 2699 Romae
782 2664 1123 2712 Sanctioribusque
1141 2665 1338 2708 Basilicis,
1360 2667 1445 2710 etc„
1466 2675 1561 2712 page
1579 2665 1664 2700 217.

315 2723 350 2757 3.
380 2721 555 2758 Giovanni
589 2721 643 2758 de'
670 2723 800 2759 Medici
838 2723 924 2760 etait
960 2723 994 2759 le
1023 2724 1156 2760 second
1182 2723 1238 2759 fils
1270 2724 1314 2759 de
1346 2724 1518 2760 Laurent.
1550 2722 1579 2759 Il
1603 2722 1729 2771 naquit
1757 2725 1779 2760 a
1807 2722 1979 2760 Florence
2005 2724 2040 2762 le

270 2783 307 2816 11
339 2780 526 2817 decembre
554 2781 659 2817 1475.
686 2782 718 2816 A
750 2785 831 2829 sept
860 2793 939 2827 ans,
967 2782 990 2818 il
1016 2786 1116 2828 recut
1144 2783 1178 2819 la
1201 2786 1352 2819 tonsure
1378 2786 1414 2819 et
1439 2782 1494 2818 fut
1519 2781 1659 2818 declare
1687 2782 1834 2830 capable
1860 2781 2040 2820 d'obtenir

267 2851 337 2875 une
362 2840 563 2887 promotion
590 2840 876 2889 ecclesiastique.
909 2843 980 2879 Sur
1004 2841 1039 2878 la
1061 2841 1238 2878 demande
1266 2841 1350 2878 faite
1381 2852 1447 2889 par
1473 2852 1539 2877 son
1566 2843 1651 2888 pere
1679 2852 1725 2877 au
1751 2840 1804 2878 roi
1831 2840 1942 2878 Louis
1969 2841 2036 2888 xi,

266 2899 406 2935 celui-ci
427 2899 557 2946 promit
573 2912 618 2936 au
635 2899 746 2948 jeune
761 2900 938 2937 Giovanni
951 2901 984 2937 le
997 2901 1151 2949 premier
1162 2894 1322 2937 benefice
1341 2904 1484 2938 vacant.
1501 2900 1660 2936 L'annee
1674 2899 1851 2946 suivante,
1866 2911 1912 2937 eu
1928 2901 2033 2944 1483,

266 2957 369 2993 fidele
389 2961 411 2994 a
429 2970 470 2994 sa
488 2959 623 3006 parole,
646 2959 678 2995 le
706 2959 757 2995 roi
783 2960 816 2996 le
837 2972 982 2996 nomma
1010 2960 1103 2997 abbe
1122 2961 1166 2997 de
1192 2960 1304 2996 Fonte
1330 2959 1452 2996 Dolce.
1475 2958 1620 2995 Bientot
1649 2962 1769 3007 apres,
1791 2959 1894 2996 Sixte
1917 2959 1967 2996 IV
1985 2958 2034 3000 lui

265 3015 386 3052 donna
403 3016 641 3053 l’investiture
661 3018 709 3054 du
730 3017 828 3054 riche
849 3022 1052 3056 monastere
1072 3019 1116 3055 de
1136 3019 1368 3067 Passignano
1385 3021 1420 3055 et
1442 3018 1618 3063 s’efforca,
1641 3029 1778 3054 comme
1798 3018 1831 3054 le
1845 3028 2034 3066 remarque

259 3074 458 3121 justement
477 3075 620 3111 Roscoe
638 3077 731 3122 (The
752 3077 819 3122 life
838 3079 920 3112 and
938 3078 1168 3126 Pontificate
1189 3080 1236 3124 of
1248 3079 1323 3113 Leo
1341 3079 1401 3114 the
1415 3078 1549 3122 tenth„
1567 3078 1596 3123 I,
1608 3088 1644 3124 p.
1661 3077 1735 3124 14),
1746 3088 1813 3125 par
1824 3077 1875 3114 les
1888 3077 2033 3115 faveam

265 3133 349 3180 qu’il
369 3134 533 3181 repandit
553 3146 617 3171 sur
634 3135 687 3171 les
708 3135 871 3179 Medicis,
893 3136 937 3172 de
957 3136 1034 3172 leur
1052 3136 1140 3172 faire
1161 3135 1299 3172 oublier
1317 3135 1350 3172 le
1376 3135 1546 3171 souvenir
1564 3135 1608 3171 de
1629 3146 1696 3172 son
1724 3135 1899 3172 ancienne
1917 3135 2030 3172 hosti-

263 3191 335 3228 lite.
358 3193 516 3229 Laurent
536 3193 703 3230 souhaita
721 3205 813 3241 pour
831 3205 896 3231 son
918 3194 988 3239 fils,
1005 3194 1142 3230 comble
1162 3193 1207 3229 de
1227 3192 1384 3239 dignites
1404 3192 1696 3241 ecclesiastiques
1712 3193 1906 3242 (voyez-en
1919 3192 2030 3230 l’enu-

264 3251 438 3287 meration
464 3252 555 3288 dans
578 3252 720 3288 Roscoe
741 3252 882 3299 d'apres
903 3253 1086 3302 Fabroni),
1114 3253 1148 3290 le
1167 3253 1328 3300 chapeau
1351 3253 1398 3288 de
1415 3252 1587 3289 cardinal.

313 3310 413 3346 Sixte
432 3310 479 3346 IV
508 3311 594 3348 etait
623 3316 725 3356 mort,
748 3312 780 3348 le
799 3324 966 3349 nouveau
992 3314 1090 3360 Pape
1110 3313 1284 3348 Innocent
1307 3310 1391 3348 VIII
1415 3311 1503 3348 etait
1523 3315 1601 3348 tout
1621 3312 1759 3349 devoue
1788 3323 1859 3348 aux
1879 3309 2027 3348 Medicis

263 3369 438 3415 auxquels
454 3369 476 3405 il
497 3370 617 3407 venait
637 3371 682 3407 de
703 3371 832 3407 s’allier
851 3383 916 3419 par
932 3372 964 3408 le
985 3371 1142 3419 mariage
1162 3372 1206 3407 de
1227 3381 1293 3407 son
1313 3369 1370 3406 fils
1387 3381 1472 3406 avec
1490 3370 1523 3406 la
1542 3370 1634 3407 belle
1649 3371 1863 3416 Madelaine,
1880 3381 1948 3407 une
1961 3369 2026 3404 des

262 3426 352 3463 filies
382 3428 426 3464 de
454 3429 628 3466 Laurent.
664 3429 839 3466 Giovanni
869 3430 1060 3467 n'attendit
1087 3440 1152 3477 pas
1183 3429 1405 3476 longtemps.
1438 3429 1491 3465 En
1519 3430 1624 3475 1488,
1656 3431 1724 3477 age
1750 3426 2023 3466 'seulement'de
