2262 3958
119 313 338 359 [Aout1484]
571 309 741 347 RERUM
767 307 1074 346 URBANARUM
1101 307 1454 347 COMMENTARII.
1860 312 1908 348 59

117 433 280 469 suram
313 431 424 466 cum
447 414 635 463 duabus
663 411 872 461 clavibus
902 411 1097 476 paribus
1125 410 1351 470 habebat,
1387 426 1592 475 quarum
1625 427 1771 460 unam
1798 429 1903 461 ma-

118 502 270 568 gister
297 483 426 560 aule,
471 498 672 548 alteram
709 512 824 546 vero
868 493 1158 544 conclaviste
1205 510 1315 543 cum
1357 498 1503 544 Rmo.
1557 498 1615 544 D.
1659 496 1903 546 cardinale

115 585 379 635 existentes
401 582 698 640 retinebant,
722 580 820 639 ille,
844 594 954 628 cum
984 578 1165 628 cibaria
1191 583 1239 627 et
1265 579 1429 627 vinum
1457 579 1506 627 in
1527 583 1729 629 cornuta
1755 580 1908 646 impo-

115 668 309 728 suisset,
333 667 463 716 facta
482 665 614 731 prius
641 665 700 713 de
728 662 927 727 singulis
955 663 1219 722 credentia,
1246 667 1499 712 cornutam
1527 664 1644 712 clavi
1667 666 1903 725 serrabat,

117 757 183 813 et,
214 756 267 801 ut
305 766 448 815 supra
478 749 657 798 dictum
694 751 785 805 est,
821 745 881 794 ad
917 745 1142 793 conclave
1176 745 1423 808 mittebat3
1465 753 1778 798 cornutarum
1816 751 1907 798 due

116 840 273 896 erant,
301 849 503 900 quarum
530 848 625 880 una
654 830 952 888 mittebatur,
987 832 1039 877 ut
1071 846 1235 894 supra,
1273 835 1322 878 et
1357 834 1711 895 reportabatur,
1756 834 1909 883 altera

117 934 230 969 vero
257 918 309 968 in
341 915 556 967 conclavi
589 917 711 973 erat,
741 913 790 961 in
820 929 965 977 quam
1004 913 1167 962 omnia
1199 930 1259 962 ex
1284 914 1366 963 illa
1404 916 1463 963 ab
1499 920 1633 964 extra
1667 917 1904 966 existente

116 1006 332 1054 extracta
365 1000 479 1049 data
512 999 560 1047 in
598 998 812 1047 conclavi
849 1014 939 1063 per
979 998 1287 1063 sportellum,
1333 1000 1716 1064 reponebantur-3
1762 1005 1808 1049 et
1849 1002 1909 1050 ad

115 1093 360 1137 cameram
398 1083 655 1133 cardinalis
704 1083 840 1147 cujus
883 1087 1021 1131 erant
1060 1083 1438 1147 reponebantur.
1484 1086 1585 1148 Ego
1631 1084 1706 1132 vel
1746 1085 1908 1133 socius

108 1186 246 1220 meus
273 1168 589 1219 conclavistas
616 1167 741 1215 illius
769 1166 1026 1216 cardinalis
1059 1168 1196 1231 cujus
1226 1171 1330 1234 erat
1360 1172 1564 1217 cornuta
1602 1168 1904 1229 vocavimuS,

113 1253 287 1320 quibus
325 1269 437 1303 cum
472 1269 558 1301 sua
587 1255 789 1302 cornuta
822 1268 972 1300 vacua
1003 1252 1389 1313 advenientibuS,
1422 1255 1588 1319 aperui
1622 1254 1907 1318 sportellum

114 1338 225 1389 ostii
245 1337 472 1398 abintus,
495 1341 542 1386 et
557 1337 623 1385 illi
645 1337 706 1386 de
727 1341 896 1401 quarta
919 1337 1138 1386 custodia
1168 1338 1228 1385 ab
1256 1342 1408 1398 extra,
1435 1343 1482 1387 et
1504 1338 1796 1387 conclaviste
1818 1337 1909 1402 ipsi

113 1424 174 1472 ab
203 1422 328 1472 intra
365 1426 594 1471 cornutas
634 1422 917 1470 custodibus
949 1421 1280 1486 porrigebant,
1325 1423 1428 1487 qui,
1469 1427 1636 1488 aperta
1675 1425 1902 1483 cornuta,

114 1506 302 1572 singula
321 1522 382 1555 ex
403 1506 485 1554 illa
507 1506 774 1638 trahlenteS,
805 1506 1051 1570 ponebant
1073 1521 1218 1569 supra
1244 1522 1439 1570 parvam
1466 1522 1706 1567 mensam,
1727 1507 1907 1555 ibidem

107 1591 245 1656 juxta
274 1590 451 1640 ostium
481 1605 604 1638 conc
625 1590 724 1639 avis
753 1594 1080 1654 preparatam,
1110 1590 1190 1637 ubi
1218 1607 1341 1638 unus
1369 1593 1643 1652 custodum,
1674 1608 1762 1657 per
1787 1593 1907 1641 alios

112 1674 173 1722 ad
213 1674 310 1723 hoc
349 1674 621 1738 deputatus,
664 1673 956 1738 respiciebat
1000 1673 1188 1738 singula
1233 1675 1466 1724 volvendo
1512 1676 1639 1724 fessa
1683 1676 1822 1741 panis
1861 1680 1908 1724 et

111 1758 389 1817 minestras,
419 1756 682 1822 aperiendo
706 1758 880 1822 pullos,
912 1758 1179 1807 scindendo
1208 1775 1379 1808 carnes
1407 1764 1455 1808 et
1480 1776 1631 1824 panes
1661 1764 1709 1808 et
1735 1764 1903 1820 tortaS‚

110 1840 193 1890 ubi
213 1840 329 1906 ipsis
352 1839 619 1901 videbatur,
652 1857 708 1890 ac
739 1841 1081 1906 perspiciendo
1114 1842 1252 1903 vitra,
1289 1843 1386 1892 sive
1412 1843 1614 1892 caraffas
1638 1844 1752 1893 vini.
1787 1847 1907 1893 Nam

109 1925 276 1975 vinum
302 1941 405 1975 ’non
437 1925 486 1974 in
512 1926 708 1976 ssaschis
738 1931 821 1975 aut
848 1926 899 1975 in
929 1943 1236 1991 quocumque
1269 1928 1363 1976 alio
1399 1945 1532 1988 vas0,
1572 1928 1657 1977 sed
1693 1928 1742 1975 in
1773 1928 1906 1976 vitris

112 2008 400 2074 discopertis
433 2008 731 2071 mittebatur,
779 2010 876 2058 sive
915 2011 1215 2075 portabatur.
1252 2011 1482 2061 Minestre
1517 2029 1630 2060 vero
1667 2012 1717 2060 in
1751 2013 1908 2077 parvis

113 2091 220 2141 ollis
254 2096 306 2141 ut
343 2092 606 2156 plurimum
646 2093 901 2142 dabantur.
952 2094 1152 2158 Singula
1185 2111 1275 2159 per
1309 2111 1393 2144 eos
1439 2096 1564 2144 bene
1603 2096 1724 2156 visa,
1767 2097 1907 2144 nobis

114 2177 304 2226 clericis
341 2176 730 2226 ceremoniarum
766 2177 993 2224 custodes
1025 2177 1115 2241 ipsi
1153 2177 1467 2242 porrigebant
1500 2195 1589 2243 per
1624 2180 1908 2243 sportellum

113 2261 241 2310 ostii.
266 2263 364 2310 Nos
383 2275 502 2310 vero
523 2259 602 2308 illa
624 2260 914 2324 recipientes
932 2261 1180 2324 posuimus
1203 2278 1349 2326 supra
1369 2263 1668 2311 credentiam
1690 2267 1906 2312 nostram

113 2360 359 2410 magnam,
384 2345 464 2393 ubi
491 2344 783 2393 conclaviste
812 2346 1134 2408 expectabant
1161 2349 1209 2394 et
1229 2346 1308 2394 illa
1329 2347 1643 2411 recipiebant,
1667 2353 1905 2412 ponentes

111 2430 162 2480 in
191 2445 278 2478 sua
310 2433 514 2484 cornuta
549 2446 694 2494 quam
722 2430 787 2478 ibi
823 2431 1055 2479 tenebant
1084 2434 1326 2495 paratam,
1370 2448 1480 2480 cum
1520 2448 1613 2496 qua
1649 2433 1812 2481 omnia
1847 2432 1907 2480 ad

112 2529 331 2566 cameras
365 2529 476 2563 suas
499 2515 777 2579 portabant,
815 2531 925 2563 cum
959 2514 1008 2563 in
1047 2531 1157 2564 sero
1189 2516 1370 2566 cibaria
1394 2517 1611 2565 venirent
1640 2533 1727 2581 pro
1763 2532 1902 2576 cena,

111 2597 403 2648 conclaviste
445 2599 754 2663 exponebant
799 2615 912 2648 vasa
963 2605 1196 2664 argentea
1237 2605 1285 2650 et
1332 2601 1483 2650 vitrea
1529 2617 1620 2665 que
1674 2602 1721 2648 in
1762 2617 1903 2649 mane

112 2679 431 2748 acceperant,
458 2699 602 2747 super
636 2684 934 2732 credentiam
970 2689 1187 2734 nostram
1229 2686 1278 2733 in
1321 2686 1552 2746 conclavi,
1599 2689 1647 2734 et
1683 2701 1773 2750 ego
1825 2685 1905 2733 illa

107 2755 429 2817 'restituebam
473 2767 815 2831 parafrenariis
858 2770 918 2818 ab
958 2773 1093 2818 extra
1136 2771 1501 2835 expectantibus
1541 2787 1712 2820 vacua.
1747 2773 1902 2818 Panes

111 2851 242 2901 enim
283 2853 333 2899 et
362 2850 472 2899 vina
500 2867 557 2899 ac
595 2867 767 2901 carnes
801 2854 951 2902 salsas
989 2858 1037 2903 et
1070 2854 1162 2904 alia
1207 2871 1299 2919 que
1339 2859 1564 2920 poterant
1600 2854 1899 2916 conservari,

109 2950 200 2984 nos
227 2934 392 2984 clerici
418 2934 807 2984 ceremoniarum
836 2936 885 2984 in
913 2953 1030 2986 vasa
1054 2942 1221 2987 nostra
1260 2955 1352 3002 que
1386 2940 1446 2987 ad
1477 2940 1573 2988 hoc
1607 2939 1656 2987 in
1690 2937 1902 3000 conclavi

109 3018 425 3085 portavimus,
469 3019 797 3084 reposuimus3
843 3024 1146 3085 portaveram
1199 3022 1329 3071 enim
1370 3039 1568 3088 parvum
1618 3022 1900 3071 buticellum

110 3119 200 3168 pro
223 3103 335 3152 vino
362 3104 653 3168 colligendo,
685 3109 733 3154 et
759 3121 904 3154 unam
928 3121 1123 3170 capsam
1153 3123 1379 3170 magnam
1403 3124 1491 3172 pro
1512 3123 1636 3171 pane
1665 3110 1712 3154 et
1732 3106 1901 3169 hujus-

110 3189 261 3249 modi,
300 3205 443 3254 quam
474 3189 667 3256 reposui
696 3189 746 3237 in
777 3205 970 3238 camera
1002 3189 1322 3250 medicorum,
1358 3206 1447 3253 per
1477 3204 1621 3252 quam
1651 3188 1809 3235 ibatur
1841 3186 1902 3236 ad

108 3257 319 3322 latrinas⁴
339 3273 389 3321 in
421 3274 596 3338 angulo
636 3273 767 3323 circa
806 3273 983 3326 ostium
1022 3273 1278 3322 conclavis,
1319 3273 1424 3321 Alia
1454 3270 1641 3331 autem,
1678 3270 1899 3320 videlicet

110 3357 384 3418 minestras,
422 3373 594 3406 carnes
627 3358 725 3406 sive
759 3357 919 3422 pisces
956 3360 1178 3406 recentes
1222 3360 1269 3404 et
1296 3355 1471 3403 similia
1501 3358 1636 3403 extra
1674 3354 1896 3403 dedimus

113 3441 390 3490 custodibus
431 3441 685 3505 predictis3
720 3441 850 3489 idem
888 3441 1126 3490 faciebam
1164 3439 1214 3487 in
1257 3455 1398 3488 mane
1439 3439 1497 3487 de
1539 3439 1664 3488 vasis
1702 3439 1750 3487 in
1788 3455 1896 3488 sero
