2262 3958
165 292 246 337 [Mai
266 290 357 333 1487]
603 287 772 325 RERUM
806 286 1109 325 URBANARUM
1143 286 1494 325 COMMENTARII.
1870 288 1944 324 265

162 395 242 445 ubi
263 398 392 460 Papa
410 392 627 442 ascendit
647 393 946 454 cathedram,
973 396 1020 441 et
1045 395 1263 455 portatus
1291 390 1380 440 fuit
1404 391 1465 440 ad
1486 389 1735 440 basilicam
1756 390 1943 455 predic-

162 485 260 530 tam
275 493 411 528 more
434 481 686 526 consueto.

225 563 349 612 Ante
372 561 549 610 ostium
569 576 682 610 vero
704 559 900 609 basilice
921 558 1135 622 predicte
1158 557 1402 622 genuflexi
1417 561 1554 606 erant
1575 557 1688 606 nudi
1702 557 1796 606 duo
1817 557 1943 607 cives

162 645 514 706 Bononienses,
563 659 768 709 quorum
815 642 935 690 alius
973 646 1083 690 ante
1126 641 1288 705 plures
1340 658 1534 690 menses
1584 641 1943 690 confalonerius

156 728 342 794 justitie
381 728 584 778 civitatis
634 725 953 776 Bononiensis
991 724 1220 783 existenS‚
1261 725 1380 772 duos
1428 725 1756 790 presbyteros,
1793 741 1943 773 unum

162 812 452 871 secularem,
476 811 623 860 alium
644 809 916 874 regularem
950 808 1130 856 ordinis
1160 824 1197 856 s.
1228 808 1471 856 Francisci
1505 808 1611 872 capi
1634 808 1746 857 fecit
1777 814 1823 857 et
1854 824 1942 873 pro

162 912 329 946 eorum
349 895 524 944 delicto
545 893 773 958 suspendi
794 909 882 956 per
903 908 1041 940 suam
1067 891 1356 940 sententiam
1375 891 1436 939 ad
1455 891 1550 939 hoc
1572 892 1943 941 condemnatos·

162 983 248 1032 SS.
269 983 328 1029 D.
357 982 432 1039 N..‚
458 981 718 1043 propterea
744 992 854 1026 cum
875 977 935 1026 de
968 991 1054 1024 suo
1085 976 1189 1023 foro
1217 991 1315 1023 non
1342 975 1560 1035 fuissent,
1595 975 1755 1039 ipsum
1783 974 1946 1023 officio

158 1062 437 1128 hujusmodi
470 1066 519 1111 et
551 1061 684 1109 omni
715 1060 946 1125 dignitate
986 1059 1182 1124 privavit
1212 1063 1259 1108 et
1293 1074 1404 1108 suos
1445 1058 1698 1120 officialeS,
1741 1074 1946 1123 quorum

158 1150 367 1212 quatuor
395 1160 551 1210 nuper
578 1144 896 1210 penitentiam
919 1144 968 1192 in
1002 1143 1130 1192 dicto
1163 1143 1272 1192 loco
1301 1147 1610 1208 receperunt,
1647 1147 1850 1208 excepto
1888 1158 1947 1192 eo

160 1231 241 1298 qui
264 1231 360 1280 hoc
384 1245 528 1279 mane
551 1244 718 1279 secum
751 1233 869 1288 erat,
901 1227 1039 1292 penis
1069 1227 1322 1292 condignis
1346 1227 1506 1291 puniri
1534 1227 1664 1276 fecit.
1697 1228 1833 1277 Circa
1856 1229 1946 1276 hos

160 1313 283 1366 duos
301 1314 508 1375 stabant,
534 1312 913 1362 sacerdotalibus
928 1312 1222 1376 paramentis
1240 1311 1412 1372 induti,
1433 1327 1604 1361 omnes
1622 1312 1947 1376 penitentiarii

160 1397 358 1448 basilice
388 1396 625 1461 predicte,
655 1395 865 1460 virgulas
891 1396 989 1444 sive
1020 1395 1220 1444 baculos
1248 1396 1296 1444 in
1319 1396 1542 1444 manibus
1566 1400 1806 1457 tenenteS,
1841 1396 1947 1445 illos

159 1481 488 1548 percutientes
513 1484 562 1529 et
591 1480 832 1544 psalmum
861 1479 1090 1527 Miserere
1121 1479 1214 1527 mei
1243 1480 1376 1528 Deus
1414 1480 1674 1529 recitantes
1705 1496 1860 1545 usque
1888 1481 1949 1529 ad

161 1567 336 1625 finem;
372 1579 470 1629 quo
500 1564 761 1629 completo,
798 1580 922 1612 unus
959 1579 1018 1612 ex
1047 1563 1163 1628 ipsis
1196 1564 1546 1627 penitentiariis
1577 1579 1661 1612 eos
1690 1580 1779 1629 per
1800 1564 1946 1613 verba

161 1653 397 1700 consueta
420 1647 694 1707 admonuit3
718 1652 817 1696 tum
847 1649 931 1696 SS.
964 1650 1021 1696 D.
1052 1650 1107 1698 N.
1141 1648 1330 1713 prefato
1364 1648 1598 1713 penitenti
1629 1648 1946 1712 penitentiam

159 1733 366 1799 injunxit
388 1732 520 1797 quod
545 1732 605 1781 de
633 1732 773 1780 bonis
810 1732 909 1780 suis
946 1732 1153 1797 propriis
1189 1733 1390 1781 fundare
1431 1732 1632 1782 deberet
1667 1732 1716 1780 in
1756 1732 1944 1782 civitate

161 1817 379 1867 Bononie
399 1831 546 1864 unam
573 1815 808 1880 capellam
831 1819 882 1863 et
910 1815 1042 1863 illam
1063 1815 1112 1863 in
1141 1831 1292 1863 unum
1314 1815 1606 1864 beneficium
1629 1819 1675 1864 et
1697 1815 1947 1865 sufficien-

162 1906 238 1952 ter
265 1917 353 1967 pro
386 1916 484 1950 uno
517 1900 803 1965 presbytero
840 1888 1026 1960 dotare,
1058 1900 1139 1964 qui
1176 1900 1377 1965 singulis
1416 1900 1587 1949 diebus
1617 1899 1871 1949 dominicis
1901 1905 1949 1949 et

161 1986 340 2037 festivis
372 1986 421 2034 in
453 1986 559 2050 ipsa
594 1984 782 2048 capella
813 1985 1012 2033 missam
1042 1983 1332 2043 celebraret;
1371 2000 1516 2047 quam
1555 1983 1752 2032 missam
1790 1983 1948 2032 dictus

159 2071 342 2138 primus
378 2069 493 2120 civis
529 2087 558 2119 a
592 2070 827 2135 principio
875 2086 1027 2133 usque
1064 2069 1126 2118 ad
1161 2069 1310 2118 finem
1350 2069 1652 2133 genuflexus,
1695 2068 1948 2117 candelam

160 2155 412 2204 ardentem
438 2154 487 2202 in
516 2154 742 2203 manibus
769 2153 999 2212 tenendo,
1034 2153 1199 2201 audire
1228 2159 1276 2200 et
1299 2152 1627 2209 illiinteresse
1659 2152 1860 2200 deberet
1893 2167 1948 2200 ac

162 2241 318 2287 Deum
338 2253 426 2302 pro
447 2237 702 2286 animabus
731 2237 923 2286 illorum
945 2237 1150 2286 duorum
1177 2238 1573 2303 presbyterorum
1595 2253 1732 2300 quos,
1764 2240 1816 2285 ut
1837 2252 1948 2301 pre-

160 2322 327 2382 fertur,
355 2322 586 2387 suspendi
608 2322 809 2382 fecerat,
840 2338 1011 2387 rogare
1043 2327 1092 2371 et
1119 2338 1281 2382 orare3
1313 2338 1460 2386 quam
1481 2321 1799 2387 penitentiam
1820 2320 1949 2370 idem

159 2405 442 2470 acceptavit.

226 2491 550 2539 Surrexerunt
592 2490 736 2538 ambo
777 2494 825 2539 et
863 2493 1008 2554 Papa,
1046 2489 1187 2538 solito
1230 2505 1385 2550 more,
1419 2489 1659 2554 processit
1697 2491 1759 2539 ad
1789 2492 1948 2556 majus

161 2574 327 2636 altare,
348 2574 430 2623 uhi
446 2578 557 2639 post
580 2574 697 2623 fecit
717 2573 1094 2634 confessionem,
1126 2577 1174 2622 et
1197 2573 1289 2622 alia
1311 2589 1448 2622 more
1477 2573 1618 2622 solito
1647 2579 1757 2623 sunt
1787 2575 1950 2624 obser-

160 2660 284 2706 vata.
323 2660 610 2707 Sermonem
632 2658 845 2707 facturus
873 2662 975 2706 erat
1003 2660 1060 2706 D.
1094 2658 1376 2707 Guillelmus
1401 2662 1538 2708 Jocet
1566 2659 1714 2718 Brito,
1743 2660 1950 2724 scriptor

162 2741 484 2807 apostolicus3
512 2746 676 2791 tamen
702 2743 816 2806 quia
840 2758 938 2791 non
971 2743 1060 2791 fuit
1085 2743 1359 2792 intimatum
1388 2744 1712 2792 cardinalibus
1741 2744 1819 2808 qui
1849 2762 1950 2793 ser-

161 2841 358 2875 monem
377 2825 590 2875 facturus
607 2831 753 2886 esset,
777 2829 906 2890 Papa
923 2826 1118 2875 admisit
1135 2831 1182 2876 et
1195 2828 1340 2876 voluit
1355 2828 1486 2892 quod
1504 2843 1603 2877 non
1619 2833 1748 2878 esset
1764 2844 1944 2890 sermo,

162 2914 306 2974 prout
332 2924 431 2958 non
460 2909 564 2958 fuit.
596 2913 651 2958 In
679 2910 776 2959 fine
807 2910 972 2970 misse,
1008 2925 1107 2959 non
1141 2910 1333 2960 fuerunt
1356 2913 1599 2976 publicate
1627 2913 1943 2977 indulgentie,

164 2994 251 3043 sed
268 2996 399 3059 Papa
423 3009 535 3043 cum
554 3009 705 3059 regno
727 2994 776 3042 in
797 2994 953 3057 capite
979 3009 1125 3058 quem
1147 2995 1294 3044 etiam
1314 2996 1408 3044 hoc
1429 3012 1570 3045 mane
1591 2998 1650 3045 de
1677 3012 1871 3046 camera
1886 2997 1948 3045 ad

162 3077 418 3127 ecclesiam
446 3078 667 3143 portavit,
698 3078 936 3143 processit
965 3094 1054 3143 per
1080 3095 1250 3128 navem
1288 3079 1507 3128 ultimam
1540 3080 1760 3129 videlicet
1792 3081 1946 3129 vultus

163 3162 418 3212 Salvatoris
444 3162 594 3211 nostri
625 3163 706 3226 qui
735 3167 958 3211 ostensus
986 3168 1076 3222 est,
1111 3162 1285 3212 deinde
1312 3180 1464 3229 usque
1496 3165 1557 3213 ad
1575 3164 1736 3213 locum
1756 3164 1945 3228 publice

161 3245 530 3304 benedictionis;
552 3246 827 3295 Cardinales
862 3250 909 3295 et
932 3246 1101 3311 prelati
1130 3262 1300 3296 omnes
1323 3248 1518 3297 fuerunt
1538 3248 1588 3296 in
1608 3248 1773 3313 cappis
1795 3248 1948 3297 solitis

162 3330 266 3379 sine
286 3329 598 3394 paramentis.
627 3333 755 3395 Papa
779 3331 909 3380 dedit
934 3331 1324 3380 benedictionem
1351 3348 1488 3382 more
1515 3333 1673 3394 solito,
1705 3337 1752 3382 et
1772 3335 1937 3383 RRmi.

165 3416 266 3463 DD.
289 3414 557 3463 cardinales
572 3415 800 3465 Senensis
822 3415 870 3464 in
891 3416 1041 3465 latino
1058 3421 1103 3466 et
1122 3433 1161 3464 S.
1188 3417 1378 3481 Georgii
1399 3417 1445 3465 in
1462 3416 1622 3467 italico
1636 3418 1940 3482 publicarunt
