2262 3958
108 296 322 341 [novembre
337 289 430 339 1⁴91]
555 286 724 325 RERUM
756 285 1056 324 URBANARUM
1087 282 1436 331 COMMENTARII.
1484 323 1487 326 ,
1817 277 1889 313 429

170 391 371 442 candele
391 405 536 455 parve
557 390 725 455 viginti
751 405 839 454 pro
859 389 999 449 libra,
1028 404 1116 454 pro
1144 388 1305 436 missis
1331 386 1504 446 bassis,
1533 385 1676 434 libre.
1856 399 1885 430 x

167 489 290 539 stem
331 486 601 536 servabitur
641 487 811 536 ultima
852 486 929 534 die
964 485 1278 550 exequiarum
1311 482 1471 548 quoad
1516 480 1804 546 qualitatem
1842 482 1890 527 et

104 569 425 635 qualitatem
445 586 557 619 cere
579 587 672 634 que
695 585 839 633 supra
859 585 946 633 pro
967 569 1124 633 prima
1144 567 1221 615 die
1245 566 1468 615 ordinata
1488 569 1579 613 est.

172 656 295 704 Cera
314 653 650 703 distribuenda
670 653 958 701 officialibus
979 669 1066 716 pro
1086 651 1244 715 prima
1264 650 1341 698 die
1368 667 1377 698 :

171 737 361 802 regenti
383 736 690 796 cancellarie,
715 734 1014 784 intorticium
1038 750 1207 791 unum,

106 840 110 842 ·
167 821 357 871 custodi
379 820 618 886 ejusdem,
643 819 942 868 intorticium
964 834 1132 877 unum,

166 921 256 971 pro
277 905 464 970 capella
483 903 797 952 servientium
819 917 1085 960 armorum,
1110 900 1410 949 intortieium
1435 915 1606 959 unum,

165 1003 256 1053 pro
276 987 555 1037 cantoribus
575 985 759 1050 capelle
783 987 867 1034 SS.
894 987 951 1033 D.
976 987 1032 1033 N.
1058 1000 1180 1048 pape
1202 984 1357 1032 facule
1379 983 1522 1031 unius
1546 982 1669 1030 libre
1682 997 1890 1030 numero

104 1071 376 1122 octodecim
390 1086 402 1126 ;

164 1153 410 1219 magistris
439 1152 650 1203 ostiariis
680 1152 835 1202 facule
867 1152 1088 1218 ejusdem
1125 1153 1355 1217 ponderis
1363 1189 1689 1201 .....
1806 1166 1889 1199 xvi

163 1237 485 1288 servientibus
506 1253 771 1297 armorum,
795 1237 952 1286 facule
975 1236 1195 1302 ejusdem
1216 1236 1464 1302 ponderis,
1530 1275 1540 1285 .
1607 1275 1616 1284 .
1683 1274 1693 1284 .
1811 1250 1888 1283 xw

132 1349 133 1355 κ
163 1321 443 1371 cursoribus
465 1324 550 1371 SS.
582 1325 639 1370 D.
670 1324 727 1371 N.
761 1337 883 1386 pape
911 1321 1067 1369 facule
1096 1321 1280 1369 similes
1306 1336 1530 1369 numero.
1597 1358 1606 1368 .
1673 1358 1683 1367 .
1805 1334 1888 1367 :nx

107 1427 111 1429 “
165 1405 448 1456 custodibus
477 1410 616 1470 porte
647 1406 805 1454 ferree
834 1405 991 1453 facule
1014 1406 1216 1464 similes,
1241 1421 1464 1453 numero.
1530 1443 1540 1452 .
1605 1442 1616 1452 .
1682 1442 1691 1450 .
1829 1419 1890 1451 vn

165 1490 448 1540 custodibus
468 1491 625 1555 prime
651 1494 790 1555 porte
818 1489 973 1538 facule
1002 1490 1204 1548 simileS,
1235 1505 1458 1537 numero.
1524 1527 1534 1536 .
1600 1526 1610 1536 .
1676 1525 1686 1535 .
1854 1503 1891 1543 ,ιι

164 1574 448 1625 custodibus
475 1574 605 1623 horti
634 1574 811 1622 secreti
832 1573 990 1622 facule
1013 1573 1214 1631 simileS,
1240 1589 1464 1621 numere.
1530 1611 1540 1620 .
1607 1610 1617 1620 .
1683 1609 1694 1619 .
1857 1587 1891 1618 11

164 1659 364 1709 cuilibet
383 1658 714 1724 parasrenario
737 1659 822 1707 SS.
846 1661 912 1723 j).
946 1657 1099 1706 nostri
1128 1662 1176 1706 et
1207 1657 1525 1705 cardinalium
1547 1655 1705 1704 facula
1725 1654 1887 1702 medie

101 1743 255 1803 libre3

163 1827 504 1894 parasrenariis
534 1828 620 1876 SS.
655 1830 713 1875 D.
747 1828 803 1875 N.
839 1825 1015 1875 dantur
1042 1842 1130 1890 pro
1160 1840 1366 1873 numero
1403 1828 1640 1888 quotquot
1670 1828 1799 1882 sunt,
1834 1827 1883 1871 et

60 1911 360 1978 &ujuslibet
395 1910 653 1960 cardinalis
682 1926 770 1975 pro
801 1910 953 1959 tribus
988 1909 1359 1974 parafrenariiS,
1389 1925 1481 1972 que
1518 1913 1747 1972 poterunt
1779 1907 1885 1956 dari

103 2009 275 2044 omnes
292 2010 467 2044 eorum
488 1994 693 2054 decane,
718 1995 896 2043 ceteris
917 1993 1204 2043 distributis

171 2078 395 2137 Qualibet
416 2078 494 2126 die
515 2078 641 2126 infra
660 2093 900 2126 novenam
926 2094 936 2125 :

152 2160 418 2210 'intorticia
436 2165 642 2224 quatuor
660 2160 894 2207 librarum
911 2161 1160 2223 quodlibet
1175 2177 1262 2225 pro
1286 2162 1443 2221 altari,
1455 2163 1693 2213 videlicet

106 2244 375 2294 elevatione
415 2244 707 2292 sacramenti
747 2244 894 2291 misse
924 2245 1149 2310 majoris.
1221 2283 1231 2292 .
1303 2284 1313 2293 .
1379 2285 1389 2294 .
1455 2285 1464 2295 .
1531 2286 1541 2295 .
1607 2286 1617 2296 .
1683 2287 1693 2297 .
1815 2266 1891 2298 vm

167 2329 427 2377 missarum
447 2328 699 2376 bassarum
707 2365 1697 2381 ..............
1820 2350 1890 2381 1111

166 2413 297 2461 circa
325 2416 539 2461 castrum
570 2411 767 2459 doloris.
840 2449 850 2459 .
922 2450 1690 2463 ...........
1832 2434 1895 2465 xx

165 2511 311 2560 supra
336 2500 550 2545 castrum
577 2495 776 2543 doloris,
848 2533 1692 2548 ............
1863 2518 1895 2550 v

165 2595 253 2644 pro
279 2579 608 2628 celebratione
618 2617 1692 2632 ...............
1881 2603 1895 2634 1

167 2667 216 2711 et
245 2678 332 2726 pro
359 2662 606 2726 sepultura
613 2700 1688 2716 ...............
1860 2684 1894 2716 11

403 2765 548 2812 Facta
567 2779 770 2811 numero
779 2802 1696 2818 .............
1825 2739 1900 2819 ’ᾗ

171 2883 326 2933 facule
355 2882 558 2931 duarum
585 2883 818 2931 librarum
847 2886 1061 2948 quelibet
1089 2903 1293 2942 numero
1301 2926 1691 2936 ......
1867 2903 1896 2935 1.

171 2965 327 3015 facule
349 2965 509 3014 medie
531 2965 653 3014 libre
676 2965 908 3030 quelibet,
939 2983 1143 3016 numero
1151 3006 1691 3017 ........
1869 2985 1895 3017 c

172 3050 329 3099 facule
351 3054 558 3114 quatuor
579 3050 829 3098 unciarum
858 3065 1062 3098 numero
1083 3067 1127 3110 c,
1153 3051 1353 3099 candele
1383 3052 1441 3100 de
1464 3052 1630 3116 viginti

108 3150 196 3199 pro
217 3133 358 3194 libra,
382 3149 469 3198 pro
497 3134 659 3182 missis
686 3134 840 3182 bassis
868 3135 990 3183 libre
999 3173 1692 3184 ..........
1865 3151 1894 3184 x

172 3238 265 3285 Pro
304 3235 525 3285 custodia
563 3251 674 3284 cere
715 3236 944 3300 deputata
983 3236 1070 3284 fuit
1111 3251 1306 3284 camera
1339 3236 1583 3300 angularis
1620 3237 1669 3283 in
1699 3236 1884 3286 ambitu

109 3319 412 3379 monasterii,
445 3319 495 3367 in
533 3321 754 3384 opposito
794 3319 1058 3377 refectorii,
1092 3319 1295 3383 singulis
1326 3324 1512 3383 septem
1553 3318 1724 3367 diebus
1763 3319 1890 3368 infra

108 3419 366 3462 novenam,
408 3403 555 3452 etiam
585 3402 830 3452 dominica
867 3419 922 3452 ac
955 3403 1274 3452 dedicationis
1304 3403 1502 3451 basilice
1545 3403 1806 3453 Salvatoris
1839 3409 1887 3454 et
