2262 3958
349 290 418 323 290
952 284 1184 320 ιΙΟΗΑΝΝΙΞ
1220 283 1512 330 BURCHARDI‚
1847 285 1999 326 [Fevrier
2021 284 2114 327 1488]

348 394 457 452 post
491 389 661 436 horam
701 401 1009 449 vesperarum
1061 385 1243 433 electus
1281 383 1405 431 alme
1442 384 1583 432 Urbis
1623 389 1818 434 senator
1856 385 2117 434 intraturus

351 475 542 518 senatus
565 470 710 518 officii
729 468 858 517 venit
879 469 937 515 ad
959 468 1183 532 palatium
1212 465 1385 514 ad'SS.
1418 468 1474 513 D.
1504 468 1560 515 N.
1599 467 1647 515 in
1669 483 1860 517 camera
1881 467 2135 532 papagalli‘

350 551 398 597 in
427 551 540 599 sede
577 550 717 598 bassa
747 550 841 597 sive
871 550 1079 598 scabello
1109 549 1328 608 sedente,
1357 548 1550 613 prelatis
1579 549 1740 612 palatii
1767 554 1814 599 et
1849 550 2117 600 vicecame-

347 634 471 681 rario
493 633 933 698 circumstantibus,
958 633 1032 681 cui
1068 635 1151 681 SS.
1179 635 1235 680 D.
1255 634 1320 699 ιΝ.
1356 648 1520 680 coram
1548 647 1599 680 se
1625 632 1878 695 genuflexo
1908 633 2027 681 dixit
2058 633 2120 681 ob

348 717 541 764 virtutes
579 706 688 764 suas
712 716 941 764 'officium
973 715 1248 781 hujusmodi
1292 716 1335 765 ei
1376 715 1695 774 committere,
1727 719 1775 763 et
1814 715 1857 764 ei
1896 716 2119 765 baculum

349 799 497 847 officii
526 799 825 863 consignavit
847 803 893 848 et
916 800 1152 863 justitiam
1180 799 1546 848 commendavit.
1580 799 1679 859 Ille,
1706 803 1903 862 accepto
1925 798 2114 860 baculo,

351 883 601 947 respondit
620 899 671 931 se
701 883 824 931 scire
848 899 990 946 quam
1009 884 1288 948 dignitatem
1311 887 1357 932 et
1383 882 1784 947 preeminentiam
1805 869 2002 930 baculus
2023 881 2136 932 sive·

353 970 594 1030 sceptrum
626 966 674 1014 in
709 982 759 1015 se
795 966 1083 1025 contineret,
1118 967 1215 1031 egit
1245 966 1421 1030 gratias
1456 967 1538 1014 SS.
1566 968 1621 1013 D.
1655 967 1711 1013 N.
1743 969 1789 1013 et
1812 963 2048 1030 justitiam
2069 979 2121 1013 se

351 1048 735 1097 ministraturum
750 1049 989 1113 pollicitus
1010 1054 1098 1098 est.
1120 1050 1331 1098 Prestitit
1347 1049 1519 1098 deinde
1535 1049 1862 1112 juramentum
1878 1045 2121 1096 fidelitatis

352 1136 636 1185 consuetum
672 1132 800 1195 quod
837 1132 1049 1180 notarius
1089 1148 1279 1181 camere
1317 1136 1374 1181 D.
1415 1133 1697 1182 Franciscus
1740 1133 1932 1181 Londus
1970 1131 2139 1196 legit,

352 1216 594 1263 osculatus
617 1219 690 1263 est
711 1214 886 1278 pedem
910 1214 1169 1278 pontificis,
1195 1220 1243 1264 et
1260 1217 1461 1264 recessit
1482 1216 1563 1282 (1).

420 1298 557 1347 Feria
582 1298 811 1358 secunda,
837 1301 864 1344 4
886 1297 1129 1358 februarii,
1154 1297 1243 1347 fuit
1269 1299 1515 1362 publicum
1537 1299 1874 1348 consistorium
1894 1299 1944 1347 in
1969 1297 2138 1363 prima·

352 1382 462 1430 a'ula
482 1382 684 1445 maj0re,
710 1381 927 1429 videlicet
949 1381 1112 1444 palatii
1133 1382 1400 1446 apostolici,
1425 1382 1474 1430 in
1501 1398 1595 1446 quo
1624 1386 1839 1431 oratores
1865 1380 2122 1445 supradicti

353 1470 557 1528 quatuor
584 1463 878 1513 serenissimi
915 1464 1040 1528 regis
1062 1465 1369 1513 Maximiliani
1396 1465 1708 1529 prestiterunt
1728 1463 2050 1514 obedientiam
2077 1466 2125 1512 et

354 1547 671 1596 reverentiam
700 1548 781 1595 SS.
812 1550 868 1594 D.
903 1549 981 1606 N.,
1015 1548 1210 1597 nomine
1240 1549 1366 1613 regis
1402 1554 1449 1598 et
1484 1549 1689 1614 Philippi
1719 1548 1791 1596 sui
1821 1546 1906 1595 filii
1939 1546 2140 1603 ratione·

353 1631 615 1679 ducatuum
636 1630 828 1679 Austrie
848 1634 895 1678 et
922 1631 1197 1694 Burgundio
1220 1636 1267 1680 et
1294 1632 1494 1681 aliorum
1528 1632 1883 1697 principatuum
1903 1633 1951 1679 et
1967 1628 2125 1679 domi-

353 1714 543 1762 niorum
566 1729 779 1762 suorum.

420 1796 670 1860 Proposite
691 1797 885 1844 fuerunt
906 1796 998 1845 due
1017 1797 1347 1859 comissiones,
1373 1798 1528 1863 prima
1546 1814 1633 1863 per
1653 1801 1708 1845 D.
1734 1798 2041 1847 Franciscum
2061 1794 2121 1845 de

355 1880 517 1928 Padua
544 1880 824 1928 advocatum
850 1896 1133 1944 pauperum,
1165 1881 1258 1929 alia
1283 1897 1369 1944 per
1395 1885 1449 1930 D.
1476 1882 1745 1930 Johannem
1773 1880 2034 1945 Baptistam
2064 1879 2124 1928 de

354 1963 649 2026 Caccialupis
669 1963 727 2011 de
750 1980 787 2011 s.
809 1963 1054 2023 SeverinO,
1070 1963 1149 2027 qui
1163 1965 1335 2013 ducem
1355 1965 1751 2028 Monopolensem
1768 1964 1816 2012 in
1833 1978 1976 2012 causa
1993 1977 2125 2012 erec·
2148 2023 2150 2026 y

352 2045 493 2093 tionis
524 2045 775 2108 collegiate
801 2046 1067 2094 ecclesie...
1090 2047 1293 2095 diecesis
1317 2047 1396 2112 (2),
1421 2047 1549 2095 circa
1572 2048 1708 2112 cujus
1734 2046 1948 2095 medium
1975 2045 2125 2094 intra·

353 2132 462 2175 runt
487 2132 702 2176 oratores
731 2129 1087 2188 consistorium,
1112 2130 1192 2194 qui
1223 2130 1446 2178 associati
1467 2135 1578 2178 sunt
1605 2130 1664 2178 ab
1695 2133 1803 2178 octo
1823 2127 2041 2194 prelatis,
2062 2126 2127 2175 vi·-

353 2213 527 2262 delicet
549 2213 824 2261 Florentino
847 2217 894 2262 et
914 2212 1183 2261 Arelatensi
1210 2212 1602 2277 archiepiscopis,
1626 2211 1880 2270 Aleriensi,
1906 2209 2120 2269 Dolensi,

353 2296 603 2354 Massensi,
632 2297 974 2360 Lymericensi,
997 2297 1349 2357 assistentibuS,
1374 2296 1664 2345 Tornacensi
1692 2300 1740 2344 et
1757 2293 1980 2343 Auriensi
1997 2292 2125 2358 epis—-

354 2379 516 2443 copis;
542 2383 590 2427 et
622 2379 813 2428 fuerunt
843 2381 1025 2444 recepti
1055 2382 1115 2429 ad
1143 2381 1296 2445 pedis,
1327 2397 1496 2428 manus
1531 2383 1578 2428 et
1607 2379 1701 2427 oris
1730 2378 1966 2426 osculum.
1998 2378 2124 2441 Pape

341 2465 694 2524 ⁴presentarunt
719 2466 938 2526 patentes
967 2463 1130 2511 literas
1170 2468 1215 2512 et
1249 2464 1436 2513 iverunt
1466 2467 1575 2526 post
1605 2477 1853 2511 scamnum
1873 2460 2124 2524 presbyte-

359 2559 524 2592 rorum
564 2545 895 2606 cardinalium,
932 2546 1093 2594 locum
1127 2551 1440 2606 consuetum3
1477 2547 1556 2594 ubi
1596 2546 1722 2594 facta
1756 2543 2045 2593 comissione
2076 2547 2124 2591 et

360 2629 417 2675 D.
442 2627 712 2688 Justiniani,
749 2628 964 2676 advocati
993 2629 1114 2689 fisci,
1140 2629 1459 2694 oppositione,
1494 2645 1548 2678 ac
1576 2629 1776 2694 predicti
1808 2630 1866 2676 D.
1889 2626 2121 2676 Johannis

359 2710 571 2774 Baptiste
606 2710 786 2774 replica
805 2711 1147 2775 pulcherrima,
1170 2716 1216 2761 et
1244 2713 1486 2777 signatura
1505 2729 1592 2777 per
1622 2715 1817 2776 Papam,
1849 2709 2123 2760 Sirmiensis

357 2793 468 2842 fecit
490 2795 759 2844 orationem
781 2810 913 2843 more
934 2795 1072 2843 solito
1093 2812 1102 2855 ;
1128 2796 1204 2844 cui
1222 2800 1475 2859 postquam
1503 2797 1586 2844 SS.
1613 2799 1668 2844 D.
1694 2796 1749 2844 N.
1775 2793 2119 2859 respondisset,

358 2882 640 2940 procurator
664 2877 841 2926 fiscalis
862 2881 918 2926 N.
944 2879 1001 2927 de
1025 2882 1194 2927 Parma
1213 2879 1456 2942 requisivit
1485 2894 1652 2927 omnes
1676 2876 2045 2942 protonotarios,
2069 2880 2122 2926 ut

361 2961 419 3008 de
441 2961 714 3010 obedientia
733 2979 820 3027 per
841 2966 1073 3021 oratores,
1100 2960 1294 3011 nomine
1322 2960 1626 3011 illustrissimi
1652 2958 1960 3009 Maximiliani
1982 2957 2121 3008 electi

367 3041 415 3090 in
453 3048 776 3094 Romanorum
806 3061 991 3109 regem,
1020 3045 1234 3109 prestita,
1271 3045 1566 3094 conficerent
1602 3044 1972 3092 instrumentum
2009 3060 2018 3090 :
2053 3041 2121 3089 sic

364 3129 509 3190 enim,
542 3133 625 3178 SS.
656 3133 712 3178 D.
741 3133 796 3179 N.
823 3131 1040 3194 jubente,
1072 3134 1121 3177 ut
1151 3145 1261 3178 eum
1283 3129 1490 3177 electum
1511 3143 1676 3191 regem
1694 3123 2121 3191 appellaret‚·prius

359 3212 637 3275 significavi.

400 3335 434 3370 1.
454 3335 501 3372 Ge
522 3337 748 3384 paragraphe
768 3348 923 3385 manque
944 3335 1036 3374 dans
1056 3337 1108 3374 les
1130 3347 1218 3374 mss.
1241 3334 1346 3383 Ghigi
1367 3338 1402 3372 et
1422 3336 1641 3372 5158-5159.

401 3395 436 3429 2.
457 3395 574 3432 Meme
594 3396 723 3433 lacune
746 3397 836 3433 dans
852 3400 933 3434 tous
954 3396 1006 3434 les
1018 3409 1108 3434 mss.
