2262 3958
356 339 424 374 112
955 332 973 367 J
980 331 1187 367 OHANNIS
1219 329 1513 375 BURCHARDI,
1843 333 2004 373 [octobre
2025 335 2117 376 1484]

353 440 567 497 dimisso,
606 438 671 485 illi
713 452 795 484 sex
842 434 1107 483 cardinales
1147 450 1234 497 per
1269 432 1488 480 ordinem
1525 438 1809 482 consuetum
1853 427 2034 483 stantes
2069 440 2118 484 et

354 521 660 586 collegialiter
679 520 834 582 ipsum
856 517 1028 566 ducem
1049 520 1353 581 receperunt,
1375 516 1763 565 vicecancellario
1781 533 1867 581 pro
1891 518 2116 566 omnibus

355 605 600 667 loquente.

419 690 536 734 Tum
564 687 674 744 dux,
711 684 866 748 capite
898 684 1227 747 discooperto,
1259 683 1470 747 singulos
1505 684 1771 733 cardinales
1802 684 2118 748 discoopertis

355 770 586 833 capitibus
605 772 787 816 stantes
811 768 1050 816 osculatus
1073 771 1172 826 est;
1205 771 1248 815 et
1277 772 1499 831 receptus
1528 768 1655 815 inter
1679 768 1862 831 primos
1891 769 2119 817 diaconos

358 852 621 901 cardinales
642 852 690 900 in
710 852 875 900 ultimo
896 851 1023 910 loc0,
1046 850 1413 914 precedentibus
1436 851 1655 899 omnibus
1676 851 1779 899 aliis
1801 851 2120 900 cardinalibus

359 951 443 984 suo
475 935 641 983 ordine
675 934 1013 998 equitantibus,
1055 934 1114 982 ad
1142 934 1368 997 palatium
1399 935 1712 998 apostolicum
1746 934 2116 998 applicaverunt,

358 1018 437 1067 ubi
459 1017 724 1066 cardinales
747 1033 913 1065 omnes
934 1032 1031 1065 non
1052 1017 1100 1064 in
1122 1017 1261 1064 solito
1284 1017 1587 1076 eorumloco,
1604 1017 1688 1065 sed
1706 1017 1846 1077 infra,
1867 1016 1928 1066 ad
1947 1018 2120 1082 gradus

359 1117 550 1150 camere
589 1100 850 1165 apostolice
891 1099 1244 1147 descenderunt
1290 1115 1348 1146 ex
1386 1099 1545 1162 equis,
1581 1104 1628 1147 et
1659 1116 1747 1163 per
1775 1100 1903 1148 illam
1944 1099 2122 1148 scalam

360 1200 551 1233 camere
586 1184 801 1248 ejusdem
833 1182 1011 1245 palatii,
1051 1182 1206 1230 aulam
1232 1198 1456 1245 magnam
1495 1198 1581 1246 pro
1615 1183 1807 1246 publico
1836 1182 2122 1232 consistorio

321 1263 324 1266 ⁴
362 1268 628 1316 ordinatam
673 1265 878 1329 ingressi
929 1269 1064 1323 sunt,
1114 1264 1218 1323 ubi,
1270 1265 1396 1313 facta
1440 1264 1655 1328 pontifici
1701 1265 1990 1325 reverentia,
2029 1266 2123 1313 duo

362 1350 576 1399 seniores
610 1349 796 1398 diaconi
831 1348 1184 1396 descenderunt
1212 1348 1271 1395 ad
1298 1348 1486 1404 ducem,
1524 1347 1738 1395 remissis
1777 1347 1881 1395 aliis
1917 1348 2120 1406 duobus,

361 1437 407 1480 et
428 1433 598 1480 ducem
619 1433 678 1481 ad
699 1431 938 1495 pontificis
960 1430 1250 1494 presentiam
1272 1431 1571 1479 adduxerunt
1590 1447 1599 1489 3
1625 1430 1721 1493 qui,
1738 1430 1875 1477 factis
1887 1429 2120 1493 pontifici,

360 1521 411 1564 ut
431 1516 578 1564 moris
601 1519 689 1573 est,
716 1514 1013 1572 reverentiis,
1037 1514 1096 1562 ad
1123 1513 1441 1561 osculationes
1464 1517 1685 1577 receptus
1707 1516 1797 1560 est.
1821 1511 2023 1571 Deinde,
2046 1527 2124 1560 me

360 1604 554 1664 petente
577 1599 634 1646 de
655 1598 763 1645 loco
787 1597 875 1644 sibi
896 1597 1070 1656 dando,
1094 1596 1324 1660 pontifex,
1350 1596 1460 1659 quia
1481 1596 1545 1644 ita
1565 1594 2122 1660 pervicecancellarium,

360 1686 410 1730 ut
432 1681 671 1739 existimo,
696 1680 850 1729 fuerat
870 1695 1170 1743 persuasum,
1195 1695 1416 1727 asserens
1429 1679 1586 1742 ipsum
1599 1695 1708 1726 cum
1724 1678 1839 1727 alias
1859 1678 1939 1726 hic
1960 1677 2127 1726 fuisset

362 1769 470 1829 post
513 1764 720 1828 primum
770 1763 1084 1821 cardinalem,
1132 1762 1578 1810 vicecancellarium
1626 1762 1871 1820 videlicet,
1917 1761 2122 1820 sedisse,

364 1852 620 1911 propterea
641 1846 796 1910 ipsum
830 1846 1002 1893 iterum
1041 1845 1089 1892 in
1118 1845 1289 1893 eodem
1327 1845 1435 1893 loco
1465 1845 1694 1904 locarem,
1720 1845 1847 1908 quod
1867 1848 1914 1892 et
1934 1843 2028 1892 feci
2044 1860 2064 1913 3‘
2081 1847 2128 1892 et

363 1934 492 1978 certe
515 1929 852 1988 malefactum,
876 1944 985 1976 cum
1011 1927 1146 1976 locus
1174 1927 1251 1975 ille
1284 1927 1395 1976 solis
1423 1927 1615 1991 regibus
1642 1927 1900 1986 debeatur3
1925 1927 2129 1976 debebat

362 2018 522 2062 autem
542 2012 702 2061 locum
723 2015 831 2076 post
851 2011 1059 2075 primum
1077 2010 1369 2071 cardinalem
1391 2010 1725 2076 presbyterum
1742 2011 2130 2060 habuisse..C0n·-

362 2097 596 2144 tinuatum
624 2095 712 2143 fuit
741 2095 1085 2155 consistorium⁴
1108 2100 1154 2142 et
1182 2095 1492 2158 completum.
1531 2096 1632 2150 Quo
1655 2094 1808 2153 finito,
1840 2096 1969 2158 Papa
1987 2091 2127 2142 rediit

362 2179 420 2227 ad
442 2193 657 2227 cameras
681 2194 806 2237 suas,
831 2183 1007 2226 etcum
1032 2193 1089 2225 eo
1113 2193 1281 2225 omnes
1314 2177 1578 2225 cardinales
1606 2182 1653 2225 et
1679 2178 1788 2225 du'x.
1814 2178 1934 2224 Tum
1953 2175 2048 2238 dux
2060 2176 2126 2226 'ab

365 2263 584 2311 omnibus
603 2261 921 2310 cardinalibus
946 2276 1094 2324 usque
1123 2261 1181 2308 ad
1209 2276 1425 2309 cameras
1458 2277 1648 2310 camere
1676 2260 1939 2325 apostolice
1959 2276 2048 2324 pro
2068 2275 2127 2309 eo

367 2345 624 2405 ordinatas,
650 2344 886 2392 transiens
906 2344 1032 2392 inter
1051 2331 1232 2408 primos
1253 2345 1392 2403 duos,
1417 2345 1519 2392 aliis
1549 2344 1768 2392 omnibus
1796 2342 2123 2407 sequentibus,

363 2427 626 2476 associatus
649 2431 738 2487 est,
756 2426 853 2487 ubi,
872 2427 1166 2487 eodirnisso,
1185 2427 1384 2491 quisque
1406 2428 1464 2476 ad
1477 2428 1637 2476 locum
1660 2427 1754 2475 sive
1775 2427 1972 2474 domum
1993 2440 2126 2474 suam

361 2526 578 2560 reversus
601 2514 688 2559 est.

427 2593 566 2642 Feria
585 2592 742 2652 tertia,
777 2595 836 2641 26
873 2593 986 2642 dicti
1018 2593 1197 2643 mensis
1231 2593 1442 2642 octobris
1483 2593 1610 2643 circa
1638 2593 1808 2643 horam
1850 2592 2124 2659 vigesimam

364 2693 528 2736 unam,
570 2678 778 2741 prefatus
822 2675 894 2725 Ill.
936 2677 1026 2725 dux
1074 2677 1288 2726 Calabrie
1333 2678 1534 2726 recessit
1569 2695 1627 2727 ex
1662 2678 1787 2726 Urbe
1817 2693 1904 2742 per
1936 2680 2124 2744 portam

367 2777 405 2808 s.
439 2760 668 2808 Johannis
696 2761 1047 2820 LateranensiS,
1090 2761 1336 2824 Neapolim
1376 2760 1542 2821 ituruS,
1579 2766 1688 2810 ante
1718 2761 1854 2825 cujus
1881 2773 2126 2809 recessum

364 2847 595 2891 venerunt
617 2843 676 2891 ad
698 2859 806 2891 eum
828 2843 887 2891 ad
907 2859 1122 2892 cameras
1145 2860 1253 2891 suas
1283 2843 1331 2891 in
1350 2844 1525 2908 palatio
1553 2844 1755 2908 predicti
1783 2859 1950 2892 omnes
1971 2840 2126 2891 cardi-

367 2926 519 2984 nales,
544 2931 591 2974 et
612 2926 922 2990 collegialiter
936 2926 1090 2990 ipsum
1106 2926 1229 2974 inter
1242 2927 1684 2976 vicecancellarium
1700 2932 1747 2976 et
1763 2917 2126 2990 Neapolitanum

364 3008 413 3056 in
440 3008 596 3073 primo
627 3007 735 3057 loco
763 3008 1071 3072 equitantem,
1106 3009 1208 3058 aliis
1237 3010 1554 3058 cardinalibus
1587 3010 1710 3058 binis
1745 3014 1792 3058 et
1818 3008 1941 3069 binis
1967 3007 2126 3071 ipsufm

369 3091 693 3154 sequentibus,
719 3108 865 3154 usque
889 3096 1021 3139 extra
1040 3095 1227 3155 portam
1247 3092 1510 3155 predictam
1531 3091 1845 3150 associarunt,
1869 3090 1946 3139 ubi
1970 3090 2128 3154 singu—

367 3174 439 3221 los
462 3190 490 3222 a
510 3174 666 3238 primo
688 3174 747 3222 ad
766 3174 985 3222 ultimum
1006 3174 1335 3237 discoopertus
1358 3175 1594 3222 osculatus
1617 3177 1706 3233 est,
1725 3174 1783 3222 ab
1798 3174 1866 3221 eis
1885 3159 2127 3222 licentiam

372 3256 624 3320 recipiens.
665 3256 945 3320 Equitarunt
975 3260 1134 3305 autem
1155 3271 1263 3303 cum
1300 3272 1357 3303 eo
1396 3273 1548 3320 usque
1567 3257 1626 3304 ad
1654 3255 1926 3304 milliarium
1958 3253 2122 3303 RRmi.

376 3339 476 3385 DD.
506 3340 941 3400 vicecancellarius,
972 3357 1010 3388 s.
1047 3339 1173 3388 Petri
1201 3339 1260 3386 ad
1285 3339 1509 3398 Vincula,
1544 3340 1799 3403 Aragonia,
1835 3334 2125 3398 Parmensis,

376 3419 607 3482 Sabellus,
645 3423 875 3471 Columna
906 3426 952 3470 et
983 3421 1231 3470 Ascanius.
1269 3420 1361 3470 Sed
1401 3420 1570 3469 modus
1610 3422 1850 3486 equitandi
1877 3419 2126 3486 *predictus
