2262 3958
186 280 398 324 [Novemhre
412 279 501 320 1488]
626 279 795 317 RERUM
828 279 1132 317 URBANARUM
1165 279 1223 316 CO
1230 277 1515 317 MMENTARII.
1894 276 1965 312 317

182 389 307 434 vata.
356 387 425 432 De
479 398 592 431 cera
630 399 823 432 camere
868 383 1224 448 presidentibus
1262 381 1420 430 danda
1470 384 1517 429 et
1561 378 1738 428 nostris
1782 378 1966 426 salariis

183 466 360 516 notabo
374 466 423 514 in
444 467 659 515 secundo
679 467 831 516 latere
860 467 1107 531 sequentis
1137 466 1258 514 folii.
1836 528 1839 531 Ι

252 549 391 600 Feria
429 555 582 610 sexta,
616 550 782 598 ultima
827 550 1055 610 octobris,
1110 550 1307 598 fuerunt
1356 548 1559 597 mutatio
1612 563 1874 613 capparum
1924 550 1971 594 et

186 649 384 698 vespere
401 633 597 698 papales
618 633 666 681 in
686 633 871 697 capella
893 633 1075 696 majore
1093 632 1273 696 palatii,
1299 635 1428 696 Papa
1445 636 1670 696 presente
1690 631 1967 696 incipiente.

254 716 464 766 Sabbato
499 717 736 780 sequenti,
773 720 788 763 t
824 715 1115 774 novembris,
1154 715 1278 763 sesto
1307 715 1524 763 omnium
1556 719 1852 775 sanctorum,
1885 714 1973 762 fuit

185 800 335 849 missa
353 799 538 864 papalis
559 799 608 846 in
631 798 829 848 basilica
854 815 894 846 s.
928 798 1056 846 Petri
1085 814 1229 861 quam
1254 798 1513 846 celebravit
1535 801 1697 846 Rmus.
1725 802 1762 846 D
1778 835 1788 845 .
1819 799 1975 847 cardi-

187 884 309 933 nalis
331 883 685 942 Ulixbonensis,
730 885 859 945 Papa
882 888 1127 945 presente.
1165 884 1453 930 Sermonem
1475 881 1588 929 fecit
1615 881 1809 943 quidam
1828 882 1975 930 frater

187 967 368 1017 ordinis
405 984 448 1017 s.
484 966 634 1015 MarIe
669 966 728 1015 de
759 968 922 1014 Monte
963 949 1202 1013 Carmelo.
1245 964 1417 1012 Omnia
1455 963 1547 1012 alia
1584 968 1694 1011 sunt
1725 965 1975 1013 observata

184 1054 321 1101 more
342 1055 595 1100 consueto.

252 1134 520 1195 Dominica,
538 1138 565 1182 2
578 1133 873 1192 novembriS,
887 1132 1288 1182 commemoratio
1307 1132 1524 1181 omnium
1547 1131 1762 1180 fidelium
1782 1132 1976 1181 defunc—

187 1223 347 1270 torum
366 1236 459 1284 que
480 1222 624 1284 prout
638 1219 686 1266 in
699 1218 932 1267 breviario
943 1217 1211 1276 ordinatur,
1228 1216 1276 1264 in
1298 1215 1468 1264 feriam
1482 1215 1746 1264 secundam
1765 1231 1975 1279 sequen—

185 1307 284 1354 tem
305 1303 537 1353 translata
557 1307 649 1352 est.
675 1305 803 1367 Papa
824 1301 1021 1350 indutus
1050 1306 1215 1350 manto
1247 1304 1295 1349 et
1322 1300 1527 1364 capucio
1548 1300 1739 1349 inverso
1766 1299 1895 1349 venit
1916 1299 1975 1347 ad

187 1403 410 1452 vesperas
438 1391 486 1437 et
506 1386 766 1436 matutinas
788 1387 1128 1435 defunctorum
1154 1401 1248 1449 que
1276 1384 1439 1433 habite
1467 1388 1576 1432 sunt
1597 1385 1646 1432 in
1665 1383 1852 1448 capella
1869 1399 1974 1431 ma-

185 1473 294 1538 jore
315 1472 477 1538 palatii
500 1489 510 1521 :
542 1472 756 1521 fimbrias
784 1472 927 1520 simul
954 1471 1180 1521 collectas
1208 1469 1412 1535 portavit
1448 1467 1843 1533 archiepiscopus
1871 1468 1976 1517 Flo-

190 1555 406 1605 rentinus
426 1556 611 1621 primus
632 1556 882 1605 assistens.

256 1639 396 1688 Feria
407 1640 621 1689 secunda
639 1640 879 1704 sequenti,
899 1643 925 1688 3
948 1639 1419 1700 novembriS,habita
1437 1643 1510 1688 est
1527 1639 1576 1686 in
1598 1638 1768 1688 eadem
1790 1637 1976 1702 capella

188 1722 336 1772 missa
350 1739 438 1788 pro
459 1723 698 1778 defunctis
729 1740 875 1787 quam
910 1723 1170 1772 celebravit
1196 1727 1364 1771 Rmus.
1407 1726 1464 1772 D.
1497 1723 1649 1771 Julius
1681 1739 1720 1770 s.
1754 1721 1879 1770 Petri
1915 1720 1976 1769 ad

157 1805 391 1874 ,Vincula
414 1806 675 1854 cardinalis
694 1810 740 1855 et
765 1807 1020 1871 episcopus
1054 1807 1287 1856 Ostiensis
1318 1810 1374 1854 D.
1414 1809 1541 1871 Pape
1574 1807 1732 1871 major
1758 1805 1977 1870 peniten-

187 1888 380 1949 tiarius;
402 1888 478 1938 cui
497 1892 626 1954 Papa
646 1889 858 1938 interfuit
879 1895 1073 1954 paratus
1099 1905 1252 1954 cappa
1276 1895 1324 1939 et
1349 1890 1492 1939 mitra
1521 1890 1752 1939 desubtus
1788 1889 1974 1938 habens

187 1972 416 2022 amictum
434 1973 615 2033 album,
642 1973 889 2037 cingulum
912 1979 958 2023 et
999 1974 1172 2022 stolam
1204 1974 1484 2035 violaceam,
1516 1978 1659 2040 prout
1688 1974 1834 2024 etiam
1866 1973 1974 2022 heri

188 2072 298 2106 sero
327 2056 601 2106 habuerunt
632 2058 889 2106 mantellos
915 2074 1028 2107 suos
1057 2058 1339 2107 assistentes
1378 2065 1425 2107 et
1451 2060 1500 2107 in
1534 2059 1657 2108 60110
1694 2058 1895 2122 capucia
1925 2057 1974 2105 in

188 2141 387 2194 modum
408 2141 831 2202 cubiculariorum,
857 2147 904 2190 et
925 2143 1018 2191 hoc
1040 2158 1182 2190 mane
1202 2158 1379 2207 cappas
1402 2159 1511 2191 suas
1538 2159 1547 2191 :
1573 2142 1777 2191 caudam
1806 2147 1852 2191 et
1872 2142 1976 2189 fim-

187 2224 317 2273 brias
337 2240 488 2290 cappe
510 2225 715 2290 portavit
736 2225 880 2274 etiam
909 2226 1002 2275 hoc
1033 2241 1176 2274 mane
1205 2227 1603 2291 archiepiscopus
1640 2225 1970 2285 Florentinus;

189 2310 337 2372 Papa,
358 2313 468 2372 post
489 2309 706 2368 missam,
740 2309 942 2359 absolvit
971 2309 1019 2357 in
1044 2325 1214 2374 cappa.
1245 2310 1351 2359 Alia
1384 2311 1546 2359 omnia
1579 2315 1691 2360 sunt
1719 2310 1975 2359 observata

162 2390 165 2392 ’
186 2395 330 2456 prout
353 2391 402 2440 in
430 2393 742 2442 ceremoniali
764 2394 1035 2443 ordinatur.

254 2475 394 2524 Fer-ia
420 2480 607 2540 quarta,
648 2480 675 2526 5
703 2478 997 2538 novembris,
1034 2479 1122 2528 fuit
1156 2479 1499 2529 consistorium
1533 2482 1775 2529 secretum
1802 2478 1849 2526 in
1879 2493 1973 2542 quo

187 2561 355 2608 Rmus.
387 2562 441 2608 P.
470 2562 526 2609 D.
561 2562 847 2611 Franciscus
880 2564 1033 2612 sancti
1060 2565 1307 2614 Eustachii
1337 2564 1569 2613 diaconus
1601 2562 1856 2618 cardinalis
1886 2564 1974 2611 Se-

187 2643 352 2692 nensis
371 2644 632 2708 vulgariter
650 2653 973 2712 nuncupatus,
1006 2648 1163 2697 dictus
1196 2649 1286 2697 fuit
1317 2649 1506 2713 legatus
1544 2648 1603 2696 ad
1638 2647 1887 2696 Perusiam
1915 2648 1974 2696 de

185 2726 353 2778 latere.
394 2729 552 2778 Finito
593 2730 898 2792 consistoriO,
939 2731 1000 2780 ab
1037 2732 1261 2780 omnibus
1297 2732 1488 2781 RRmis.
1531 2730 1855 2780 cardinalibus
1893 2729 1974 2793 qui

187 2811 475 2861 consistorIo
515 2813 849 2875 interfuerant,
882 2814 1103 2864 videlicet
1135 2815 1548 2875 vicecancellario,
1579 2814 1895 2879 Neapolitano
1931 2831 1969 2861 s.

187 2894 315 2943 Petri
335 2895 397 2944 ad
427 2895 649 2957 Vincula,
673 2898 1027 2962 Andegavensi,
1059 2899 1317 2964 episcopis,
1356 2917 1395 2948 s.
1429 2899 1620 2964 Angeli,
1660 2898 1972 2957 Ulixbonensj

187 2977 247 3027 de
281 2979 562 3041 Comitibus,
606 2981 872 3041 Parmensi,
912 2982 1228 3047 presbyteris,
1272 2983 1332 3032 de
1371 2986 1523 3045 Fuxo,
1557 2982 1719 3032 Sancti
1759 2981 1968 3045 Georgii,

185 3062 245 3112 de
267 3063 487 3125 SabelliS,
512 3064 762 3122 Columna,
787 3066 846 3115 de
870 3067 1054 3115 Ursinis
1077 3071 1125 3115 et
1145 3067 1371 3126 Ascanio,
1408 3067 1624 3117 diaconis
1645 3065 1970 3116 cardinalibus

185 3147 469 3209 associatus,
525 3150 752 3214 equitavit
799 3150 1006 3219 medius·
1037 3151 1162 3199 inter
1204 3151 1262 3198 de
1309 3154 1442 3200 Fuxo
1492 3157 1538 3200 et
1580 3150 1730 3199 sancti
1779 3149 1971 3213 Georgii

183 3231 451 3282 cardinales
478 3232 528 3281 in
556 3234 725 3284 ultimo
754 3235 863 3284 loco
904 3235 1176 3299 equitantes
1208 3251 1358 3299 usque
1390 3235 1450 3283 ad
1489 3235 1688 3283 domum
1715 3250 1798 3281 sue
1831 3233 1969 3282 solite

181 3317 492 3367 habitationis
520 3319 937 3370 consistorialiter.
971 3322 1094 3369 Ante
1114 3320 1332 3377 domum,
1367 3323 1536 3367 contra
1569 3317 1768 3377 ostium,
1800 3334 1968 3366 versus

184 3405 345 3451 tamen
377 3402 575 3452 domum
584 3439 682 3452 .....
722 3403 781 3453 de
818 3403 1081 3454 Caffarellis
1123 3403 1377 3453 firmarunt
1414 3419 1464 3453 se
1497 3402 1713 3468 episcopi
1752 3407 1799 3452 et
1831 3418 1967 3468 pres-
