2262 3958
223 276 447 322 {Septembre
469 273 561 314 nse]
662 269 832 308 RERUM
864 265 1171 306 rassANAnuM
1204 263 1558 303 COMMENTAnn.
1940 264 2012 301 213

221 379 347 431 canii
366 374 680 427 cardinalium
703 376 1019 422 executorum
1040 368 1315 419 testamenti
1344 368 1472 417 bone
1493 365 1729 416 memorie
1754 367 2011 416 cardinalis

218 460 486 528 AgriensiS,
516 459 767 508 intimetur
810 454 1004 505 familiis
1039 455 1123 502 SS.
1156 455 1213 500 D.
1246 455 1284 501 N
1296 493 1301 497 .
1339 455 1468 516 Pape
1503 455 1550 500 et
1580 453 1872 500 RRmorum.
1904 454 2005 500 DD.

219 545 537 597 cardinalium
564 542 694 607 quod
721 539 887 599 hodie,
923 536 1144 586 videlicet
1166 536 1310 600 joviS,
1342 535 1575 598 vigesima
1602 540 1769 584 octava
1801 540 2012 600 septem-

195 630 337 692 bris,
360 629 484 678 hora
504 625 694 676 decima
713 639 860 683 nona,
889 621 1052 670 venire
1076 620 1222 670 velint
1242 620 1304 668 ad
1337 619 1535 668 domum
1560 619 1736 685 prefati
1764 620 2009 684 quondam

188 717 199 733 ⁸
221 712 477 764 cardinalis
512 708 760 775 Agriensis
799 706 859 755 ad
897 704 1237 754 associandum
1270 719 1445 768 corpus
1483 720 1622 752 suum
1654 704 1716 753 ad
1751 704 2010 754 ecclesiam

219 799 363 848 beate
381 795 530 847 Marie
546 794 595 842 in
614 791 803 842 Araceli
819 789 899 839 ubi
916 788 1195 853 sepelietur.
1221 790 1341 837 Item
1363 787 1612 836 intimetur
1629 787 1855 836 omnibus
1883 787 2013 850 capi-

220 883 352 943 tulis»,
393 878 707 930 conventibus
748 880 795 925 et
832 873 937 923 aliis
976 871 1293 936 infrascriptis
1330 886 1419 935 pro
1450 871 1573 919 hora
1612 871 1739 919 inter
1770 870 2010 920 decimam

225 970 444 1016 octavam
466 967 515 1014 et
535 961 774 1010 decimam
796 973 995 1018 nonam,
1017 956 1246 1005 'videlicet
1267 973 1278 1005 ε

235 1057 242 1063 ’
292 1047 506 1114 capitulo
528 1045 734 1096 ecclesie
755 1044 896 1093 beate
918 1042 1067 1091 Marie
1090 1039 1309 1105 majoriS,

287 1132 500 1198 capitulo
520 1128 727 1180 ecclesie
748 1129 891 1177 beate
910 1125 1057 1175 Marie
1081 1125 1130 1173 in
1147 1124 1224 1173 via
1243 1123 1358 1184 lata,

209 1273 219 1281 ,
291 1216 560 1268 camerario
582 1214 698 1265 cleri
716 1213 856 1262 Urbis
877 1211 1007 1276 quod
1027 1210 1186 1260 veniat
1207 1225 1318 1258 cum
1341 1209 1444 1258 aliis
1466 1209 1779 1274 presbyteriS‚

292 1300 548 1352 conventui
573 1300 716 1349 beate
735 1297 886 1347 Marie
908 1311 1055 1361 super
1071 1295 1351 1355 Minervam,

291 1385 549 1436 conventui
571 1401 612 1433 s,
636 1381 908 1447 Augustini,

291 1469 549 1521 conventui
568 1484 607 1516 s,
631 1466 780 1516 Marie
802 1466 861 1515 de
883 1464 1088 1529 Popu10,

290 1551 548 1604 conventui
568 1550 764 1600 basilice
784 1553 1061 1598 sanctorum
1083 1548 1431 1613 apostolorum,

291 1636 548 1688 conventui
567 1637 711 1684 beate
732 1634 882 1683 Marie
903 1633 952 1682 in
966 1633 1175 1693 Araceli,

290 1720 548 1772 conventui
573 1736 611 1768 s.
634 1717 880 1767 Francisci
902 1717 950 1765 in
971 1717 1335 1779 Transtiberim,

289 1803 548 1855 conventui
571 1818 609 1851 S.
637 1802 786 1862 Petri,

292 1888 546 1940 conventui
566 1903 607 1936 s.
634 1886 880 1935 Francisci
898 1886 1035 1950 juxta
1049 1889 1248 1950 pontem
1269 1884 1458 1933 Sixtum
1480 1883 1577 1933 sive
1598 1899 1796 1943 novum,

290 1973 549 2025 conventui
573 1987 613 2019 s,
633 1969 825 2018 Martini
844 1969 893 2017 in
913 1969 1161 2018 montibus
1183 1968 1364 2017 ordinis
1387 1970 1766 2030 carmelitarum,

291 2055 548 2109 conventui
570 2071 610 2102 s,
635 2052 851 2102 Marcelli
874 2052 1054 2101 ordinis
1078 2068 1324 2102 servorum
1347 2054 1490 2102 beate
1511 2054 1680 2102 Marie.

291 2141 475 2192 Eadem
496 2138 593 2197 die,
626 2137 756 2185 circa
780 2137 952 2185 horam
981 2136 1221 2185 decimam
1251 2137 1487 2200 quintam,
1518 2138 1735 2202 prefatus
1766 2138 2021 2186 cardinalis

230 2227 486 2278 defunctus
518 2227 715 2288 paratus
749 2220 837 2269 fuit
868 2221 1091 2270 omnibus
1113 2222 1410 2286 paramentis
1438 2222 1800 2286 pontificalibus
1820 2221 2022 2270 violacei

228 2310 426 2370 coloriS‚
460 2311 664 2372 excepta
698 2321 843 2356 cruce
883 2305 1115 2369 pectorali
1149 2322 1294 2370 quam
1335 2322 1433 2354 non
1463 2306 1658 2366 habuit3
1700 2306 1785 2354 sed
1821 2321 1880 2355 eo
1912 2306 2022 2354 loco

148 2399 161 2414 ⁶
223 2395 385 2462 posita
405 2393 494 2442 fuit
510 2391 601 2441 sibi
619 2389 743 2439 stola
763 2390 811 2438 in
836 2390 1033 2439 modum
1057 2390 1217 2438 crucis
1241 2405 1386 2455 super
1404 2395 1573 2455 pectus
1591 2394 1639 2440 et
1659 2391 1856 2455 planeta
1875 2405 2022 2454 quam

221 2480 472 2530 «lohannes
515 2474 684 2534 Maria,
724 2474 912 2538 collega
949 2491 1107 2535 meUS,
1157 2475 1246 2524 sibi
1279 2475 1463 2540 imponi
1500 2475 1632 2535 fecit,
1676 2490 1754 2524 me
1800 2474 2019 2534 absente,

228 2566 388 2616 albam
421 2561 789 2627 aurifrigiatam,
824 2564 873 2610 et
902 2560 1048 2620 male,
1081 2559 1196 2624 quia
1225 2559 1434 2609 debebat
1465 2575 1573 2609 esse
1605 2559 1798 2608 violata.
1838 2558 2023 2607 Deinde

229 2650 360 2700 circa
387 2649 564 2697 horam
591 2645 833 2696 decimam
861 2649 1097 2705 octavam,
1132 2644 1318 2709 positus
1349 2643 1438 2693 fuit
1457 2643 1506 2692 in
1541 2643 1651 2692 aula
1677 2658 1855 2708 magna
1880 2658 2026 2705 supra

229 2733 412 2782 lectum
439 2730 501 2779 ad
533 2731 628 2780 hoc
653 2733 873 2795 paratum
906 2744 1041 2777 more
1067 2732 1319 2777 consueto.
1356 2728 1618 2777 Adiverunt
1645 2726 1820 2776 deinde
1853 2726 2024 2775 fratres

231 2815 423 2881 Araceli
458 2814 540 2878 qui
573 2814 798 2862 dixerunt
833 2812 1048 2861 officium
1081 2817 1406 2874 mortuorum,
1431 2813 1640 2877 legendo
1674 2828 1825 2876 usque
1854 2810 1913 2859 ad
1946 2810 2026 2858 ad-

235 2903 433 2951 ventum
471 2896 788 2948 cardinalium
823 2899 1161 2956 executorum3
1201 2901 1312 2961 post
1343 2913 1552 2961 quorum
1574 2897 1848 2955 adventum,
1880 2893 2025 2943 iidem

235 2985 409 3034 fratres
447 2983 737 3047 inceperunt
765 2996 988 3046 vesperas
1034 2984 1081 3029 et
1114 2980 1341 3030 dixerunt
1366 2981 1471 3030 illas
1503 2985 1551 3030 et
1583 2980 1791 3045 primum
1828 2981 2025 3027 noctur-

237 3084 353 3118 num
391 3067 661 3132 vigiliarum
693 3065 788 3115 sive
829 3064 1117 3115 matutinum
1150 3065 1199 3112 in
1229 3068 1392 3114 cantu.
1431 3063 1710 3113 Secundum
1737 3065 2026 3111 nocturnum

237 3152 461 3201 dixerunt
500 3150 675 3200 fratres
711 3154 1034 3200 conventuum
1075 3166 1114 3197 s.
1148 3148 1401 3213 Augustini
1430 3152 1477 3197 et
1515 3165 1553 3196 s.
1591 3146 1805 3196 Marcelli
1842 3146 1923 3210 qui
1962 3145 2027 3194 ibi

235 3239 486 3286 venerant.
523 3235 755 3294 Tertium,
782 3235 956 3284 fratres
979 3237 1303 3283 conventuum
1330 3233 1473 3281 beate
1501 3230 1650 3280 Marie
1680 3245 1826 3294 supra
1853 3229 2030 3279 Miner-

237 3336 345 3370 vam
367 3325 415 3369 et
438 3336 476 3367 s.
497 3320 688 3369 Martini
708 3321 758 3369 in
776 3319 1022 3369 montibus
1043 3317 1122 3382 qui
1145 3315 1287 3365 tertio
1313 3318 1566 3364 venerunt.
1599 3313 1791 3362 Laudes*
1808 3312 2030 3362 dixerunt

238 3406 399 3455 clerus
438 3422 476 3454 s.
515 3404 664 3455 Marie
698 3404 897 3469 majoris
934 3408 980 3452 et
1023 3419 1062 3451 s.
1096 3400 1247 3450 Marie
1287 3400 1337 3448 in
1375 3399 1450 3448 via
1484 3399 1614 3448 lata:
1641 3397 1815 3462 quibus
1860 3397 2025 3457 finitis,
