2262 3958
320 342 365 378 76
926 341 1158 381 JOHANNIS
1191 342 1485 388 BURCHARDI,
1872 344 1976 387 [Aout
1997 346 2087 390 1484]

389 447 492 494 Due
507 444 670 493 valisie
693 445 750 493 de
774 445 976 494 scarlato
1000 445 1102 495 sine
1130 446 1274 495 armis
1304 461 1413 495 cum
1440 449 1644 509 quatuor
1669 448 1854 512 mappis
1884 447 2097 511 quelibet

323 532 370 576 et
391 528 528 576 nodis
551 545 655 577 sese
678 529 946 578 cremesino
966 546 1024 579 ex
1041 545 1158 578 auro
1179 530 1356 578 mixtis.
1657 540 1659 543 ⁴

390 612 527 660 Scala
554 614 681 675 Pape
713 627 771 660 ex
799 612 952 661 tribus
989 613 1214 678 gradibus
1243 614 1511 678 composita
1541 629 1649 663 cum
1684 629 1860 678 equum
1886 615 2101 665 ascendit

330 711 488 758 panno
511 695 713 745 scarlato
735 702 980 762 cooperta.

392 779 655 827 Duodecim
675 780 830 829 vexilli
853 781 986 831 rubei
1005 782 1063 830 de
1084 782 1267 833 zendali
1290 798 1411 849 quos
1433 799 1655 833 cursores
1676 786 1884 847 portant.

397 862 651 911 Tredecim
672 863 843 913 vexilla
863 865 1094 914 tredecim
1115 866 1367 930 regionum
1385 857 1526 915 'urbis
1549 867 1691 916 etiam
1714 866 1772 914 de
1802 865 2002 914 zendali.

399 949 507 996 Duo
527 947 697 998 vexilla
717 949 901 1012 majora
921 964 1030 998 cum
1052 949 1238 998 duobus
1259 950 1553 999 cherubinis.

399 1033 556 1080 Unum
575 1031 798 1080 vexillum
820 1047 1048 1096 magnum
1071 1049 1181 1082 cum
1203 1034 1347 1082 armis
1372 1034 1535 1098 populi
1557 1034 1756 1082 romani.

396 1118 551 1165 Unum
573 1115 794 1166 vexillum
818 1116 971 1165 simile
994 1132 1222 1180 magnum
1244 1133 1354 1166 cum
1376 1133 1520 1166 cruce
1542 1117 1678 1181 nigra
1697 1132 1785 1182 per
1803 1116 2033 1165 medium.

395 1204 550 1251 Unum
571 1199 795 1250 vexillum
818 1199 971 1249 simile
994 1216 1103 1249 eum
1126 1201 1270 1249 armis
1290 1204 1436 1265 Pape.

402 1287 557 1333 Unum
578 1284 800 1333 vexillum
828 1283 981 1332 simile
1004 1300 1113 1332 cum
1135 1284 1279 1332 armis
1302 1284 1534 1333 Ecclesie.
1608 1297 1611 1300 ’

397 1372 554 1418 Unum
574 1384 629 1418 ve
639 1367 805 1416 xillum
827 1367 981 1416 simile
1004 1371 1158 1416 totum
1179 1367 1381 1417 rubeum
1403 1383 1513 1416 cum
1535 1383 1677 1417 cruce
1699 1368 1822 1417 alba.

403 1453 619 1517 Quinque
653 1455 809 1500 vestes
842 1466 929 1515 pro
958 1450 1272 1515 portitoribus
1309 1451 1547 1500 dictorum
1586 1453 1794 1516 quinque
1826 1451 2107 1500 vexillorum

339 1552 430 1600 que
453 1551 620 1584 omnes
644 1550 749 1584 esse
772 1534 949 1583 debent
970 1550 1028 1583 ex
1055 1534 1284 1582 taffetano
1313 1534 1409 1582 sive
1439 1535 1622 1583 zendali
1649 1535 1892 1585 divisionis
1911 1535 2106 1584 vexillo-

336 1634 461 1677 rum,
485 1618 692 1681 demptis
729 1616 854 1665 illius
890 1616 971 1680 qui
1003 1620 1162 1680 portat
1196 1616 1420 1665 vexillum
1456 1619 1668 1667 Ecclesie
1706 1635 1798 1682 que
1837 1618 1979 1667 debet
2000 1633 2107 1668 esse

334 1706 431 1752 tota
451 1702 617 1762 rubea,
643 1706 690 1749 et
711 1699 903 1750 alterius
923 1699 1002 1763 qui
1034 1703 1191 1763 portat
1226 1700 1451 1749 vexillum
1473 1704 1598 1766 Pape
1622 1706 1720 1750 tota
1740 1702 1863 1752 alba.

402 1786 620 1849 Quinque
644 1787 932 1848 cooperture
955 1798 1207 1846 equorum,
1232 1783 1310 1847 qui
1329 1798 1497 1833 omnes
1526 1786 1710 1833 bardati
1738 1801 1844 1835 esse
1866 1786 2043 1836 debent
2063 1791 2110 1835 et

342 1870 550 1918 totaliter
587 1884 737 1931 usque
778 1868 837 1915 ad
878 1872 1021 1930 caput
1058 1866 1286 1916 inclusive
1324 1868 1538 1932 cooperti
1575 1868 1632 1916 de
1665 1869 1890 1918 taffetano
1927 1870 2109 1918 eisdem

346 1952 602 2011 coloribus,
628 1955 679 1998 ut
701 1951 759 1999 de
779 1950 988 1999 vestibus
1011 1950 1189 1999 dictum
1212 1955 1300 1999 est.
1324 1951 1504 2016 Viginti
1520 1956 1697 2012 vestes,
1723 1953 1818 2002 sive
1834 1954 2110 2003 mantelline

344 2052 400 2083 ex
423 2036 641 2099 fustagno
664 2049 747 2082 seu
774 2034 989 2082 buccano
1011 2034 1184 2083 coloris
1212 2039 1262 2082 ut
1292 2051 1434 2099 supra
1459 2051 1546 2099 pro
1575 2041 1777 2099 quatuor
1801 2037 2112 2086 familiaribus

344 2119 597 2183 cujuslibet
619 2133 676 2165 ex
697 2116 1003 2181 portitoribus
1026 2117 1261 2165 dictorum
1284 2118 1490 2182 quinque
1514 2119 1810 2168 vexillorum.

403 2205 620 2259 Quatuor
657 2199 826 2265 capelli
865 2200 923 2247 de
966 2200 1122 2249 veluto
1174 2202 1443 2251 cremesino
1490 2219 1599 2251 cum
1646 2204 1827 2252 orlettis
1873 2205 2029 2254 aureis
2067 2210 2114 2255 et

341 2284 658 2352 pendentibus
681 2299 796 2332 auro
819 2287 866 2332 et
885 2284 1154 2332 cremesino
1176 2271 1353 2332 mixtis.

408 2366 754 2416 Baldachinum
777 2365 962 2414 brocati
984 2366 1075 2414 albi
1097 2382 1182 2430 pro
1205 2383 1406 2431 corpore
1423 2368 1597 2415 Christi
1618 2369 1746 2431 quod
1771 2369 1948 2418 habere
1970 2370 2114 2419 debet

342 2454 630 2518 drapelonos
656 2451 834 2499 similes
862 2465 971 2497 cum
998 2449 1141 2497 armis
1175 2450 1391 2514 corporis
1429 2450 1602 2498 Christi
1638 2451 1857 2500 videlicet
1885 2452 2031 2501 calice
2066 2457 2112 2502 et

340 2537 514 2597 hostia,
539 2539 665 2600 Pape
685 2539 732 2582 et
753 2532 987 2580 Ecclesie.

403 2618 750 2669 Baldachinum
772 2616 925 2664 simile
949 2632 1057 2664 cum
1080 2615 1223 2664 armis
1256 2618 1381 2681 Pape
1405 2620 1451 2664 et
1485 2617 1700 2667 Ecclesie
1736 2618 1863 2682 quod
1894 2620 2120 2670 Romanis

339 2707 517 2752 manet.

410 2786 549 2835 Aliud
576 2783 914 2835 baldachinum
951 2782 1103 2831 simile
1128 2798 1214 2847 pro
1244 2783 1400 2832 reditu
1428 2787 1554 2848 Pape
1583 2800 1641 2832 ex
1668 2787 1900 2833 Laterano
1927 2800 1983 2834 ac
2010 2785 2111 2834 aliis

291 2912 294 2916 .
343 2872 641 2937 temporibus
662 2870 948 2935 portandum
970 2866 1297 2915 umbraculum
1319 2867 1377 2914 de
1398 2867 1579 2915 zendali
1602 2867 1749 2916 rubeo
1777 2871 1824 2916 et
1853 2868 1978 2916 albo.

405 2955 647 3006 Vexillum
675 2968 901 3018 magnum
932 2966 1018 3016 pro
1040 2950 1156 2998 turri
1178 2950 1320 2998 castri
1345 2966 1383 2997 s,
1407 2950 1578 3014 Angeli
1599 2965 1708 2998 cum
1729 2950 1872 2997 armis
1894 2953 2038 3012 Pape.

413 3042 623 3097 Quatuor
642 3035 812 3085 vexilla
830 3035 1015 3083 minora
1044 3037 1272 3098 punctata
1298 3048 1406 3080 cum
1435 3033 1615 3080 eisdem
1649 3032 1792 3079 armis
1813 3046 1898 3095 pro
1919 3030 2111 3079 inferio-

350 3124 479 3170 ribus
502 3121 707 3170 turribus
728 3121 864 3184 juxta
894 3120 1089 3182 pontem
1119 3121 1164 3164 et
1192 3115 1516 3165 summitatem
1537 3113 1794 3178 superioris
1820 3114 1989 3161 domus
2011 3113 2107 3162 sive

340 3206 500 3270 palatii
522 3205 635 3253 dicti
657 3204 812 3253 castri.

416 3290 626 3343 Quatuor
646 3285 800 3339 baculi
819 3284 1128 3350 longitudinis
1148 3286 1349 3346 quatuor
1373 3280 1639 3345 palmorum
1667 3279 1861 3342 quilibet
1881 3279 1928 3327 in
1951 3279 2106 3342 capite

354 3370 556 3417 rotundo
595 3371 642 3417 in
683 3371 878 3418 modum
911 3367 1099 3427 fellerii,
1140 3370 1190 3414 ut
1224 3364 1459 3428 capellum
1498 3363 1688 3409 firmum
1726 3366 1920 3411 teneant
1949 3361 2105 3410 veluto

359 3452 627 3499 cremesino
649 3453 861 3516 cooperti
878 3468 963 3515 pro
984 3454 1186 3514 quatuor
1201 3448 1394 3513 capellis
1416 3447 1711 3511 supradictis.
