2262 3958
153 272 368 351 [111111-51489]
595 301 766 341 RERUM
799 299 1104 339 URBANARUM
1138 296 1490 337 COMMENTARII.
1871 294 1941 331 343

161 411 404 480 publicam
426 410 474 458 in
498 408 681 474 capella
702 408 885 472 majore
913 404 1075 470 palatii
1097 402 1347 468 apostolici
1369 401 1496 465 apud
1515 416 1554 448 S.
1578 402 1793 459 Petrum,
1818 382 1945 464 Papa

162 497 380 558 absente,
408 493 602 544 RRmis.
626 496 729 543 DD.
763 489 1088 540 cardinalibus
1119 488 1263 537 etiam
1292 487 1445 535 tribus
1465 485 1599 535 novis
1619 485 1942 550 presentibus

157 579 328 630 Omnia
349 573 602 628 observata
627 580 739 624 sunt
767 578 912 638 prout
941 573 987 620 in
1017 571 1277 620 ordinario.
1308 573 1595 619 Sermonem
1622 568 1736 618 fecit
1765 584 1942 633 procu-

160 666 296 712 rator
314 662 497 712 ordinis
523 660 768 710 minorum
792 658 874 722 qui
905 658 993 705 fuit
1022 657 1297 721 deputatus,
1327 658 1439 704 Post
1466 655 1740 720 prandium,
1772 652 1946 718 prefati

157 752 258 797 tres
280 747 548 797 cardinales
568 745 676 794 novi
707 742 950 801 associati,
984 746 1035 789 ut
1061 757 1222 805 supra,
1251 740 1503 787 visitarunt
1528 738 1647 786 alios
1665 737 1945 786 ‘cardinales

155 833 382 896 antiquos
403 831 509 880 heri
525 846 624 879 non
640 828 870 886 visitatOS,
896 825 1023 874 inter
1041 841 1160 888 quos
1182 840 1281 873 non
1298 824 1586 871 invenerunt
1606 821 1656 869 in
1675 821 1774 869 suis
1796 821 1948 869 domi-

156 917 247 966 bus
262 919 470 966 RRmos.
492 917 593 964 DD.
616 911 1013 969 Ulixbonensem,
1036 908 1376 967 camerarium,
1398 907 1458 955 de
1472 905 1693 965 SabelliS,
1718 905 1946 955 Ursinum

159 1005 208 1050 et
228 1000 515 1059 Ascanium;
539 1000 797 1063 propterea
809 1010 893 1044 eos
915 1009 1014 1042 non
1035 993 1300 1041 visitarunt.

221 1084 363 1135 Feria
383 1082 542 1143 tertia,
572 1086 627 1130 17
652 1079 828 1139 martii,
847 1078 1015 1127 RRmi.
1042 1080 1144 1126 DD.
1165 1076 1434 1125 cardinales
1456 1074 1640 1139 antiqui
1662 1074 1950 1138 inceperunt

155 1169 350 1218 visitare
370 1183 539 1227 novos,
558 1170 605 1215 et
625 1164 766 1230 primi
787 1164 882 1212 hoc
899 1178 1042 1211 mane
1057 1162 1307 1210 visitarunt
1325 1164 1534 1209 RRmos.
1552 1161 1652 1208 DD.
1671 1159 1728 1207 de
1746 1158 1949 1207 Sabellis

159 1257 208 1303 et
226 1253 286 1302 de
307 1254 440 1300 Fuxo
467 1269 476 1299 :
502 1249 677 1299 deinde
695 1251 930 1298 venerunt
957 1247 1102 1297 etiam
1134 1246 1212 1295 alii
1234 1245 1415 1309 antiqui
1438 1249 1486 1293 et
1504 1245 1613 1293 data
1640 1249 1712 1292 est
1733 1243 1780 1291 in
1800 1242 1952 1291 domi-

159 1337 250 1388 bus
270 1351 503 1385 novorum
518 1333 835 1384 cardinalium
851 1331 1044 1381 collatio
1066 1330 1259 1380 familiis
1281 1330 1590 1394 antiquorum
1613 1327 1947 1387 cardinalium,

159 1426 213 1470 ut
240 1421 390 1470 moris
414 1423 504 1469 est.

230 1504 459 1565 SabbatO,
485 1506 540 1551 21
566 1502 745 1564 martii,
770 1506 939 1551 Rmus.
959 1504 1016 1550 D.
1044 1500 1304 1550 cardinalis
1326 1498 1580 1548 Auriensis
1596 1498 1865 1558 dixitmihi,
1892 1498 1951 1545 de

162 1589 362 1640 diversis
383 1603 578 1638 mecum
608 1587 834 1651 loquenS,
858 1587 986 1635 inter
1011 1585 1120 1646 alia,
1157 1585 1287 1649 quod
1309 1585 1411 1649 jam
1433 1600 1521 1648 per
1542 1586 1653 1632 octo
1675 1583 1780 1631 dies
1803 1580 1955 1644 scrip-

165 1673 310 1722 sisset
328 1688 379 1720 se
409 1671 535 1720 tituli
562 1678 722 1718 sancte
747 1670 1007 1719 Anastasie
1029 1670 1378 1735 presbyterum,
1414 1668 1472 1716 de
1501 1683 1732 1732 expressa
1760 1665 1957 1714 licentia

164 1758 252 1806 SS.
277 1759 334 1805 D.
359 1758 415 1805 N.
437 1771 560 1821 pape
590 1754 680 1802 sibi
711 1754 839 1815 data,
873 1770 960 1819 pro
995 1770 1053 1803 eo
1082 1754 1213 1818 quod
1242 1753 1436 1802 titulum
1464 1757 1652 1800 mutare
1686 1767 1786 1799 non
1803 1751 1958 1798 inten-

163 1841 325 1902 debat,
356 1845 405 1889 et
434 1856 486 1888 se
521 1838 732 1888 scribere
775 1839 1027 1888 Auriensis
1060 1853 1158 1886 non
1195 1837 1434 1902 placebat,
1469 1841 1572 1884 tum
1602 1834 1808 1883 latinum
1842 1848 1955 1882 cum

162 1925 350 1991 vulgari
370 1925 496 1973 illius
514 1939 613 1972 non
628 1923 962 1972 conveniebat.

229 2009 487 2060 Dominica
508 2009 653 2057 tertia
679 2007 1072 2072 quadragesime,
1112 2009 1172 2054 22
1204 2006 1380 2067 martii,
1415 2009 1472 2054 R.
1508 2008 1560 2054 P.
1598 2008 1655 2054 D.
1683 2003 1958 2068 Stephanus

163 2094 562 2159 archiepiscopus
595 2092 900 2141 Patracensis
930 2090 1190 2140 celebravit
1220 2091 1420 2139 missam
1438 2090 1684 2155 publicam
1705 2089 1754 2136 in
1774 2087 1960 2151 capella

165 2178 403 2244 predicta,
446 2180 577 2242 Papa
613 2178 834 2238 absente,
877 2193 988 2225 cum
1028 2177 1318 2225 ceremoniis
1362 2175 1624 2224 consuetis.
1673 2176 1960 2222 Sermonem

165 2262 281 2312 fecit
300 2265 587 2327 procurator
607 2261 789 2310 ordinis
809 2278 848 2309 s.
866 2261 1122 2325 Augustini
1142 2260 1473 2309 eremitarum.

236 2345 377 2395 Feria
393 2345 624 2406 secunda,
651 2348 711 2394 23
734 2345 911 2405 martii,
942 2345 1031 2393 suit
1058 2345 1270 2409 primum
1308 2344 1650 2393 consistorium
1671 2347 1781 2408 post
1802 2343 1961 2408 publi-

131 2456 133 2460 ·
169 2430 410 2481 cationem
440 2444 676 2477 novorum
707 2428 1024 2477 cardinalium
1053 2429 1459 2494 supradictorum,
1494 2428 1542 2476 in
1574 2443 1670 2491 quo
1703 2428 1788 2476 SS.
1823 2429 1880 2475 D.
1906 2429 1960 2475 N.

169 2516 219 2565 in
238 2514 478 2580 principio
497 2513 772 2563 consistorii
795 2514 967 2562 clausit
986 2529 1071 2562 ora
1088 2513 1222 2562 novis
1243 2513 1567 2562 cardinalibus
1586 2530 1594 2561 :
1614 2513 1663 2560 in
1682 2511 1779 2560 fine
1799 2516 1962 2560 autem

171 2597 391 2663 ejusdem
413 2596 687 2645 consistorii
710 2596 899 2662 aperuit
932 2611 1016 2644 ora
1047 2596 1231 2645 eisdem
1261 2596 1586 2645 cardinalibus
1609 2596 1743 2645 novis
1762 2601 1811 2645 et
1832 2595 1963 2644 dedit

174 2682 243 2732 eis
274 2681 446 2730 anulos
476 2685 524 2730 et
555 2681 672 2745 ipsis
701 2697 757 2730 ac
789 2681 934 2730 etiam
958 2681 1241 2730 absentibus
1281 2681 1489 2741 duobUS,
1524 2680 1703 2742 titulos,
1741 2680 1963 2729 videlicet

175 2770 312 2815 Rmo.
336 2767 394 2814 D.
419 2765 730 2829 Lugdunensi
761 2765 951 2813 titulum
972 2765 1124 2813 sancti
1146 2765 1352 2813 Martini
1373 2765 1421 2812 in
1442 2764 1717 2825 ffsontibzcs;
1738 2768 1878 2813 Rmo.
1902 2767 1959 2812 D.

179 2853 520 2899 Beneventano
541 2854 701 2894 sancte
719 2845 961 2907 Susanne,
993 2849 1132 2895 Rmo.
1168 2849 1225 2895 D.
1256 2847 1493 2896 Aleriensi
1519 2855 1790 2896 sanctorum
1813 2845 1964 2893 Joan-

179 2934 253 2982 nis
274 2940 321 2981 et
332 2932 498 2992 Pauli,
525 2934 664 2979 Rmo.
695 2933 752 2978 D.
775 2929 998 2979 Auriensi
1022 2939 1181 2979 sancte
1209 2931 1484 2990 Anastasie‚
1510 2934 1650 2979 Rmo.
1680 2934 1736 2979 D.
1760 2930 1967 2978 Rhodia-

181 3017 320 3066 nensi
340 3016 491 3064 sancti
509 3014 735 3063 Adriani.

249 3100 390 3150 Feria
422 3102 610 3164 quarta,
653 3101 713 3147 25
756 3098 939 3146 mensis
976 3098 1153 3158 martii,
1193 3098 1371 3146 festum
1406 3096 1793 3146 annunciationis
1827 3096 1966 3158 beate

184 3184 334 3235 Marie
360 3182 575 3247 virginis,
621 3182 670 3230 in
698 3198 860 3243 mane,
902 3184 987 3231 SS.
1041 3184 1097 3230 D.
1151 3186 1316 3230 noster
1362 3187 1557 3246 paratus
1601 3180 1797 3241 amictu,
1838 3180 1963 3240 alba,

184 3268 398 3333 cingulo,
418 3267 540 3316 stola
558 3267 712 3315 rubea
732 3282 791 3315 ex
811 3266 958 3330 perlis
990 3270 1036 3315 et
1067 3266 1301 3330 capucino
1333 3265 1442 3314 albo
1472 3270 1518 3314 et
1546 3265 1754 3328 desuper
1782 3264 1967 3329 capello

184 3354 354 3414 rube0,
375 3350 749 3417 precedentibus
768 3351 927 3416 ipsum
951 3366 1094 3399 cruce
1117 3353 1164 3399 et
1186 3349 1510 3397 cardinalibus
1538 3347 1725 3396 duobus
1753 3347 1969 3397 diaconis

185 3442 296 3502 post
317 3437 512 3486 ultimos
535 3435 790 3500 episcopos
816 3435 1084 3484 cardinales
1111 3420 1394 3482 'immediate
1422 3437 1533 3482 ante
1555 3435 1735 3496 Papam
1757 3432 1973 3496 equitan—
