2262 3958
322 326 392 361 ‘250
927 320 1159 357 JOHANNIS
1193 319 1486 367 BURCHARDI,
1868 323 1971 363 [Avi-il
1994 325 2082 367 1487]

323 443 484 478 meum
506 442 592 492 per
611 423 1004 475 inadvertentiam
1021 422 1222 487 positus,
1248 422 1374 486 quod
1402 421 1506 471 fieri
1532 439 1630 472 non
1656 425 1878 487 debebat,
1911 441 2022 476 cum
2042 427 2091 476 id

326 515 507 575 spectet
522 509 668 557 hodie
694 507 754 555 ad
776 507 904 555 solos
924 506 1197 570 episcopos.

389 595 511 641 Ante
551 592 699 640 altare
745 590 917 654 majus,
957 589 1377 638 vicecancellarius
1413 590 1599 654 accepit
1638 596 1993 642 sacramentum
2035 608 2094 642 ex

326 675 545 723 manibus
569 677 694 738 Pape
722 676 770 721 et
790 672 904 720 illud
924 673 1084 735 posuit
1109 689 1255 737 super
1271 673 1417 721 altare
1436 665 1567 736 'quod
1590 676 1733 738 Papa,
1750 675 1926 723 iterum
1943 675 2096 740 impo-

327 758 417 806 sito
444 757 662 816 incenso,
698 755 996 804 ministrante
1025 757 1307 821 presbytero
1342 755 1582 805 cardinale
1616 757 1902 817 naviculam,
1934 757 2096 807 incen-

328 840 443 890 savit
499 855 633 888 more
691 843 943 887 consuete.
1000 839 1230 888 Ascendit
1285 839 1346 887 ad
1399 839 1570 887 solium
1613 839 1715 888 sine
1770 840 1928 889 mitra.
1977 843 2094 889 Tum

326 922 747 973 vicecancellarius
769 921 1061 970 continuavit
1082 922 1314 982 officium,
1333 927 1474 986 prout
1498 922 1546 970 in
1569 924 1899 973 ceremoniali.
1925 924 2096 972 Omnia

329 1007 418 1056 alia
439 1007 566 1055 facta
586 1009 696 1054 sunt
714 1021 850 1054 more
872 1009 1121 1054 consueto.

395 1093 540 1153 Papa,
584 1092 693 1152 post
741 1088 1032 1152 Magnificat
1076 1088 1125 1136 in
1170 1089 1453 1150 faldistorio,
1504 1090 1622 1138 dixit
1669 1091 1936 1139 orationem
1975 1091 2097 1140 Res-

320 1174 444 1239 pice,
461 1180 546 1221 etc,

396 1257 499 1303 Hoc
536 1269 697 1313 mane,
730 1257 990 1316 antequam
1020 1257 1148 1318 Papa
1174 1254 1325 1304 exiret
1351 1272 1612 1318 cameram,
1647 1258 1846 1307 sacrista
1871 1263 2097 1323 posuerat

330 1339 526 1404 pallium
547 1337 605 1386 de
627 1337 785 1385 veluto
803 1336 940 1400 nigro
965 1337 1023 1384 ad
1051 1336 1218 1396 altare,
1250 1342 1297 1386 et
1324 1355 1469 1403 super
1497 1341 1646 1389 altare
1671 1341 1912 1390 tobaleam
1939 1341 2095 1390 albam

332 1422 597 1487 simplicem
618 1435 753 1468 more
781 1419 940 1468 solito.
972 1419 1200 1468 Similiter
1227 1426 1274 1469 et
1300 1438 1445 1486 super
1472 1424 1764 1472 credentiam
1791 1423 1878 1472 fuit
1896 1423 2096 1487 simplex

332 1505 521 1555 tobalea
554 1504 603 1552 in
633 1502 864 1566 capitibus
893 1507 1080 1552 tantum
1110 1504 1352 1552 modicum
1382 1505 1678 1569 dependenS.
1711 1506 1912 1555 Ministri
1944 1507 2096 1556 habe-

331 1591 445 1639 bant
481 1588 696 1652 planetas
737 1586 897 1650 nigras
935 1590 1044 1634 ante
1089 1591 1254 1650 pectus
1295 1588 1511 1652 plicatas.
1556 1592 1839 1639 Sermonem
1881 1590 1996 1638 fecit
2034 1592 2090 1638 D.

333 1675 649 1738 Hieronymus
671 1669 949 1733 Centregius
974 1671 1233 1719 canonicus
1254 1663 1560 1732 Vulteranus,
1585 1672 1624 1721 si
1645 1677 1776 1722 recte
1797 1673 2012 1721 memini.

396 1759 447 1805 In
486 1772 611 1815 sero,
651 1755 777 1804 circa
807 1754 980 1802 horam
1006 1770 1113 1813 xxl,
1144 1757 1273 1818 Papa
1311 1755 1507 1803 indutus
1537 1761 1590 1804 ut
1620 1755 1726 1805 heri
1753 1759 1800 1804 et
1837 1755 1930 1804 alio
1969 1771 2094 1813 sero,

333 1838 697 1903 archiepiscopo
744 1836 1011 1885 Arelatensi
1057 1837 1329 1897 assistente,
1377 1837 1589 1887 fimbrias
1639 1854 1807 1888 omnes
1852 1842 2094 1902 portante,

333 1923 459 1971 venit
489 1921 550 1969 ad
582 1920 836 1983 capellam.
871 1920 1080 1968 Sacrista
1111 1925 1336 1984 posuerat
1362 1926 1473 1970 ante
1504 1922 1700 1986 pallium
1723 1922 1782 1970 de
1810 1921 1964 1970 rascia
1987 1936 2097 1970 cum

335 2004 622 2069 figuratione
655 2003 891 2068 passionis
930 2003 1101 2050 Christi
1142 2007 1188 2051 et
1218 2019 1360 2066 super
1391 2004 1539 2052 altare
1578 2005 1818 2053 tobaleam
1847 2003 2095 2060 mundam,

335 2103 426 2152 que
455 2086 618 2134 omnia
650 2087 707 2133 D.
741 2084 993 2148 episcopus
1033 2075 1296 2145 pientinus,
1331 2089 1588 2149 antequam
1626 2089 1754 2150 Papa
1785 2085 1953 2144 exiret,
1990 2086 2101 2134 fecit

335 2170 560 2218 amoveri.
595 2168 692 2217 Sed
720 2167 896 2216 mansit
930 2168 1077 2216 altare
1105 2168 1287 2216 nudum
1324 2173 1374 2217 ut
1403 2169 1452 2217 in
1479 2185 1587 2218 sero
1624 2169 1841 2217 similiter
1875 2173 1923 2217 et
1961 2168 2100 2217 sedes

337 2256 482 2317 Pape,
507 2257 554 2301 et
575 2251 736 2300 omnia
756 2256 807 2298 ut
826 2250 933 2299 heri
955 2256 1066 2298 sunt
1086 2252 1352 2300 observata.

402 2336 610 2385 Sabbato
633 2339 817 2394 sancto,
843 2338 900 2382 14
921 2334 1100 2398 apriliS,
1129 2338 1294 2382 Rmus.
1326 2337 1382 2382 D.
1414 2334 1665 2383 cardinalis
1694 2333 1965 2382 Parmensis
1991 2334 2101 2382 fecit

338 2419 549 2468 officium
570 2418 699 2467 circa
717 2418 886 2465 horam
907 2434 999 2476 xu3
1026 2420 1154 2480 Papa
1179 2417 1306 2465 venit
1333 2419 1394 2466 ad
1419 2419 1672 2481 capellam,
1698 2418 1864 2477 oravit,
1888 2417 2101 2466 ascendit

337 2504 387 2551 in
414 2502 605 2561 solium,
636 2501 762 2549 facta
790 2500 878 2547 sibi
903 2515 931 2547 a
951 2500 1272 2548 cardinalibus
1299 2501 1565 2549 reverentia
1596 2515 1731 2548 more
1766 2505 2018 2560 consuete,
2056 2505 2102 2549 et

339 2587 510 2636 eodem
535 2600 669 2632 more
692 2588 914 2632 cantores
936 2583 1154 2630 dixerunt
1179 2583 1456 2646 prophetias
1486 2582 1535 2630 in
1559 2582 1669 2631 loco
1698 2587 1950 2631 consueto.
1976 2585 2105 2646 Papa

338 2685 436 2718 non
466 2668 583 2732 legit
613 2665 891 2731 prophetias
920 2665 1004 2713 sed
1028 2670 1208 2713 tractus
1239 2669 1426 2713 tantum
1454 2681 1541 2714 suo
1566 2670 1784 2729 tempore
1812 2665 2024 2728 singulos
2044 2665 2104 2714 ad

337 2752 569 2801 litaniam.
602 2753 730 2814 Papa
766 2748 1019 2813 procubuit
1054 2748 1103 2795 in
1142 2748 1406 2796 faldistorio
1443 2749 1572 2811 quod
1609 2748 1727 2795 mihi
1761 2747 2102 2796 inconveniens

339 2833 604 2893 videbatur,
659 2847 775 2879 -cum
814 2831 864 2878 in
897 2830 1117 2878 omnibus
1158 2830 1602 2879 consecrationibus
1640 2831 1896 2879 Pontifices
1938 2831 2103 2879 mitras

340 2917 601 2975 habebant,
633 2915 718 2963 sed
745 2917 802 2962 D.
836 2914 1097 2972 pientinus,
1129 2913 1255 2961 salva
1281 2913 1564 2972 reverentia,
1598 2914 1716 2961 mihi
1747 2913 1861 2962 dixit
1887 2913 1934 2960 id
1960 2913 2103 2961 hodie

340 3018 426 3066 pro
458 3003 589 3048 tanta
615 2999 691 3047 die
726 2998 838 3046 satis
871 2997 1124 3046 convenire
1150 2997 1278 3060 quod
1305 3000 1433 3061 Papa
1465 2997 1566 3045 sine
1598 2998 1738 3045 mitra
1765 3012 1851 3061 pro
1878 2997 1972 3045 hoc
1996 3000 2104 3044 actu

341 3083 642 3148 procumbat.
682 3082 855 3130 Dicunt
887 3086 1048 3129 tamen
1072 3080 1411 3128 ceremonialia
1437 3081 1634 3144 antiqua
1663 3081 1792 3143 quod
1820 3097 1930 3128 cum
1964 3080 2106 3128 mitra

341 3167 658 3230 procumbere
677 3165 849 3213 debeat
870 3168 917 3212 et
945 3164 1010 3212 ita
1033 3164 1177 3212 etiam
1203 3162 1320 3210 mihi
1343 3162 1527 3211 videtur
1554 3163 1920 3211 observandum.
1952 3162 2106 3211 Finita

343 3250 544 3314 epistola
576 3252 623 3297 et
651 3263 738 3312 per
766 3248 1022 3295 diaconum
1055 3245 1178 3309 pede
1207 3247 1333 3308 Pape
1362 3245 1594 3304 osculato,
1635 3248 1689 3294 D.
1729 3246 1967 3294 Mattheus
1989 3244 2103 3293 Cibo

343 3333 662 3380 subdiaconus
684 3330 993 3395 apostolicus,
1015 3330 1209 3377 indutus
1237 3328 1457 3376 omnibus
1477 3329 1768 3391 paramentis
1791 3328 2104 3376 subdiacona-

345 3413 468 3460 libus
487 3414 605 3461 albis
625 3413 673 3460 in
692 3428 884 3460 camera
898 3411 1112 3470 sacriste,
1134 3410 1270 3459 factis
1291 3410 1570 3460 reverentiis
1585 3409 1720 3458 altari
1742 3414 1789 3458 et
1810 3412 1954 3470 Pape,
1976 3411 2105 3454 stans
