2262 3958
336 322 384 359 38
945 320 1177 359 JOHANNIS
1213 319 1508 369 BuacflAnm,
1897 326 2002 369 [Ama
2022 328 2115 372 1484]

340 427 521 484 senten,
545 438 684 487 quOS,
710 438 796 487 pro
819 426 1036 486 tempore
1060 425 1107 470 et
1134 421 1212 485 qui
1239 437 1326 486 pro
1354 425 1570 486 tempore
1598 425 1790 486 fuerint,
1815 443 2117 491 quacumque

340 507 400 557 de
419 523 563 557 causa
584 522 611 555 a
632 522 830 554 romana
852 505 985 553 curia
1005 521 1057 554 se
1084 506 1336 554 absentare
1365 507 1635 570 contigerit,
1669 509 1731 557 ad
1750 510 1981 559 ecclesias
2009 527 2117 560 suas

338 591 411 639 vel
445 605 743 653 quecumque
780 589 888 636 loca
921 588 1066 637 etiam
1099 593 1286 637 remota
1318 593 1366 637 et
1401 593 1536 638 extra
1566 591 1750 640 Italiam
1783 609 1892 641 cum
1922 594 2118 643 licentia

338 689 448 722 mea
469 673 544 722 vel
564 674 728 731 verbo,
754 672 829 720 vel
851 672 1038 736 scriptis
1067 671 1147 737 (1),
1172 674 1409 737 gaudeant
1436 674 1657 722 omnibus
1684 679 1732 723 et
1758 675 1952 740 singulis
1972 677 2117 742 privi-

336 756 473 819 legiis
514 755 757 804 consuetis
797 770 852 803 ac
899 755 938 803 si
983 760 1234 819 presentes
1284 756 1544 806 existerent
1586 758 1635 806 in
1681 759 1902 807 omnibus
1941 764 1989 808 et
2030 777 2119 825 per

341 838 502 887 omnia
520 839 797 902 plenissime
820 841 1001 903 absque
1024 838 1116 887 alia
1134 839 1528 904 interpretatione
1548 842 1622 890 vel
1644 842 2057 905 tergiversatione.

404 924 549 982 Item,
595 938 764 971 omnes
806 927 853 971 et
893 922 1102 986 singulas
1142 923 1442 983 absolvendi,
1487 924 1795 988 dispensandi
1836 930 1883 974 et
1918 926 2010 975 alia
2047 927 2118 976 fa·

340 1005 498 1053 ciendi
524 1006 798 1065 facultates,
828 1005 1100 1070 privilegia,
1132 1007 1472 1055 concessiones
1507 1011 1554 1056 et
1581 1007 1763 1057 indulta
1792 1025 1884 1071 que
1912 1025 1941 1058 a
1965 1009 2117 1058 felicis

340 1089 688 1137 recordationis
714 1089 846 1139 Sixto
875 1105 998 1153 papa
1025 1093 1210 1152 quarto,
1245 1094 1292 1138 et
1325 1105 1626 1154 quocumque
1653 1091 1745 1140 alio
1772 1093 2116 1155 predecessore

340 1188 449 1220 meo
481 1172 531 1219 in
564 1173 776 1222 favorem
806 1172 1123 1221 cardinalium
1152 1174 1432 1222 eorumdem
1464 1175 1514 1221 in
1546 1190 1726 1238 genere
1751 1175 1830 1223 vel
1857 1175 1907 1222 in
1934 1175 2114 1240 specie,

339 1256 701 1318 quomodolibet
738 1257 974 1304 hactenus
1012 1261 1295 1304 emanarunt
1326 1255 1385 1322 (2)
1414 1258 1690 1321 approbabo
1718 1261 1766 1314 et
1797 1258 2113 1320 confirmabO,

339 1341 661 1389 manutenebo
696 1343 744 1389 et
777 1340 1041 1389 observabo
1081 1341 1486 1403 quemadmodum
1528 1342 1740 1405 approbo
1774 1346 1822 1390 et
1860 1341 2115 1403 confirmo,

339 1428 631 1472 manuteneo
660 1427 706 1472 et
738 1424 966 1483 observo;
1004 1427 1068 1482 et,
1103 1423 1141 1470 si
1174 1424 1221 1471 id
1251 1424 1503 1483 voluerint,
1530 1425 1587 1472 de
1618 1440 1739 1473 novo
1774 1426 2040 1474 concedam
2069 1425 2118 1473 in

339 1506 635 1571 amplissima
661 1507 817 1555 forma
842 1506 925 1565 ita,
952 1510 1003 1554 ut
1035 1507 1232 1570 plenum
1259 1508 1466 1556 debeant
1498 1510 1545 1555 et
1573 1507 1758 1571 possint
1787 1508 1946 1556 sortiri
1970 1508 2117 1558 effec-

340 1595 459 1639 tum.

403 1677 541 1734 Item,
573 1689 684 1722 cum
709 1673 759 1721 in
786 1673 970 1737 prefata
1003 1672 1135 1721 curia
1163 1689 1250 1737 pro
1278 1675 1622 1724 confluentium
1649 1676 1709 1723 ad
1741 1676 1871 1724 illam
1897 1675 2117 1724 celeriori

342 1757 643 1821 expeditione
666 1758 844 1804 dudum
872 1757 1048 1805 fuerint
1074 1756 1275 1819 proinde
1303 1757 1826 1823 institutaJcancellarie
1854 1758 2116 1822 apostolice

341 1845 388 1889 et
417 1840 751 1905 penitentiarie
792 1857 846 1888 ac
881 1839 1224 1890 camerariatus
1251 1840 1428 1900 officia,
1465 1841 1651 1904 sintque
1685 1841 2003 1890 cardinalibus
2038 1841 2118 1890 illa

340 1943 427 1990 pro
466 1930 684 1990 tempore
719 1924 1047 1974 obtinentibus
1080 1923 1139 1971 de
1172 1922 1367 1986 antiquo
1402 1923 1508 1971 stilo
1540 1927 1588 1971 et
1618 1923 1881 1971 inveterata
1912 1914 2118 1971 consue-

340 2009 504 2058 tudine
543 2009 727 2072 prefate
773 2008 923 2067 curie,
967 2024 1052 2056 seu
1092 2022 1320 2070 expressa
1358 2005 1674 2053 concessione
1713 2006 2118 2069 predecessorum

339 2108 559 2140 meorum
597 2095 728 2139 certe
775 2106 1006 2138 concesse
1053 2089 1303 2137 facultates
1347 2087 1421 2135 vel
1467 2087 1780 2136 authoritates
1827 2091 1874 2135 et
1911 2087 2116 2150 quedam

340 2176 565 2224 attributa
585 2175 927 2233 emolumenta,
953 2178 1000 2221 et
1025 2190 1083 2221 ex
1102 2173 1315 2236 ipsorum
1338 2170 1608 2219 officiorum
1629 2171 1912 2219 alteratione
1932 2170 2118 2234 possint

341 2261 472 2309 curie
493 2261 676 2324 prefate
693 2260 821 2307 varia
848 2257 1154 2308 incommoda
1179 2255 1449 2320 provenire,
1481 2258 1687 2302 statuam
1715 2259 1761 2302 et
1789 2254 2038 2314 ordinabO,
2068 2257 2116 2302 et

339 2359 426 2407 pro
459 2357 586 2389 nunc
617 2343 772 2388 statuo
801 2345 850 2387 et
883 2340 1051 2388 ordino
1086 2356 1141 2388 ac
1174 2339 1298 2397 volo,
1337 2339 1463 2400 quod
1494 2337 1792 2385 venerabiles
1824 2338 1996 2385 fratres
2021 2337 2116 2386 mei

341 2424 604 2473 Rodericus
632 2422 886 2486 episcopus
917 2422 1197 2470 Portuensis
1230 2438 1268 2468 s.
1300 2437 1340 2467 r.
1368 2422 1421 2467 E.
1447 2419 1868 2467 vicecancellarius
1896 2423 1944 2467 et
1969 2419 2116 2468 Julia-

341 2525 430 2556 nus
453 2507 708 2571 episcopus
731 2505 991 2564 Ostiensis,
1016 2505 1095 2568 qui
1121 2504 1455 2568 penitentiarie
1483 2504 1665 2567 prefate
1693 2518 1859 2551 curam
1886 2503 2033 2566 gerit,
2056 2518 2111 2552 ao

343 2591 545 2639 dilectus
572 2589 695 2637 filius
717 2588 930 2652 Raphael
958 2588 1110 2637 sancti
1139 2588 1331 2651 Georgii
1360 2589 1419 2636 ad
1445 2587 1618 2638 Velum
1645 2588 1855 2635 Aureum
1883 2587 2112 2636 diaconus

343 2674 595 2723 cardinalis
629 2671 922 2720 camerarius
958 2675 1142 2731 noster,
1187 2676 1233 2719 et
1274 2672 1352 2735 qui
1393 2687 1480 2734 pro
1520 2674 1736 2734 tempore
1767 2674 1926 2730 erunt,
1961 2671 2116 2734 major

342 2755 723 2822 penitentiarius,
746 2753 1164 2802 vicecancellarius
1193 2758 1241 2803 et
1270 2753 1579 2812 camerarius,
1608 2752 1736 2801 dicta
1760 2769 1926 2801 eorum
1953 2752 2114 2801 officia

339 2840 474 2904 juxta
500 2837 716 2900 antiquas
752 2840 799 2884 et
833 2835 996 2883 solitas
1031 2836 1099 2884 eis
1137 2837 1338 2885 concedi
1371 2836 1621 2886 facultates
1656 2852 2006 2900 concessasque
2043 2835 2113 2885 eis

344 2926 391 2971 et
424 2920 678 2984 cujuslibet
715 2934 882 2967 eorum
922 2934 950 2966 a
983 2919 1062 2967 fel.
1103 2936 1202 2969 rec.
1239 2921 1418 2971 Calixto
1449 2920 1589 2970 tertio
1624 2920 1792 2984 etAPio
1826 2920 2039 2968 secundo
2066 2922 2114 2967 et

343 3008 488 3057 Paulo
521 3007 665 3056 etiam
695 3008 924 3068 secundO,
961 3023 1051 3056 nec
1076 3021 1174 3053 non
1208 3006 1338 3055 Sixto
1373 3008 1541 3068 quarto
1569 3003 1779 3051 romanis
1805 3001 2111 3066 pontificibus

342 3090 763 3155 predecessoribus
790 3091 931 3150 meis,
961 3091 1010 3138 in
1035 3091 1280 3139 literarum
1308 3089 1677 3152 apostolicarum
1704 3091 1751 3135 et
1776 3084 2110 3150 penitentiarie

343 3175 621 3238 scriptores,
641 3174 1012 3233 abbreviatores,
1043 3173 1393 3230 sollicitatores,
1423 3171 1635 3234 aliosque
1664 3169 1893 3217 officiales
1921 3167 2111 3216 cancel—

340 3257 483 3317 larie,
519 3257 853 3321 penitentiarie
895 3262 942 3306 et
977 3272 1167 3306 camere
1200 3255 1480 3304 eorumdem
1519 3252 1770 3315 officiaque
1809 3251 2107 3309 eorumdem,

391 3379 427 3416 1.
454 3380 494 3414 In
515 3379 672 3428 scriptis.
693 3401 742 3409 —-—
760 3381 882 3418 Rinal.

391 3439 427 3472 2.
519 3441 555 3474 et
573 3438 817 3476 confirmabo.
844 3454 862 3473 »
885 3460 930 3467 —-
947 3439 1069 3476 Rinal.
