2262 3958
324 327 372 362 82
599 357 617 361 ,
923 329 1156 365 JOHANNIS
1191 328 1485 375 BURCHARDI,
1878 330 1981 372 [Αοὺῐ
2005 332 2092 381 1484]

391 427 556 475 Finitis
597 429 903 497 orationibus
931 434 1041 477 ante
1072 429 1347 493 epistolam,
1381 429 1511 492 prior
1545 429 1666 492 ipse,
1713 434 1911 492 accepta
1944 431 2096 479 ferula

330 526 439 558 cum
459 511 781 571 subdiaconis,
805 512 1119 571 auditoribus,
1140 512 1407 560 secretariis
1427 517 1473 560 et
1489 512 1745 572 advocatis,
1771 513 1955 561 accedit
1974 513 2100 562 infra

330 594 390 641 ad
413 594 557 642 altare
587 611 625 641 s.
662 596 788 643 Petri
818 595 943 644 inter
980 596 1247 644 cancellum
1280 600 1415 659 porte
1458 600 1506 643 et
1542 595 1717 658 gradus
1754 611 1809 643 ac
1845 596 2010 656 altare,
2054 602 2103 645 et

330 677 507 725 ibidem
547 678 732 725 ordinat
766 679 1102 739 subdiaconos,
1141 679 1402 737 auditores,
1444 678 1729 726 secretarios
1763 683 1811 726 et
1845 663 2100 728 advocatos

331 760 443 807 hinc
467 764 512 808 et
525 761 636 809 inde
654 762 847 824 pariter,
872 762 938 810 ita
957 766 1118 811 tamen
1139 763 1269 826 quod
1283 762 1541 825 digniores,
1564 761 1782 809 videlicet
1801 761 2098 822 subdiaconi,

334 843 426 890 sint
443 843 758 907 proximiores
785 845 937 905 altari,
965 846 1070 894 illos
1109 849 1369 909 sequantur
1404 845 1480 893 alii
1500 845 1761 908 digniores.
1801 847 1904 901 Quo
1939 843 2104 892 ordine

333 926 461 985 dato,
483 927 585 990 ipse
607 927 837 976 diaconus
860 934 990 977 stans
1013 929 1115 977 sine
1134 929 1276 976 mitra
1302 929 1350 975 in
1375 928 1535 976 medio
1563 928 1688 976 inter
1707 928 1890 991 primos
1912 927 2106 980 subdia-

336 1027 484 1060 conos
501 1014 594 1061 alta
613 1028 745 1072 voce,
768 1013 903 1074 quasi
931 1013 1155 1076 legendo,
1181 1013 1296 1060 dicit
1321 1030 1330 1061 :

396 1096 597 1144 Exaudi
621 1097 806 1144 Christe
855 1096 860 1159 Ι
920 1101 992 1144 ter

397 1180 575 1227 Subdia
586 1180 721 1239 coni,
744 1179 1004 1239 auditores,
1031 1179 1274 1228 secretarii
1300 1184 1347 1228 et
1373 1179 1588 1227 advocati
1606 1178 1757 1248 *simili
1778 1194 1893 1229 voce
1915 1195 2117 1243 respon—

335 1263 483 1311 dent:

395 1347 599 1394 Domino
629 1355 784 1395 nostro
810 1347 1083 1394 Innocentio
1117 1363 1143 1393 a
1163 1347 1264 1393 Deo
1294 1346 1471 1394 decreto
1496 1362 1677 1393 summo
1697 1347 1916 1410 pontifici
1945 1355 1989 1395 et
2012 1348 2117 1395 uni-

335 1431 502 1477 versali
519 1431 655 1494 Papo
676 1432 785 1478 vito.

397 1516 454 1560 Et
476 1514 542 1562 sic
565 1519 637 1562 ter
665 1514 850 1562 dicetur
878 1530 966 1577 per
997 1513 1206 1577 priorem
1241 1513 1553 1561 diaconorum
1587 1513 1875 1576 predictum,
1901 1516 1948 1560 et
1970 1512 2113 1561 toties

335 1612 422 1659 per
439 1598 556 1646 alios
571 1597 812 1661 predictos
833 1596 1202 1660 respondebitur
1217 1597 1585 1659 subsequenter.

400 1681 532 1729 Idem
571 1681 701 1744 prior
734 1680 847 1728 dicit
884 1698 892 1727 :
930 1679 1150 1727 Salvator
1179 1680 1368 1740 mundi,
1410 1679 1691 1727 subdiaconi
1731 1684 1778 1728 et
1807 1680 1885 1727 alii
1911 1680 2112 1744 predicti

332 1765 694 1828 respondebunt
719 1781 728 1811 :
761 1763 831 1810 Tu
853 1764 987 1810 illum
1009 1763 1204 1826 adjuva,
1239 1763 1369 1826 quod
1397 1763 1612 1810 similiter
1638 1763 1779 1810 tertio
1811 1763 1911 1823 fiat,
1934 1764 2106 1813 deinde

332 1848 456 1896 dicet
477 1848 604 1896 idem
623 1848 753 1911 prior
771 1864 808 1894 s.
834 1846 999 1894 Maria.
1026 1846 1366 1909 Respondeant
1383 1845 1448 1893 illi
1471 1863 1480 1892 :
1507 1844 1578 1899 Tu
1600 1845 1734 1893 illum
1756 1845 1954 1908 adjuva,
1980 1847 2111 1910 quod

331 1931 403 1978 bis
419 1931 608 1978 dicitur.

397 2016 571 2062 Postea
589 2014 714 2062 dicet
734 2014 864 2062 idem
880 2012 1012 2077 prior
1033 2030 1041 2059 :

393 2096 566 2144 Sancte
585 2095 808 2154 Bliclzael,
834 2093 1158 2158 respondeant
1183 2094 1248 2142 illi
1276 2111 1285 2142 z
1321 2094 1392 2141 Tu
1419 2095 1552 2142 illum
1579 2095 1782 2158 adjuva,
1805 2095 1936 2159 quod
1957 2099 2111 2144 semet

329 2182 514 2226 tantum
531 2180 631 2240 fiet,
655 2185 702 2228 et
723 2176 1081 2228 continuabitur
1116 2182 1167 2224 ut
1186 2177 1309 2225 infra
1334 2194 1343 2225 :

398 2271 556 2310 sancte
579 2263 783 2323 Gabriel,

395 2353 552 2391 sancte
565 2345 795 2408 Raplzael,

396 2435 554 2474 sancte
575 2428 807 2491 Baptista,

391 2518 549 2558 sancte
569 2512 728 2568 Petro,

399 2602 557 2641 sancte
573 2595 744 2651 Paule,

397 2686 555 2725 sancte
571 2679 605 2726 A
616 2678 778 2735 ndrea,

394 2768 551 2807 sancte
570 2760 822 2823 Stephane,

394 2851 550 2890 semele
569 2842 683 2902 LeO,
1000 2849 1051 2908 n.
1079 2849 1150 2895 Tu
1170 2849 1303 2897 illum
1316 2851 1510 2913 adjuva.

394 2935 551 2974 Sancte
575 2925 789 2989 Greyori,

395 3018 552 3057 sancte
574 3009 835 3066 Benedicte‚

392 3104 554 3143 sancte
575 3093 739 3144 Basili.

393 3187 550 3226 sancte
575 3178 718 3237 Saba,

395 3270 556 3309 sancta
576 3262 618 3309 A
627 3279 761 3326 qnos,

394 3354 529 3392 santa
552 3348 741 3405 Uecilio,

393 3435 554 3474 Sancta
575 3428 744 3487 Lucia,
