2262 3958
336 301 403 337 194
936 296 1167 332 ιΙΟΗΑΝΝιὸ
1202 294 1495 340 BURCHARDI,
1878 297 1981 338 [Mars
2005 298 2093 341 1486]

333 403 429 451 sive
458 402 734 466 responderi
759 399 1119 462 intelligibiliter
1139 398 1331 447 debere.
1358 400 1441 446 SS.
1474 400 1530 445 D.
1551 401 1611 447 N.
1649 399 1831 447 remisit
1858 400 2095 449 sententie

333 489 621 534 RRmorum.
648 487 746 531 DD.
785 499 824 530 s.
854 481 1000 530 Marci
1028 486 1076 529 et
1106 481 1463 545 Andegavensis
1494 481 1574 544 qui
1607 482 1826 530 dixerunt
1852 483 1898 530 in
1926 483 2098 547 plurali

333 570 435 617 fieri
458 585 598 632 posse
619 567 1046 630 interrogationem
1074 569 1120 614 et
1148 581 1237 628 per
1274 580 1441 612 omnes
1471 564 1612 612 simul
1644 566 2026 628 responsionem,
2052 570 2100 615 et

332 651 398 699 sic
433 654 484 698 D.
522 653 578 698 N.
613 654 755 713 prout
798 649 1044 713 inceperat
1090 647 1398 706 continuavit,
1440 651 1486 696 et
1522 647 1670 706 bene,
1711 647 1859 697 immo
1895 649 2092 713 optime.

331 734 484 781 Finito
513 733 759 793 scrutinio,
804 732 944 781 electi
972 731 1239 781 successive
1273 747 1435 780 coram
1459 733 1585 794 Papa
1620 731 1859 794 genuflexi
1892 732 2094 781 osculati

329 817 555 880 suntejus
576 816 751 880 pedem
778 816 1027 875 dextrum;
1059 814 1232 863 deinde
1260 814 1464 863 surrexit
1487 817 1615 878 Papa
1641 814 1703 862 ad
1738 814 2095 865 confessionem

328 903 374 947 et
394 899 452 946 ad
470 899 717 948 dexteram
739 902 864 962 Pape
888 902 1121 946 steterunt
1142 898 1429 946 Cusentinus
1451 898 1498 945 in
1519 897 1674 962 primo
1697 897 1804 946 loco
1827 902 1872 946 et
1899 899 2096 962 ad'ejus

323 982 446 1030 latus
461 981 798 1042 Tornacensis,
823 986 869 1031 et
890 982 948 1030 ad
967 981 1208 1030 sinistram
1230 984 1356 1045 Pape
1374 983 1737 1030 Beneventanus
1755 997 1764 1039 3
1784 985 1829 1030 et
1848 980 2097 1031 continua—

326 1070 427 1113 tum
454 1065 543 1114 fuit
573 1065 790 1114 officium
816 1081 903 1129 per
933 1065 1111 1123 omnia,
1143 1069 1284 1129 prout
1317 1064 1362 1112 in
1393 1065 1495 1113 aliis
1524 1064 1986 1125 consecrationibus,
2017 1067 2095 1115 ex-

321 1150 470 1214 ceptis
489 1150 819 1214 infrascriptis.

385 1236 502 1281 Cum
525 1235 670 1296 Papa,
698 1233 826 1280 circa
859 1233 1006 1281 finem
1032 1233 1195 1282 litanie
1223 1231 1539 1280 benedicebat
1566 1231 1681 1294 ipsis
1711 1230 1896 1292 electis,
1929 1230 2094 1282 dicens

320 1325 374 1364 ut
388 1317 469 1365 laos
483 1324 719 1380 presentes
740 1316 918 1375 electos,
944 1323 1050 1375 etc„
1075 1332 1173 1364 non
1187 1316 1395 1364 habebat
1416 1315 1463 1362 in
1494 1330 1638 1361 manu
1659 1314 1851 1362 sinistra
1870 1315 2093 1364 baculum

319 1399 627 1463 pastoralem,
650 1399 762 1463 quia
782 1403 910 1463 Papa
924 1415 1170 1462 nunquam
1193 1399 1340 1447 utitur
1357 1398 1528 1446 baculo
1551 1398 1791 1461 pastorali.
1811 1397 1945 1446 Adde
1967 1398 2097 1462 quod

319 1499 409 1531 nec
429 1486 558 1547 Papa
577 1482 768 1546 legebat
784 1483 992 1531 litanias.
1023 1482 1221 1539 Quando
1245 1485 1374 1545 Papa
1395 1480 1580 1529 lavabat
1601 1496 1789 1541 manus,
1815 1497 1937 1529 unus
1958 1481 2095 1530 cubi-

319 1566 526 1615 cularius
558 1570 772 1614 secretus
798 1567 940 1614 dabat
968 1566 1056 1614 sibi
1087 1581 1260 1629 aquam
1291 1569 1339 1614 et
1368 1564 1487 1612 alius
1520 1565 1796 1629 mappulam
1816 1564 1878 1613 ad
1906 1570 2095 1629 tergen-

319 1650 448 1697 dum.
469 1650 722 1698 Offertorio
742 1650 889 1709 dicto,
914 1649 1130 1698 omnium
1150 1652 1540 1698 consecratorum
1559 1648 1803 1696 offertoria
1823 1663 1910 1697 suo
1926 1648 2092 1697 ordine

318 1734 660 1796 precedebant,
688 1734 862 1782 deinde
887 1734 975 1797 ipsi
1005 1733 1290 1791 consecrati,
1315 1733 1373 1781 ab
1403 1732 1736 1781 assistentibus
1765 1731 2012 1791 associati;
2043 1736 2088 1780 et

319 1817 604 1865 Cusentinus
627 1817 795 1865 obtulit
818 1817 972 1881 primo
996 1833 1152 1877 suum,
1186 1816 1359 1864 deinde
1398 1818 1779 1873 Beneventanus,
1809 1814 1950 1863 tertio
1972 1817 2090 1863 Tor-

318 1901 558 1959 nacensis,
584 1900 921 1948 deosculantes
943 1899 1002 1947 ad
1021 1898 1282 1962 quamlibet
1302 1913 1497 1946 manum
1513 1900 1658 1961 Pape,
1681 1912 1814 1945 more
1835 1900 2086 1945 consueto.

319 1985 369 2030 ln
393 1983 529 2031 altari
551 1983 616 2031 illi
639 1987 819 2032 stantes
846 1983 1266 2041 concelebrabant,
1292 1986 1341 2030 et
1355 1997 1444 2046 ego
1467 1980 1574 2028 steti
1599 1979 1724 2028 inter
1744 1983 1922 2044 Papam
1940 1983 1988 2028 et
2008 1996 2090 2028 eos

318 2070 366 2113 et
387 2065 553 2114 servivi
576 2069 704 2130 Pape
723 2066 781 2114 de
803 2065 945 2130 palla,
965 2070 1156 2130 patena,
1173 2063 1413 2112 immiscui
1432 2063 1593 2110 vinum
1613 2067 1660 2111 et
1680 2061 1854 2126 aquam
1874 2062 1923 2110 in
1943 2061 2092 2127 calice

318 2153 364 2196 et
404 2149 495 2196 alia
519 2148 612 2197 feci
639 2164 773 2196 more
809 2154 1061 2197 consueto.
1099 2148 1236 2196 Dicta
1272 2147 1487 2196 oratione
1522 2147 1718 2195 Domine
1743 2145 1857 2194 ‘lesu
1891 2145 2089 2205 Christe,

319 2233 587 2281 consecrati
617 2249 785 2281 omnes
823 2237 1114 2298 acceperunt
1149 2249 1319 2297 pacem
1354 2249 1382 2281 a
1418 2234 1563 2296 Papa,
1607 2230 1762 2294 primo
1785 2228 2092 2288 Cusen'tinus,

318 2315 490 2363 deinde
534 2318 916 2376 Beneventanus,
960 2317 1267 2380 postmodum
1306 2314 1640 2364 TornacensiS.
1680 2313 1889 2370 Quilibet
1926 2327 2094 2361 eorum

317 2396 447 2444 dedit
490 2397 662 2447 deinde
704 2415 811 2447 eam
851 2400 1118 2447 successive
1163 2399 1397 2447 ambobus
1448 2396 1685 2462 episcopis
1739 2395 2085 2444 assistentibus.

319 2483 422 2535 Quo
444 2479 586 2538 facto,
607 2482 662 2527 D.
688 2481 951 2540 Auriensis,
974 2481 1212 2528 secundus
1229 2480 1483 2544 episcopus
1504 2479 1751 2537 assistens,
1776 2477 2091 2542 deditpacem

318 2580 400 2611 ore
424 2578 510 2611 suo
533 2567 670 2610 Rmo.
697 2566 753 2611 D.
780 2563 1009 2611 cardinali
1031 2581 1069 2611 s.
1094 2563 1242 2611 Marci
1266 2562 1346 2627 qui
1375 2579 1482 2611 eam
1510 2563 1639 2610 dedit
1670 2562 1807 2610 alteri
1828 2559 2086 2621 cardinali;

318 2645 403 2693 sed
422 2645 516 2693 hoc
538 2646 655 2692 mihi
680 2646 835 2694 minus
860 2647 1148 2695 conveniens
1168 2647 1320 2695 visum
1351 2651 1442 2706 est,
1473 2647 1600 2710 quod
1633 2649 1776 2710 Papa,
1807 2646 1916 2694 data
1946 2661 2082 2709 pace,

317 2727 466 2775 tribus
482 2729 792 2789 consecratis,
819 2730 1022 2778 osculari
1041 2730 1245 2778 debebat
1264 2746 1434 2794 pacem
1450 2746 1594 2793 quam
1615 2745 1706 2793 ego
1728 2729 1817 2778 sibi
1834 2728 2081 2793 porrigere

316 2810 552 2859 debebam
575 2816 622 2859 et
639 2811 812 2860 deinde
833 2813 960 2860 illam
980 2813 1195 2876 predicto
1215 2816 1353 2861 Rmo.
1380 2812 1606 2862 cardinali
1629 2829 1667 2860 s.
1692 2811 1839 2860 Marci
1857 2811 2042 2860 deferre
2070 2826 2081 2858 :

317 2894 402 2942 sed
419 2894 531 2957 quia
547 2894 917 2943 instrumentum
937 2897 1067 2960 pacis
1081 2896 1128 2943 in
1142 2896 1278 2944 altari
1301 2896 1511 2961 positum
1536 2912 1632 2945 non
1653 2897 1822 2955 suerat,
1841 2892 1907 2943 ita
1927 2894 2086 2943 actum

317 2981 388 3026 est
405 2977 484 3042 (1).
503 2980 553 3025 In
575 2978 668 3026 fine
690 2979 852 3038 misse,
873 2982 999 3043 Papa
1013 2980 1542 3029 deditbenedictionem
1558 2996 1668 3028 cum
1683 2979 1841 3038 mitra,
1860 2978 2082 3041 quianon

363 3112 397 3148 1.
427 3128 445 3146 «
469 3113 570 3150 Bene
594 3113 730 3151 sactum
756 3115 823 3152 fuit
848 3115 945 3163 quod
970 3115 1160 3153 Auriensis
1187 3115 1238 3152 sic
1267 3126 1392 3164 pacem
1417 3114 1515 3151 dedit
1534 3118 1641 3163 prout
1669 3113 1781 3158 dedit,
1804 3111 1888 3162 quia
1907 3123 1977 3161 pax
1997 3122 2079 3149 cum

315 3171 554 3210 instrumento
575 3173 681 3210 datur
708 3175 853 3222 quando
875 3176 986 3212 missa
1011 3187 1083 3212 non
1104 3179 1160 3212 est
1178 3175 1420 3223 pontificalis3
1446 3174 1512 3210 hec
1536 3178 1654 3210 autem
1675 3185 1748 3210 non
1774 3171 1992 3221 pontificalis
2018 3171 2082 3208 sed

315 3231 452 3279 papalis
472 3243 554 3268 cum
574 3233 741 3270 omnibus
772 3235 992 3282 paramentis
1015 3235 1123 3272 dicta.
1146 3249 1165 3268 »
1186 3235 1341 3282 (ems.)
1370 3233 1460 3270 Bien
1487 3245 1556 3281 que
1570 3233 1662 3270 dans
1681 3237 1766 3270 tous
1797 3233 1849 3269 les
1871 3244 1959 3270 mss.
1989 3236 2082 3269 cette

314 3301 501 3338 remarque
533 3291 576 3328 de
608 3293 712 3330 Paris
733 3294 777 3330 de
798 3295 943 3331 Grassis
966 3295 1060 3332 fasse
1080 3306 1186 3343 corps
1218 3305 1303 3330 avec
1322 3293 1353 3330 le
1367 3296 1477 3337 texte,
1495 3293 1533 3341 je
1558 3292 1651 3329 crois
1672 3292 1794 3329 devoir
1819 3292 1855 3328 la
1874 3292 2013 3329 donner
2032 3302 2077 3328 en

314 3355 408 3388 note.
431 3352 535 3398 (Mss.
561 3353 642 3397 147,
670 3353 695 3389 f.
716 3355 799 3399 204,
827 3367 861 3391 v.
887 3366 974 3391 mss.
999 3354 1116 3402 Chigi,
1137 3353 1177 3392 L.
1196 3353 1233 3390 1.
1255 3353 1315 3389 10.
1341 3352 1364 3388 1.
1392 3354 1476 3398 265,
1497 3352 1547 3399 v.)
1575 3352 1692 3400 (Cette
1714 3362 1903 3399 remarque
1923 3360 2080 3397 manque

314 3408 454 3445 dansle
474 3421 565 3449 mss.
592 3411 699 3456 5521,
722 3411 752 3447 f.
784 3412 885 3459 361.)
918 3406 920 3409 ¹
