2262 3958
304 309 351 343 54
915 303 1147 341 JOHANNIS
1181 301 1476 349 BURCHARDI,
1867 305 2083 348 [Aoot1484]

308 413 578 472 assumptus
616 408 665 456 in
704 423 944 456 summum
985 404 1265 470 pontificem
1310 404 1546 468 premissa
1593 406 1755 456 omnia
1803 410 1851 456 et
1901 407 2087 472 singula

304 492 551 557 promittO,
586 507 732 540 voveo
770 495 817 539 et
850 493 959 555 juro
1003 491 1257 538 observare
1295 492 1342 538 et
1380 489 1642 554 adimplere
1684 491 1734 540 in
1776 491 2086 551 omnibusset

303 593 391 640 per
429 575 589 623 omnia
632 592 748 639 pure
798 579 845 623 et
891 573 1173 638 simpliciter
1220 576 1268 621 et
1312 573 1440 620 bona
1484 572 1602 632 fide,
1646 573 1839 623 realiter
1884 578 1932 624 et
1972 590 2084 624 cum

308 658 481 706 effectu
512 658 598 704 suh
627 672 752 721 pena
778 655 974 720 perjurii
1004 656 1414 716 et'anathematis,
1446 673 1473 704 a
1501 657 1671 719 quihus
1701 674 1790 706 nec
1820 674 1898 706 me
1926 658 2084 722 ipsum

307 741 548 788 absolvam
578 756 668 788 nec
699 739 879 788 absolvi
911 739 1052 788 alicui
1086 740 1400 789 committam.
1438 742 1507 788 Ita
1538 756 1615 789 me
1648 743 1778 790 Deus
1811 741 2002 806 adjuvet
2037 744 2085 791 et

306 826 398 872 hec
421 828 586 872 sancta
606 824 694 872 Dei
716 824 976 888 evangelia.
1007 844 1028 867 >›
1915 886 1917 888 q

371 909 472 971 Ego
503 907 765 955 Rodericus
799 907 1051 971 episcopus
1093 908 1371 956 Portuensis
1408 908 1829 957 vicecancellarius
1868 909 2085 973 predicta

308 990 469 1039 omnia
495 990 714 1055 promisi,
745 990 848 1039 vovi
876 1006 931 1038 ac
953 991 1125 1055 juravi,
1153 996 1200 1040 et
1225 993 1285 1040 ad
1311 992 1456 1040 fidem
1485 1008 1627 1041 manu
1654 993 1848 1058 propria
1867 1009 1944 1043 me
1968 993 2084 1043 sub-

308 1073 495 1137 scripsi.

373 1154 472 1220 Ego
525 1156 754 1205 Oliverius
806 1157 1062 1222 episcopus
1111 1158 1387 1208 Sabinensis
1439 1159 1693 1207 cardinalis
1742 1159 2081 1224 Neapolitanus

308 1242 540 1307 predicta,
554 1278 563 1289 .
576 1278 606 1288 ..

371 1330 471 1390 Ego
493 1328 682 1373 Marcus
704 1323 957 1387 episcopus
978 1322 1305 1383 PrenestinuS,
1331 1325 1585 1373 cardinalis
1607 1341 1646 1372 s.
1666 1325 1831 1386 Marci,
1852 1330 1945 1374 etc.

371 1413 471 1473 Ego
510 1408 722 1458 Julianus
762 1407 1014 1471 episcopus
1048 1407 1297 1467 Ostiensis,
1332 1409 1585 1456 cardinalis
1628 1425 1666 1456 s.
1701 1409 1829 1457 Petri
1868 1410 1926 1458 ad
1958 1410 2080 1461 Vin-

311 1493 500 1552 cula,...

373 1580 472 1639 Ego
518 1574 728 1639 Baptista
769 1574 1023 1639 episcopus
1073 1575 1385 1634 Tusculanus,
1437 1575 1692 1624 cardinalis
1739 1592 1778 1624 s.
1833 1576 1982 1626 Marie
2032 1577 2079 1625 in

308 1659 581 1718 Porticu,...

374 1746 473 1806 Ego
497 1742 767 1805 Stephanus
789 1742 1042 1790 cardinalis
1063 1742 1517 1801 Mediolanensis,...

371 1829 471 1889 Ego
491 1829 514 1872 J
520 1826 735 1873 ohannes
757 1823 1011 1872 cardinalis
1032 1823 1417 1883 Novariensis,...

373 1911 473 1972 Ego
494 1911 517 1956 J
523 1908 737 1956 ohannes
759 1908 970 1971 Baptista
990 1906 1243 1955 cardinalis
1264 1907 1627 1966 Melfitensis,...

371 1996 471 2056 Ego
511 1990 799 2039 Philibertus
834 1990 954 2037 tituli
994 1993 1271 2038 sanctorum
1308 1991 1539 2051 Johannis
1572 1995 1620 2039 et
1659 1992 1790 2040 Pauli
1831 1993 2085 2058 presbyter

308 2075 562 2125 cardinalis
583 2074 949 2123 Matisconensis
959 2115 967 2135 ,
979 2113 988 2121 .
1002 2112 1010 2121 .
1024 2114 1031 2121 .

371 2163 471 2224 Ego
493 2145 736 2206 Johannes
758 2158 1012 2206 cardinalis
1036 2176 1074 2206 s.
1098 2159 1350 2223 Angeli,...

365 2247 464 2307 Ego
487 2242 720 2305 Georgius
742 2241 995 2290 cardinalis
1017 2242 1435 2301 Ulixbonensis,...

371 2330 471 2390 Ego
494 2326 812 2389 Hieronymus
835 2325 1088 2372 cardinalis
1111 2325 1568 2383 Rechanatensis‚...

367 2413 467 2473 Ego
489 2407 678 2457 Gabriel
700 2407 953 2455 cardinalis
973 2408 1303 2471 AgriensiS,...

377 2497 476 2558 Ego
498 2490 777 2542 Dominicus
799 2490 1052 2538 cardinalis
1074 2507 1111 2537 s.
1139 2491 1478 2550 Clementis,...

371 2580 470 2641 Ego
492 2579 515 2624 J
520 2577 733 2625 ohannes
753 2574 1005 2623 cardinalis
1026 2576 1084 2623 de
1105 2576 1425 2638 Aragonia‚...

368 2664 467 2724 Ego
490 2661 730 2708 Johannes
751 2659 1002 2707 cardinalis
1024 2659 1082 2706 de
1105 2643 1450 2718 Comitihus,...

366 2747 466 2807 Ego
488 2744 729 2791 Johannes
751 2742 1003 2790 cardinalis
1024 2742 1429 2800 Gerundensis,...

295 2810 300 2814 ι
364 2830 463 2890 Ego
484 2830 507 2874 J
513 2827 727 2875 ohannes
748 2825 958 2874 Jacobus
980 2825 1231 2873 cardinalis
1254 2816 1608 2885 Parmensis,...

369 2913 469 2974 Ego
491 2908 772 2958 Franciscus
795 2909 1047 2956 cardinalis
1070 2909 1378 2969 Senensis,...

364 2997 464 3058 Ego
486 2993 697 3056 Raphael
718 2992 969 3040 cardinalis
992 3009 1030 3040 S.
1055 2993 1263 3057 Georgii,
1288 2992 1659 3050 camerarius,...

368 3078 468 3139 Ego
488 3078 511 3123 J
517 3076 731 3123 ohannes
752 3075 964 3139 Baptista
984 3076 1236 3124 cardinalis
1257 3076 1315 3123 de
1344 3074 1582 3133 Sabellis„
1596 3111 1625 3120 ..

369 3162 468 3221 Ego
489 3160 733 3208 Johannes
752 3159 1004 3208 cardinalis
1026 3161 1084 3208 de
1107 3160 1416 3218 Columna,...

367 3243 466 3304 Ego
488 3244 730 3299 Johannes
746 3243 958 3307 Baptista
978 3242 1231 3291 cardinalis
1252 3243 1310 3290 de
1334 3241 1599 3300 Ursinis,...

369 3326 467 3386 Ego
488 3326 721 3373 Ascanius
742 3326 907 3386 Maria,
933 3326 1186 3374 cardinalis
1208 3325 1396 3384 Sfortia,
1420 3325 1773 3383 vicecomes,...

363 3406 575 3466 Interim,
608 3409 825 3473 dumjhis
857 3410 1024 3457 diebus
1057 3408 1261 3473 capitula
1297 3425 1384 3472 per
1413 3410 1617 3456 RRmos.
1662 3411 1760 3456 DD.
1806 3407 2071 3456 cardinales
