2262 3958
336 353 405 388 336
934 350 1165 386 JOHANNIS
1199 350 1491 396 BURCHARDI,
1884 353 1987 393 [Mars
2010 354 2101 395 1489]

334 453 476 511 venit,
502 452 755 500 cardinalis
776 451 1134 515 Andegavensis
1166 468 1224 499 ex
1246 453 1372 500 Urbe
1400 453 1586 501 obviam
1615 453 1840 516 equitavit
1867 469 2017 517 usque
2039 453 2100 502 ad

337 536 582 583 Civitatem
611 537 837 583 Veterem
859 535 1143 597 predictam,
1170 551 1313 598 quem
1342 538 1534 584 Rmum.
1567 539 1623 583 D.
1650 537 1940 584 cardinalem
1967 551 2101 584 asso-

334 620 472 667 ciavit
505 618 647 666 etiam
683 622 736 665 R.
775 622 826 666 P.
872 621 927 668 D.
960 621 1014 667 N.
1062 619 1463 684 Archiepiscopus
1501 621 1816 680 Cusentinus3
1863 622 1924 669 ob
1956 635 2099 684 quam

334 708 494 751 tamen
537 719 729 750 causam
772 702 1024 750 cardinalis
1080 706 1126 750 et
1174 703 1563 767 archiepiscopus
1612 703 1813 767 predicti
1856 703 2101 752 Civitatem

332 789 558 836 Veterem
590 786 918 850 equitaverint,
961 786 1182 834 videlicet
1217 803 1277 834 an
1307 803 1394 851 pro
1422 787 1697 850 receptione
1725 786 1884 845 Turci,
1906 786 1981 833 vel
2011 800 2099 849 pro

335 870 643 918 certificando
666 869 890 918 custodes
912 869 991 932 qui
1015 870 1370 932 promotionem
1394 873 1684 918 RRmorum.
1718 872 1814 918 DD.
1838 867 2103 932 archiepis·-

334 953 442 1016 copi
475 952 808 1016 Lugdunensis
856 955 901 999 et
940 953 1154 1016 magistri
1197 953 1363 1001 militie
1402 953 1615 1017 predicte
1659 953 1720 1001 ad
1754 951 2102 1002 cardinalarem
2156 1013 2158 1015 q

337 1035 616 1098 dignitatem
636 1035 740 1083 heri
759 1035 935 1082 factam
957 1036 1294 1098 expectabant,
1317 1035 1391 1083 vel
1413 1036 1504 1084 alia
1528 1052 1688 1096 causa,
1714 1037 1901 1100 ignoro.

398 1118 659 1166 Redierunt
678 1118 738 1166 ad
757 1118 932 1166 Urbem
950 1118 1095 1166 iidem
1118 1119 1369 1166 cardinalis
1383 1123 1430 1168 et
1445 1120 1854 1184 archiepiscopUS,
1871 1119 1945 1167 die
1963 1132 2104 1166 vene-

338 1201 401 1248 ris
427 1204 482 1249 13
505 1201 660 1249 martii
681 1201 915 1264 presentis
938 1201 1065 1249 circa
1084 1201 1252 1249 horam
1275 1218 1369 1250 XVI.

402 1283 540 1332 Feria
562 1288 708 1343 sexta,
744 1287 799 1331 13
828 1283 1004 1342 martii,
1037 1284 1159 1332 hora
1183 1285 1414 1348 vigesima
1433 1286 1506 1334 vel
1525 1286 1669 1345 circa,
1694 1288 1812 1334 Gem
1833 1285 1990 1334 sultan
2013 1285 2105 1332 fra-

337 1370 407 1415 ter
425 1366 564 1415 Turci
586 1366 884 1430 supradictus
906 1366 1096 1414 intravit
1115 1368 1294 1416 Urbem
1312 1383 1459 1432 eques
1475 1385 1620 1432 supra
1637 1384 1732 1417 uno
1751 1385 1809 1416 ex
1826 1367 1961 1430 equis
1983 1366 2102 1414 albis

334 1449 518 1498 chineis
557 1450 861 1514 nuncupatis,
894 1451 980 1498 SS.
1014 1450 1194 1499 domini
1232 1452 1384 1500 nostri
1415 1468 1523 1500 cum
1565 1451 1788 1500 omnibus
1821 1452 1962 1514 prout
1993 1440 2103 1497 ante

332 1533 610 1596 pontificem
633 1533 928 1596 equitantem
963 1533 1072 1581 duci
1101 1534 1273 1594 solent,
1301 1551 1389 1598 per
1418 1539 1604 1599 portam
1633 1533 1901 1583 Portesiam
1928 1535 2104 1580 Trans-

331 1616 583 1665 tiberinam
615 1633 624 1665 :
651 1617 726 1665 cui
749 1617 806 1664 de
828 1616 1053 1664 mandato
1075 1619 1200 1680 Pape
1224 1617 1409 1665 obviam
1429 1620 1665 1666 venerunt
1685 1617 1862 1665 familie
1882 1615 2096 1665 cardina-

331 1699 447 1747 lium
469 1700 570 1748 sine
592 1699 805 1764 prelatis,
841 1699 1059 1748 videlicet
1083 1699 1332 1763 capellani,
1359 1706 1405 1748 et
1426 1701 1641 1749 scutiferi
1672 1691 1856 1749 tantum
1881 1715 2100 1748 reveren-

334 1783 641 1831 dissimorum
681 1782 988 1831 dominorum
1040 1783 1355 1831 cardinalium
1397 1784 1714 1848 Neapolitani,
1753 1801 1791 1832 s.
1828 1783 1993 1843 Marci,
2038 1783 2100 1830 de

335 1866 616 1925 ComitibuS,
640 1866 931 1924 Parmensis,
950 1866 1008 1913 de
1023 1868 1172 1925 Fuxo,
1196 1883 1234 1913 s.
1257 1867 1467 1930 Georgii,
1489 1867 1546 1914 de
1561 1866 1778 1925 Sabellis,
1795 1866 1853 1915 de
1867 1866 2096 1914 Columna

336 1953 382 1996 et
414 1948 472 1996 de
503 1944 699 2008 Ursinis,
737 1949 774 1996 si
802 1949 925 1997 bene
954 1948 1167 2007 memini,
1203 1953 1251 1997 et
1284 1966 1322 1996 s.
1360 1949 1617 1997 Clementis
1667 1968 1675 1997 :
1708 1949 1909 1998 aliorum
1941 1947 2096 1996 cardi-

332 2030 532 2090 nalium,
557 2031 594 2079 si
618 2036 748 2080 recte
778 2031 993 2090 memini,
1020 2032 1178 2079 nullus
1201 2032 1348 2091 misit,
1373 2032 1484 2080 licet
1510 2035 1637 2096 Papa
1666 2032 1881 2080 mandari
1907 2029 2102 2080 fecisset

332 2114 554 2162 omnibus
578 2130 687 2162 suas
710 2113 915 2161 familias
936 2112 1142 2171 mittere,
1165 2128 1261 2160 non
1279 2113 1487 2175 prelatos
1509 2130 1518 2173 ;
1545 2113 1762 2162 similiter
1787 2129 1896 2162 cum
1923 2111 2102 2161 familia

331 2199 458 2261 Pape
479 2200 712 2246 venerunt
733 2195 1009 2244 cubicularii
1041 2200 1087 2243 et
1110 2196 1321 2244 scutiferi
1352 2199 1553 2245 tantum.

398 2281 524 2328 Intra
555 2284 744 2344 portam
778 2294 947 2327 omnes
985 2283 1270 2342 receperunt
1304 2295 1415 2328 eum
1447 2280 1496 2327 in
1522 2280 1682 2340 medio
1711 2279 1890 2344 spacio,
1923 2277 2103 2327 birreta

332 2379 417 2411 sua
433 2364 730 2426 deponentes
751 2367 797 2411 et
817 2362 1039 2410 adstatim
1059 2367 1366 2426 reponentes.
1391 2366 1573 2411 Turcus
1595 2359 1755 2412 autem
1778 2367 1940 2427 caput,
1964 2377 2099 2410 more

332 2463 435 2507 suo,
460 2462 635 2510 magno
661 2447 765 2495 velo
798 2446 905 2494 albo
933 2448 1113 2493 tectum
1137 2446 1340 2506 habens,
1377 2446 1558 2494 nemini
1585 2445 1983 2509 discooperiebat,
2016 2443 2101 2491 sed

331 2534 516 2578 tantum
542 2546 710 2594 parum
742 2529 1019 2578 inclinabat.
1051 2529 1239 2577 Primus
1274 2545 1333 2576 ex
1365 2527 1543 2576 familia
1577 2528 1811 2591 cujusque
1845 2525 2100 2575 cardinalis

331 2613 487 2677 ipsum
508 2613 769 2676 recipiebat
791 2612 877 2660 sub
906 2612 1183 2677 hujusmodi
1210 2612 1361 2660 ferme
1387 2611 1543 2659 verbis
1576 2628 1585 2659 :
1622 2631 1644 2655 «
1675 2614 1840 2658 Rmus.
1877 2611 1935 2657 D.
1960 2624 2098 2657 meus

332 2695 593 2744 Cardinalis
613 2698 669 2744 N.
695 2695 753 2743 de
778 2695 1002 2743 mandato
1032 2697 1115 2743 SS.
1151 2697 1206 2742 D.
1240 2698 1294 2743 N.
1325 2710 1448 2758 pape
1478 2693 1621 2741 mittit
1649 2693 1837 2742 obviam
1866 2691 2100 2755 Magnitu-

332 2780 430 2829 dini
475 2785 631 2829 vestre
673 2780 798 2828 hanc
842 2795 976 2827 suam
1015 2777 1263 2837 familiam,
1298 2778 1357 2826 de
1399 2778 1602 2826 adventu
1635 2776 1760 2824 illius
1800 2774 2031 2840 gaudens,
2072 2794 2094 2817 »

332 2867 530 2927 excepto
551 2866 606 2911 D.
632 2865 775 2911 Petro
806 2862 1081 2910 caudatario
1108 2861 1312 2924 hispano
1341 2861 1465 2909 Rmi.
1497 2863 1554 2908 D.
1584 2858 1836 2908 cardinalis
1864 2874 1902 2905 s.
1930 2857 2094 2915 Marci,

330 2944 484 3008 primo
505 2943 684 2992 familie
706 2942 945 3007 ejusdem,
976 2943 1054 3005 qui
1094 2942 1141 2989 in
1178 2943 1268 2991 hac
1294 2948 1374 2991 aut
1404 2943 1544 2992 simili
1578 2943 1831 2992 verborum
1862 2939 2100 2996 sententia

333 3029 556 3078 eumdem
575 3029 760 3092 accepit
778 3028 941 3076 dicens
965 3043 974 3074 :
1006 3046 1028 3070 «
1052 3027 1369 3075 Serenissime
1401 3027 1646 3090 Princeps,
1678 3030 1844 3074 Rmus.
1879 3026 1937 3072 D.
1962 3038 2096 3071 meus

334 3111 585 3160 cardinalis
608 3128 646 3159 s.
671 3111 837 3170 Marci,
861 3125 1034 3174 magno
1058 3110 1232 3173 gaudio
1254 3110 1454 3158 affectus
1481 3114 1553 3159 est
1580 3108 1661 3156 ubi
1687 3102 1921 3156 intellexit
1950 3104 2096 3154 Celsi-

335 3193 546 3242 tudinem
581 3198 786 3243 vestram
828 3194 887 3241 ad
923 3194 1101 3242 Urbem
1142 3193 1483 3252 adventuram;
1523 3192 1855 3254 quamobrem,
1889 3194 1940 3238 ut
1970 3189 2095 3235 hanc

335 3276 478 3322 animi
499 3276 571 3323 sui
589 3277 939 3340 jucunditatem
962 3277 1255 3335 ostenderet,
1279 3275 1507 3323 familiam
1531 3290 1665 3323 suam
1687 3275 1746 3322 ad
1766 3274 1890 3321 illius
1911 3271 2096 3335 ingres-

336 3372 438 3417 sum
484 3360 819 3408 honorandum
859 3359 1003 3407 misit.
1045 3363 1200 3423 Rogat
1233 3375 1319 3407 sua
1355 3358 1617 3407 reverenda
1649 3356 1908 3406 dominatio
1942 3356 2093 3401 Deum

336 3441 567 3503 optimum
586 3445 844 3491 maximum
862 3443 1242 3506 omnipotentem
1258 3447 1307 3490 ut
1320 3442 1397 3491 hic
1419 3442 1680 3506 Majestatis
1696 3444 1849 3489 vestre
1868 3437 2094 3486 adventus
