2262 3958
133 296 288 339 [sanvier
308 297 398 339 1488]
578 295 747 332 RERUM
781 295 1085 333 URBANARUM
1118 294 1470 333 COMMENTARII.
1844 295 1913 330 287

132 401 253 451 bens
275 400 500 449 Ursinum
516 400 764 464 juniorem
786 400 1063 459 diaconum,
1088 399 1262 448 deinde
1285 399 1343 446 de
1373 396 1575 446 Sabellis
1597 399 1643 445 et
1662 396 1912 456 Columna,

133 483 327 533 tandem
365 484 599 532 Senensis
624 488 672 533 et
712 501 751 532 s,
791 484 985 548 Georgii
1021 483 1234 531 medium
1270 483 1508 530 habentes
1538 482 1831 532 cardinalem
1857 481 1916 529 de

133 569 297 626 Fuxo;
337 572 448 631 post
484 583 568 617 eos
616 568 808 632 prelati,
857 572 1074 616 oratores
1113 566 1484 631 archiepiscopi,
1527 566 1741 631 episcopi
1782 581 1918 614 more

134 650 300 710 solito;
337 654 555 700 oratores
590 651 700 700 laici
740 656 789 699 et
821 650 983 699 clerici
1026 666 1122 698 non
1159 650 1328 714 prelati
1369 650 1591 714 preibant
1626 653 1674 699 et
1702 649 1919 698 venimus

138 738 270 783 recta
299 734 374 783 via
396 736 533 800 juxta
558 735 739 783 flumen
765 749 930 781 versus
952 739 1161 781 castrum
1195 750 1234 780 s.
1265 734 1454 796 Angeli.
1492 737 1611 782 Cum
1632 733 1920 797 pertransis-

137 836 302 871 scmus
322 826 542 887 pontem,
568 819 837 869 cardinales
854 816 1083 866 Senensis
1105 820 1152 864 et
1174 832 1213 863 s,
1233 815 1427 879 Georgii
1448 817 1662 865 medium
1682 818 1919 865 habentes

135 906 429 956 cardinalem
466 906 526 954 de
556 907 688 953 Fuxo
718 904 882 952 locum
922 904 1190 960 cesserunt,
1231 905 1278 949 et
1309 900 1577 949 cardinales
1608 900 1668 948 de
1689 900 1921 948 Columna

139 994 188 1040 et
210 989 271 1039 de
293 989 493 1049 UrsiniS,
513 987 736 1053 juniores
755 986 961 1046 diaconi,
986 986 1198 1034 medium
1218 988 1526 1049 receperunt,
1553 983 1718 1047 sicque
1749 983 1810 1031 ad
1838 986 1922 1031 Pa-

134 1073 306 1122 latium
341 1075 684 1138 pervenerunt,
729 1071 809 1120 ubi
843 1086 952 1120 cum
990 1075 1153 1120 essent
1179 1069 1228 1118 in
1254 1069 1365 1119 aula
1393 1084 1571 1132 magna
1595 1071 1706 1116 ante
1744 1067 1919 1115 ostium

133 1171 278 1221 parve
305 1155 508 1220 capelle,
541 1170 712 1204 omnes
749 1154 1018 1203 cardinales
1045 1153 1283 1202 intrarunt
1307 1170 1475 1202 versus
1505 1153 1805 1217 pontificem,
1837 1168 1922 1201 ex-

133 1239 287 1304 ceptis
309 1239 632 1289 cardinalibus
657 1240 716 1287 de
746 1239 981 1288 Columna
1007 1242 1055 1288 et
1077 1239 1136 1287 de
1166 1238 1351 1287 Ursinis
1375 1238 1651 1304 junioribus
1685 1237 1918 1296 diaconis,

55 1366 59 1370 .
133 1323 217 1388 qui
233 1324 378 1372 ambo
393 1339 505 1373 cum
523 1323 767 1373 cardinale
790 1323 850 1372 de
865 1326 997 1372 Fuxo
1012 1323 1251 1371 intrarunt
1265 1339 1462 1388 parvam
1485 1322 1721 1387 capellam
1737 1321 1786 1369 in
1809 1337 1918 1385 qua,

135 1406 327 1458 bancho
355 1407 417 1457 ad
440 1407 683 1456 sinistram
711 1406 932 1456 intrantis
962 1407 1139 1472 posito,
1165 1411 1333 1472 parata
1364 1411 1468 1455 erat
1495 1406 1700 1471 spaleria
1724 1411 1772 1455 et
1803 1405 1924 1454 ban-

136 1491 296 1552 chata‚
323 1495 487 1556 tapete
513 1491 659 1540 etiam
695 1507 874 1556 magno
908 1507 996 1556 per
1022 1495 1202 1540 terram
1230 1495 1491 1556 prostrato,
1532 1490 1713 1540 ibidem
1748 1505 1926 1554 expec-

136 1579 312 1625 tantes.
335 1576 421 1624 SS.
446 1579 507 1625 D.
531 1577 588 1624 N.
613 1578 869 1640 postquam
888 1575 1157 1625 cardinales
1180 1576 1700 1640 advenerunt,paratus
1716 1573 1843 1623 venit
1865 1573 1927 1622 ad

136 1658 329 1708 tertiam
349 1658 510 1707 aulam
530 1674 618 1723 pro
637 1658 927 1707 consistorio
952 1664 1188 1724 paratam,
1212 1659 1292 1709 ubi
1318 1675 1489 1708 omnes
1507 1658 1775 1708 cardinales
1795 1673 1928 1706 rece-

135 1742 206 1808 pit
226 1742 287 1791 ad
310 1742 630 1792 reverentiam
656 1759 793 1792 more
826 1743 993 1802 solito;
1019 1744 1107 1792 fuit
1128 1744 1377 1793 contentio
1410 1744 1532 1792 inter
1555 1745 1613 1791 R.
1641 1746 1693 1791 P.
1717 1745 1774 1790 D.
1801 1741 1927 1790 Ulri-

137 1841 250 1876 cum
279 1826 679 1891 Frundisperger,
714 1826 924 1875 electum
953 1827 1303 1887 Tridentinum,
1336 1831 1580 1876 oratorem
1614 1824 1926 1874 illustrissimi

138 1908 436 1974 Sigismundi
468 1909 739 1959 archiducis
765 1910 956 1960 Austrie
994 1915 1041 1959 et
1072 1910 1193 1959 duos
1221 1914 1438 1960 oratores
1478 1910 1615 1959 ducis
1648 1913 1696 1959 et
1728 1908 1927 1957 dominii

133 1994 467 2054 venetiarum,
493 2010 549 2044 ac
571 1998 936 2044 conservatores
965 2011 1159 2045 camere
1181 1996 1337 2045 Urbis.
1360 1998 1481 2044 Nam
1509 2000 1727 2044 oratores
1754 1993 1928 2045 Veneti

134 2077 345 2128 electum
366 2083 613 2128 oratorem
631 2079 903 2128 archiducis
924 2079 1168 2143 negabant
1184 2084 1232 2128 et
1249 2084 1616 2128 conservatores
1639 2078 1830 2142 utrique
1850 2093 1931 2126 ce-

137 2161 254 2212 dere
268 2162 521 2223 nolebant;
554 2163 640 2212 sed
662 2165 746 2212 SS.
771 2165 829 2211 D.
852 2166 908 2212 N.
928 2167 985 2212 D.
1010 2163 1209 2214 Venetis
1234 2164 1381 2213 fidem
1402 2164 1517 2213 fecit
1539 2164 1747 2212 electum
1769 2162 1930 2212 archi-

137 2245 274 2295 ducis
295 2250 539 2296 oratorem
562 2247 785 2308 existere,
811 2248 887 2296 cui
918 2253 1176 2312 propterea
1195 2248 1290 2296 hoc
1315 2248 1563 2297 intellecto
1585 2247 1758 2298 Veneti
1779 2246 1929 2295 libere

137 2334 391 2380 cesserunt
420 2335 469 2380 et
493 2330 537 2379 ei
563 2330 774 2395 primum
804 2332 967 2381 locum
995 2332 1256 2392 dederunt;
1290 2337 1337 2382 et
1367 2331 1784 2382 conservatoribus
1808 2336 1857 2379 ut
1883 2335 1932 2380 et

131 2413 226 2478 ipsi
246 2429 335 2479 pro
355 2415 448 2464 hac
475 2414 578 2464 vice
601 2415 830 2466 cederent
850 2416 1093 2465 mandavit
1118 2435 1127 2465 ε
1156 2417 1296 2482 cujus
1312 2417 1550 2467 mandatis
1566 2420 1931 2466 conservatores

137 2513 311 2564 parere
331 2498 554 2548 nolentes
575 2499 919 2550 consistorium
945 2501 1210 2551 exiverunt.

205 2585 352 2632 Facta
377 2584 648 2633 reverentia
687 2601 715 2633 a
749 2586 1091 2647 cardinalibuS,
1120 2585 1351 2635 sederunt
1386 2601 1557 2635 omnes
1592 2589 1641 2635 ct
1672 2585 1930 2634 advocatus

140 2666 404 2716 Perusinus
428 2668 681 2732 proposuit
706 2670 965 2733 quamdam
993 2686 1190 2719 causam
1217 2674 1386 2719 contra
1405 2686 1690 2735 processum
1720 2669 1769 2718 in
1800 2684 1857 2717 ea
1882 2668 1930 2715 in

143 2750 447 2816 parlamento
464 2751 717 2816 parisiensi
734 2753 955 2803 habitum
969 2771 978 2814 ;
994 2771 1090 2819 qua
1106 2755 1259 2816 finita,
1283 2757 1340 2803 D.
1358 2758 1381 2804 J
1388 2754 1657 2804 ustinianus
1673 2753 1931 2802 advocatus

139 2833 245 2883 fisci
277 2834 530 2899 proposuit
569 2835 717 2884 alium
752 2837 958 2887 similem
987 2854 1292 2903 processum,
1329 2839 1378 2887 in
1415 2840 1552 2904 cujus
1589 2836 1930 2903 propositionis

140 2917 376 2983 principio
398 2918 647 2968 exiverunt
674 2920 734 2969 de
758 2921 1047 2971 consistorio
1075 2923 1241 2972 RRmi.
1269 2925 1370 2971 DD.
1398 2923 1626 2972 Senensis
1652 2926 1699 2971 et
1719 2937 1934 2970 camera-

141 2994 262 3060 rius,
285 2999 427 3065 primi
458 3001 651 3051 diaconi
681 3003 966 3065 cardinales,
998 3005 1231 3054 confectis
1261 3006 1559 3066 reverentiis,
1587 3005 1792 3054 caudam
1817 3020 1932 3067 cap-

142 3101 316 3150 parum
335 3101 532 3134 suarum
549 3090 658 3151 post
680 3103 731 3137 se
753 3089 1021 3150 trahenteS,
1047 3105 1201 3153 usque
1220 3094 1355 3139 extra
1373 3093 1567 3154 portam
1587 3087 1932 3138 consistorialis

143 3169 253 3219 aule
277 3174 327 3219 et
348 3169 590 3220 intrarunt
603 3188 798 3236 parvam
817 3174 1053 3238 capellam
1072 3174 1132 3222 ad
1153 3173 1260 3222 illos
1281 3178 1378 3222 tres
1400 3172 1688 3232 cardinales,
1714 3171 1795 3220 ubi
1822 3187 1933 3220 cum

147 3259 330 3314 essent,
351 3255 608 3304 cardinalis
624 3257 682 3306 de
702 3257 938 3306 Columna
952 3258 1069 3307 etde
1086 3258 1268 3307 Ursinis
1284 3257 1473 3306 iverunt
1486 3258 1547 3306 ad
1567 3255 1928 3317 consistorium,

144 3337 365 3388 fecerunt
385 3340 702 3389 reverentiam
732 3344 860 3407 Pape
888 3347 936 3392 et
957 3342 1187 3392 sederunt
1209 3343 1270 3392 ad
1288 3343 1392 3392 loca
1417 3358 1527 3402 sua3
1554 3340 1728 3405 quibus
1749 3340 1798 3387 in
1812 3339 1931 3389 locis

146 3421 246 3470 suis
267 3421 565 3485 sedentibUS,
605 3423 709 3475 sine
738 3441 877 3475 mora
906 3426 1147 3476 intrarunt
1168 3426 1398 3477 Senensis
1419 3430 1467 3475 et
1495 3424 1793 3475 camerarius
1820 3440 1930 3473 cum
