2262 3958
323 302 391 337 476
764 339 765 342 Ἴ
928 297 1157 335 JouANNts
1192 299 1484 346 BURCHARDI,
1894 306 1974 349 [nai
1997 305 2088 349 1492]

324 415 408 448 eos
427 400 613 463 legatos
636 399 694 448 de
711 399 860 447 latere
883 398 1127 448 constituit
1156 402 1204 447 et
1223 400 1426 459 creavit-;
1467 401 1548 463 qui
1571 404 1734 452 RRmi.
1754 406 1877 463 DD.,
1895 408 1946 452 ut
1971 404 2088 453 obe-

323 483 499 532 dientie
518 483 619 542 filii,
645 483 705 531 ob
728 498 923 531 causam
950 482 1225 546 hujusmodi
1254 498 1312 531 ex
1344 483 1469 531 Urbe
1510 484 1584 532 die
1620 485 1743 548 Jovis
1780 490 1841 534 24
1872 487 2090 551 ejusdem

323 566 503 614 mensis
523 569 848 615 recesserunt.

387 649 612 708 SabbatO,
657 651 716 698 26
739 648 868 708 maii,
898 649 1021 699 hora
1044 649 1275 713 vigesima
1300 649 1454 714 prima
1480 648 1554 697 vel
1590 648 1736 710 circa,
1778 666 1864 714 per
1894 656 2081 715 portam

322 731 543 784 Viridarii
559 732 858 781 intraverunt
872 731 1113 795 magnifici
1131 732 1311 780 domini
1335 732 1560 781 Nicolaus
1579 731 1786 780 Michael
1807 736 1853 780 et
1873 734 2088 784 Andreas

328 815 538 879 CapeIIO,
566 815 754 878 patricii
773 816 964 874 Veneti,
989 815 1133 863 illust.
1166 814 1366 863 dominii
1403 818 1696 866 Venetorum
1719 819 1952 876 oratoreS,
1975 832 2096 880 quo-

324 914 430 947 rum
448 899 649 962 primuS,
673 898 891 948 videlicet
913 901 970 947 D.
996 898 1220 948 Nicolaus
1242 899 1466 959 Michael,
1489 899 1773 948 constitutus
1811 898 1901 947 fuit
1935 904 2097 949 orator

325 982 386 1032 ad
412 997 578 1045 regem
620 981 1004 1045 Neapolitanum,
1041 981 1162 1030 alter
1199 997 1309 1030 vero
1356 982 1418 1030 ad
1450 982 1809 1030 sanctissimum
1841 981 2093 1031 dominum

325 1069 539 1113 nostrum
562 1080 735 1129 papam
759 1080 768 1123 ;
790 1064 871 1128 qui
898 1065 1078 1129 recepti
1099 1065 1294 1113 fuerunt
1324 1080 1351 1112 a
1377 1065 1568 1113 familiis
1596 1067 1679 1113 SS.
1714 1068 1772 1113 D.
1809 1067 1865 1113 N.
1892 1080 2021 1129 pape.
2045 1053 2092 1114 et

326 1151 614 1197 RRmorum.
660 1150 760 1196 DD.
804 1147 1117 1196 cardinalium
1156 1153 1203 1197 et
1250 1163 1399 1211 usque
1440 1148 1500 1196 ad
1536 1149 1732 1197 domum
1778 1146 2090 1196 habitationis

326 1247 492 1279 eorum
514 1245 649 1278 more
672 1230 813 1278 solito
835 1230 1075 1278 associati.

392 1313 630 1362 Schedula
663 1313 852 1375 publice
882 1313 1273 1377 proclamationis
1309 1331 1396 1378 per
1427 1314 1606 1363 Urbem
1642 1314 1860 1363 faciende
1889 1331 1976 1379 pro
2010 1316 2095 1365 ad-

323 1401 463 1445 ventu
485 1396 793 1444 sacratissimi
811 1396 923 1445 ferri
943 1397 1130 1458 lancee,
1173 1414 1317 1462 quam
1339 1398 1398 1447 de
1427 1397 1768 1446 commissione
1799 1401 2089 1448 RRmorum.

325 1483 424 1528 DD.
453 1479 777 1528 Beneventani
811 1484 858 1528 et
895 1472 1347 1530 sancte‘Anastasie
1390 1480 1703 1529 cardinalium
1739 1480 1848 1530 dedi
1888 1481 2093 1532 auditori

326 1561 658 1626 gubernatoris
686 1562 842 1621 Urbis,
868 1562 942 1611 die
970 1564 1173 1622 sabbati,
1204 1564 1437 1627 vigesima
1458 1568 1592 1613 sexta
1611 1564 1725 1612 dicti
1753 1564 1932 1614 mensis
1954 1565 2091 1624 maii;

326 1646 495 1694 eadem
516 1645 591 1693 die
613 1645 895 1708 exequenda
917 1662 927 1693 ε
953 1661 1045 1709 que
1075 1650 1237 1695 tamen
1260 1661 1357 1694 non
1386 1646 1574 1706 eadem,
1613 1647 1699 1695 sed
1719 1646 1795 1695 die
1816 1647 1929 1698 lune
1962 1649 2096 1713 vige-

330 1729 451 1777 sima
471 1732 638 1776 octava
658 1728 875 1791 ejusdem
898 1729 1077 1777 mensis
1092 1729 1181 1778 fuit
1202 1733 1458 1793 exequuta.

396 1832 419 1856 «
445 1812 720 1860 Publicetur
753 1812 851 1860 sive
879 1813 1204 1876 proclametur
1223 1828 1309 1876 per
1345 1813 1522 1861 Urbem
1542 1813 1687 1861 hodie
1715 1830 1804 1878 per
1835 1815 2091 1865 officialem

332 1895 551 1959 Capitolii
574 1895 748 1943 adhoc
778 1896 1068 1955 ordinatum,
1103 1896 1160 1943 de
1200 1896 1424 1943 mandato
1457 1898 1538 1945 SS.
1570 1897 1752 1945 domini
1781 1899 1932 1946 nostri
1952 1914 2094 1963 pape,

328 1978 456 2042 quod
492 1977 568 2025 die
604 1978 729 2041 jovis
770 1978 940 2025 ultima
971 1978 1132 2042 hujus,
1160 1978 1282 2027 festo
1308 1978 1616 2027 Ascensionis
1644 1978 1889 2027 salvatoris
1926 1981 2097 2040 nostri,

329 2061 456 2109 bono
477 2055 637 2119 mane,
661 2061 897 2109 Sanctitas
917 2077 1003 2109 sua
1023 2061 1255 2124 equitabit
1279 2061 1338 2108 ad
1365 2065 1554 2125 portam
1585 2060 1749 2119 Urbis,
1767 2052 1904 2124 juxta
1933 2061 2091 2133 eecle-

329 2143 449 2191 siam
482 2144 623 2191 beate
656 2144 807 2190 Marie
839 2143 898 2191 de
936 2143 1137 2207 Populo,
1178 2160 1265 2207 per
1304 2160 1447 2207 quam
1482 2143 1681 2192 intrabit
1719 2126 2100 2192 sacratissimum

330 2228 511 2276 ferrum
531 2226 763 2290 quolatus
780 2229 837 2275 D.
865 2229 922 2275 N.
948 2228 1061 2275 Jesu
1083 2227 1258 2275 Christi
1279 2228 1328 2275 in
1350 2242 1493 2275 cruce
1510 2241 1596 2291 pro
1620 2226 1772 2274 salute
1795 2231 1955 2275 nostra
1977 2242 2099 2291 pen-

331 2311 486 2359 dentis
507 2314 726 2373 apertum
751 2314 824 2358 est
843 2313 890 2358 et
914 2310 1095 2358 ibidem
1125 2311 1279 2374 ipsam
1298 2311 1518 2358 lanceam
1541 2326 1566 2357 e
1589 2309 1811 2357 manibus
1828 2310 2099 2374 legatorum

333 2395 534 2458 recipiet
555 2398 600 2441 et
621 2393 1044 2457 processionaliter
1069 2394 1280 2457 portabit
1304 2394 1433 2452 inde,
1465 2394 1541 2441 via
1575 2396 1708 2440 recta
1729 2393 1868 2456 juxta
1897 2393 2096 2452 flumen,

333 2478 393 2526 ad
421 2481 632 2524 castrum
663 2475 815 2523 sancti
854 2476 1048 2538 Angeli,
1091 2492 1177 2539 per
1202 2476 1329 2524 viam
1362 2480 1544 2524 rectam
1575 2491 1726 2538 usque
1755 2476 1815 2524 ad
1852 2475 2099 2526 basilicam

335 2560 486 2608 sancti
510 2547 638 2607 Petri
662 2574 671 2605 :
694 2562 968 2622 propterea,
992 2562 1044 2606 ut
1062 2558 1302 2621 condigno
1335 2559 1521 2606 honore
1544 2562 1591 2606 et
1610 2558 1920 2607 veneratione
1946 2559 2099 2607 susci-

333 2644 491 2708 piatur
509 2646 556 2690 et
574 2641 871 2706 deportetur,
916 2641 1071 2687 omnis
1096 2641 1170 2688 via
1192 2640 1313 2688 bene
1335 2640 1611 2699 mundetur,
1643 2640 1841 2689 floribus
1864 2646 1911 2689 et
1933 2641 2098 2690 herbis

333 2729 657 2791 proservetur,
679 2730 726 2772 et
745 2715 917 2788 pannis
939 2728 987 2771 et
1010 2724 1160 2772 auleis
1176 2729 1396 2783 ornetur3
1421 2728 1485 2784 et,
1502 2724 1582 2788 qui
1604 2730 1820 2788 possunt,
1845 2725 2098 2773 commode

336 2810 614 2873 cooperiant
632 2808 775 2867 viam,
807 2811 854 2855 et
881 2807 1037 2855 omnis
1069 2807 1274 2872 populus
1306 2823 1415 2855 cum
1443 2807 1697 2856 devotione
1733 2809 2097 2872 processionem

336 2898 562 2956 sequatur
582 2907 692 2940 cum
721 2890 931 2938 candelis
959 2891 1200 2938 accensis.
1234 2894 1337 2948 Qua
1360 2891 1502 2950 facta,
1527 2890 1703 2939 dicitur
1727 2890 1875 2938 missa
1894 2890 1943 2938 in
1971 2890 2097 2939 dicta

335 2976 562 3033 basilica3
594 2980 641 3022 et
669 2990 728 3023 ea
754 2974 891 3022 finita
912 2975 995 3022 SS.
1031 2976 1087 3022 D.
1122 2976 1178 3022 N.
1211 2974 1341 3022 dabit
1371 2973 1612 3038 publicam
1637 2977 1683 3022 et
1709 2973 1978 3022 solemnem
2008 2974 2091 3022 be-

333 3059 659 3108 nedictionem
679 3058 729 3106 in
741 3057 850 3105 loco
873 3062 1103 3105 consueto
1126 3063 1174 3105 et
1193 3056 1433 3121 plenarias
1455 3057 1790 3121 indulgentias.
1823 3076 1845 3100 »

396 3142 636 3191 Schedula
668 3141 979 3189 intimationis
1014 3141 1233 3189 faciende
1266 3140 1456 3188 RRmis.
1498 3142 1598 3188 DD.
1637 3140 1972 3201 cardinalibus,
2005 3156 2092 3204 pro

333 3226 408 3273 die
447 3225 654 3273 crastina
680 3225 806 3272 inter
843 3224 1081 3273 decimam
1113 3228 1325 3272 octavam
1357 3227 1402 3270 et
1429 3223 1665 3291 decimam
1694 3239 1872 3272 nonam
1903 3224 2089 3282 horam,

333 3322 390 3355 ex
411 3308 748 3356 commissione
771 3310 869 3355 DD.
899 3306 1219 3355 Beneventani
1242 3311 1288 3354 et
1309 3310 1472 3353 sancte
1490 3306 1739 3354 Anastasie
1761 3305 2090 3361 cardinalium,

332 3391 605 3438 cursoribus
632 3391 741 3439 data
767 3391 843 3439 die
868 3390 1053 3439 sabbati
1079 3388 1279 3452 predicti
1307 3403 1392 3451 pro
1423 3387 1632 3436 adventu
1658 3387 1886 3451 principis
1914 3389 2090 3449 Capue.
