2262 3958
179 276 443 323 [Fevrier1488]
629 277 798 315 RERUM
832 277 1136 316 URBANARUM
1170 277 1520 316 COMMENTARII.
1893 283 1960 319 291

212 398 215 400 ·
246 385 351 440 Quo
365 382 513 441 facto,
535 382 630 430 duo
664 381 855 432 diaconi
885 380 1152 430 cardinales
1183 386 1415 430 venerunt
1443 381 1504 430 ad
1530 381 1851 430 assistendum
1875 384 1958 430 SS.

178 470 235 517 D.
273 469 351 528 N„
388 467 612 516 omnibus
647 468 751 516 aliis
787 466 1109 516 cardinalibus
1145 470 1193 514 et
1219 465 1415 530 prelatis
1446 465 1596 513 firmis
1632 466 1681 513 in
1713 465 1833 514 locis
1868 465 1963 512 suis

177 551 499 601 manentibus.
527 554 658 601 Tunc
677 551 914 601 intrarunt
941 566 1030 614 per
1053 549 1409 609 consistorium,
1434 550 1494 598 ad
1520 549 1783 599 secundam
1804 549 1963 597 aulam

178 635 492 697 divertenteS,
547 635 742 685 circiter
793 638 988 683 centum
1040 633 1212 694 Mauri,
1271 633 1445 698 singuli
1502 634 1716 698 singulos
1762 632 1964 681 annulos

175 734 373 784 grossos
405 720 590 770 ferreos
624 720 683 768 ad
725 718 903 766 collum
931 717 1187 775 habenteS,
1221 716 1368 780 longa
1397 722 1570 765 catena
1591 721 1650 773 ,et
1680 717 1793 765 fune
1822 715 1963 764 simul

173 803 324 868 ligati,
355 803 458 869 pari
488 803 658 852 habitu
691 817 862 851 omnes
891 799 1063 859 induti,
1093 815 1215 863 quos
1247 803 1441 848 secutus
1469 805 1542 848 est
1572 801 1767 863 quidam
1802 803 1965 848 orator

173 888 301 953 regis
317 887 546 952 Hispanie
568 891 616 936 et
637 885 821 951 regine,
841 884 920 948 qui
936 899 1102 932 coram
1124 884 1209 931 SS.
1229 885 1287 930 D.
1310 886 1366 931 N,
1389 883 1691 947 genuflexus,
1717 883 1961 932 osculatus

173 974 247 1020 est
272 972 379 1037 ejus
404 970 580 1035 pedem
617 973 807 1018 tantum
835 973 883 1017 et
909 966 1203 1032 presentavit
1233 965 1396 1014 literas
1420 966 1719 1030 prefatorum
1750 967 1877 1031 regis
1916 971 1963 1016 et

173 1053 360 1118 regine,
385 1053 563 1119 vulgari
588 1053 794 1119 hispano
826 1052 1046 1117 scriptas,
1076 1067 1195 1115 quas
1225 1053 1285 1118 R,
1319 1053 1374 1098 P.
1406 1053 1463 1098 D.
1501 1050 1811 1099 Antoniottus
1833 1051 1962 1115 epis-

169 1153 322 1203 copus
351 1137 619 1199 Auriensis,
651 1138 881 1198 datarius,
909 1136 1102 1201 publice
1130 1134 1264 1199 legit,
1296 1134 1603 1184 continentes
1631 1135 1760 1198 quod
1786 1135 1961 1200 prefati

168 1236 255 1271 rex
288 1226 337 1271 et
366 1222 535 1287 regina
555 1222 810 1271 mittebant
838 1219 1089 1270 Sanctitati
1121 1236 1204 1268 sue
1235 1222 1432 1267 centum
1466 1221 1680 1279 Mauros,
1711 1219 1839 1267 inter
1868 1219 1962 1268 alia

153 1303 323 1370 spolia
355 1308 508 1354 estate
551 1298 785 1369 preterita
819 1303 870 1352 in
899 1301 1116 1362 victoria,
1152 1318 1298 1366 quam
1339 1308 1509 1353 contra
1546 1319 1712 1368 regem
1751 1306 1960 1353 Granate

167 1388 463 1451 habuerunt,
480 1393 668 1454 eaptOS,
684 1405 806 1454 quos
820 1387 1098 1438 Sanctitatis
1117 1404 1201 1436 sue
1224 1387 1352 1436 dono
1374 1387 1614 1436 dabantet
1635 1387 1796 1452 plures
1817 1387 1957 1448 alios,

166 1455 408 1537 quatenus
430 1473 681 1522 Sanctitati
701 1489 784 1522 sue
805 1473 1038 1538 placeret,
1061 1473 1258 1521 daturos
1280 1473 1550 1522 offerebant
1573 1472 1654 1539 (1).

230 1556 390 1607 Lectis
406 1552 578 1618 literis,
605 1561 768 1607 orator
787 1557 867 1606 ille
890 1556 1051 1621 aliqua
1072 1557 1218 1606 verba
1235 1557 1520 1621 genuflexus
1539 1572 1705 1606 coram
1727 1556 1958 1622 pontifice

170 1640 393 1706 exposuit
417 1657 427 1691 ε
451 1641 668 1705 pontifex
702 1641 968 1706 respondit.
1006 1644 1256 1692 Venerunt
1289 1641 1464 1690 deinde
1497 1641 1675 1690 familie
1709 1645 1957 1690 oratorum

166 1724 512 1790 predictorum,
551 1728 880 1774 Romanorum
915 1730 962 1773 et
991 1725 1221 1789 Hispanie
1246 1741 1435 1790 regum,
1467 1726 1527 1774 ad
1554 1725 1777 1775 osculum
1816 1725 1954 1790 pedis

166 1810 314 1874 Pape,
333 1809 417 1874 qui
438 1808 614 1858 deinde
634 1809 840 1858 surrexit
862 1812 909 1858 et
937 1808 1078 1858 rediit
1105 1809 1166 1856 ad
1187 1824 1453 1869 cameram,
1478 1809 1606 1858 dicto
1626 1809 1873 1859 Bernardo
1895 1809 1955 1858 de

166 1891 384 1942 Pothaim
404 1897 595 1942 oratore
612 1893 815 1942 caudam
833 1893 1052 1958 pluvialis
1076 1896 1202 1958 Pape
1225 1910 1361 1942 more
1382 1894 1523 1943 solito
1545 1894 1813 1944 deferente.

191 2003 202 2005 ·>
225 1976 328 2027 Hoc
348 1980 492 2026 mane
514 1978 570 2026 R.
597 1980 650 2026 P.
685 1980 740 2026 D.
775 1978 1022 2027 Johannes
1056 1978 1314 2043 episcopus
1341 1979 1682 2040 Tornacensis,
1722 1979 1955 2044 magister

160 2058 335 2110 domus
353 2061 516 2126 palatii
535 2061 806 2126 apostolici,
831 2061 890 2110 de
914 2062 1141 2111 mandato
1161 2064 1245 2111 SS.
1265 2065 1320 2110 D.
1345 2065 1400 2112 N.
1419 2079 1561 2128 pape,
1583 2079 1695 2112 cum
1714 2063 1954 2127 aliquibus

159 2143 465 2195 cubiculariis
504 2149 553 2194 et
590 2145 828 2194 scutiferis
875 2148 1021 2210 Pape,
1064 2146 1319 2195 associavit
1357 2147 1603 2211 predictos
1638 2152 1856 2197 oratores
1894 2163 1952 2197 ex

159 2227 306 2299 domo
328 2244 499 2278 eorum
513 2228 773 2278 residentie
787 2245 939 2294 usque
957 2229 1018 2278 ad
1038 2229 1268 2294 palatium
1289 2230 1351 2278 ad
1367 2246 1612 2280 cameram
1635 2231 1952 2296 apostolicam

161 2312 245 2362 ubi
265 2317 607 2378 expectarunt3
633 2313 763 2363 idem
795 2313 940 2363 etiam
972 2314 1194 2363 fecerunt
1222 2315 1549 2379 superioribus
1571 2316 1710 2364 annis
1733 2321 1951 2366 oratores

159 2396 290 2461 regis
326 2397 527 2447 Francie
563 2414 652 2463 pro
693 2397 970 2447 obedientia
1007 2398 1270 2463 prestanda
1309 2399 1464 2459 missi,
1509 2403 1675 2465 preter
1707 2401 1954 2465 antiquam

159 2482 588 2542 consuetudinem3
633 2482 779 2532 credo
812 2486 974 2531 tamen
1012 2482 1061 2530 id
1095 2487 1259 2531 actum
1296 2500 1404 2533 esse
1437 2485 1494 2532 ad
1530 2485 1706 2549 prefati
1735 2485 1950 2550 episcopi

160 2565 482 2614 Tornacensis
503 2564 894 2630 instantiam‚qui
909 2565 985 2614 his
1001 2565 1173 2615 mediis
1193 2566 1389 2630 placere
1412 2567 1597 2616 studuit
1621 2571 1950 2617 Romanorum

162 2650 212 2697 et
244 2644 542 2698 Francorum
574 2650 789 2714 regibus,
822 2650 872 2698 in
912 2665 1116 2714 quorum
1153 2650 1380 2700 dominiis
1415 2652 1623 2701 ecclesia
1661 2656 1709 2701 et
1742 2652 1949 2702 diecesis

159 2732 481 2781 Tornacensis
507 2731 597 2783 site
628 2738 758 2794 sunt,
787 2735 924 2799 cujus
955 2734 1160 2784 ecclesie
1188 2732 1551 2799 possessionem
1586 2736 1714 2785 idem
1745 2740 1802 2786 D,
1834 2739 1949 2785 Tor-

160 2813 386 2865 nacensis
400 2817 617 2866 nondum
635 2817 818 2867 habere
835 2818 1008 2882 potuit.

227 2898 389 2949 Prima
426 2899 672 2950 dominica
711 2902 1030 2967 sexagesime,
1071 2919 1164 2967 que
1195 2905 1282 2953 fuit
1337 2909 1395 2954 10
1434 2905 1662 2954 februarii
1695 2920 1846 2968 usque
1886 2905 1948 2953 ad

162 2983 320 3032 carnis
340 2983 561 3048 privium,
588 2987 671 3035 SS.
699 2988 756 3034 D.
794 2989 850 3035 N.
889 3003 948 3035 ex
979 3002 1175 3036 camera
1209 2989 1349 3038 Urbis
1378 2990 1600 3054 exposuit
1621 2989 1764 3055 pallia
1789 2989 1944 3037 diver-

162 3083 328 3117 sorum
349 3069 548 3118 sortium
566 3086 654 3135 pro
675 3069 942 3120 volentibus
964 3087 1178 3132 currere,
1197 3073 1418 3123 videlicet
1435 3090 1522 3138 pro
1543 3077 1566 3122 J
1573 3074 1724 3123 udeis.

199 3241 240 3279 -1.
269 3240 321 3279 Le
335 3253 428 3291 pape
442 3239 483 3279 fit
498 3241 586 3279 faire
604 3241 787 3291 plusieurs
808 3243 878 3281 lots
897 3243 943 3281 de
962 3256 1024 3282 ces
1041 3245 1279 3283 malheureux
1293 3249 1330 3283 et
1344 3245 1397 3283 les
1417 3247 1598 3284 distribue
1617 3259 1662 3284 en
1683 3247 1847 3285 cadeaux
1869 3259 1942 3285 aux

159 3302 363 3339 cardinaux
388 3306 425 3339 et
450 3313 522 3339 aux
550 3302 725 3351 premiers
754 3303 920 3353 citoyens
946 3304 991 3341 de
1017 3304 1052 3341 la
1076 3305 1172 3342 ville.
1195 3321 1241 3333 -ι
1273 3305 1433 3352 Rinaldi,
1456 3311 1483 3344 t.
1512 3307 1630 3350 XXX,
1653 3319 1688 3356 p.
1713 3308 1795 3351 138,
1817 3315 1859 3344 n⁰
1882 3310 1944 3354 15,

158 3361 404 3460 Ξὲιὶεὶῗὲἔτίο
423 3362 466 3398 di
480 3362 602 3399 Roma
623 3363 684 3402 del
697 3363 861 3412 Notajo‚
878 3369 962 3413 etc.‚
979 3365 1071 3403 dans
1088 3365 1237 3412 Murat„
1250 3365 1336 3404 Ber.
1355 3367 1451 3403 Ital.
1473 3367 1634 3415 Script„
1647 3371 1674 3404 t.
1689 3367 1752 3412 111,
1774 3370 1813 3404 2⁰
1830 3373 1940 3418 part„
