2262 3958
170 286 393 331 [septembre
413 284 504 328 1484]
609 283 779 322 RERUM
794 323 797 325 ,
811 280 1118 323 URBANARUM
1151 280 1503 320 COMMENTARH.
1891 286 1959 323 105

237 393 472 442 Pervento
493 389 556 439 ad
574 388 722 439 altare
745 389 918 453 majuS‚
943 389 1072 452 Papa
1097 385 1349 435 descendit
1378 386 1438 435 de
1467 386 1581 436 sede
1609 403 1753 452 quam
1782 387 1953 437 soldati

169 477 215 527 vi
245 480 529 540 rumpentes
562 477 611 524 et
647 474 918 523 lacerantes
949 469 1039 518 sibi
1070 469 1383 519 vendicarunt
1414 468 1475 535 (1)
1517 473 1564 519 et
1592 470 1876 534 genuflexus
1906 471 1955 523 in

167 559 452 619 faldistorio,
469 556 689 622 deposito
711 569 880 619 regne,
905 550 1073 601 oravit.

236 646 381 694 Facta
412 642 649 702 oratione,
693 640 893 702 accepta
928 635 1088 694 mitra,
1122 637 1340 686 ascendit
1371 636 1432 686 ad
1460 637 1627 686 sedem
1660 638 1957 689 eminentem

172 743 498 779 marmoream
541 726 592 774 in
623 723 813 774 tribuna
846 719 984 768 solita
1016 722 1234 783 paratam
1275 719 1335 785 (2)
1370 721 1450 769 ubi
1490 721 1624 785 prior
1653 726 1701 771 et
1734 723 1955 773 canonici

171 814 504 863 lateranenses
539 814 717 875 Papam
755 806 926 855 sedere
959 804 1196 863 fecerunt,
1234 804 1362 867 quod
1388 805 1553 869 jacere
1593 807 1845 856 videbatur
1878 809 1957 875 (3).

174 902 279 957 Quo
300 897 370 946 sic
390 896 606 954 sedente,
626 890 894 941 cardinales
910 904 1080 937 omnes
1102 904 1216 936 eum
1233 888 1504 937 honorifice
1527 890 1774 939 elevarunt
1797 892 1961 940 dicen—

172 986 246 1032 tes
267 979 328 1047 (4)
354 996 366 1029 :
387 977 600 1028 Suscitat
615 975 673 1023 de
687 974 883 1039 pulvere
903 989 1124 1038 menum,
1150 980 1198 1021 et
1216 973 1272 1021 de
1290 981 1491 1021 stercore
1516 975 1660 1039 eriqit
1673 992 1953 1040 pauperem,

171 1064 401 1115 meedeat
412 1078 520 1111 cum
529 1060 839 1126 principibuS,
859 1067 905 1108 et
920 1059 1090 1108 solium
1103 1058 1254 1123 qlorz'e
1269 1066 1437 1107 teneat.
1456 1062 1559 1117 Quo
1577 1059 1724 1120 facto,
1740 1061 1958 1125 pontifex

167 1147 356 1213 accepit
374 1145 642 1211 degremio
670 1147 727 1194 D.
760 1143 982 1193 Falconis
1010 1143 1296 1193 thesaurarii
1328 1143 1402 1192 sui
1428 1147 1528 1193 tres
1556 1144 1810 1209 pugillatas
1838 1163 1958 1210 qua-

166 1237 418 1284 trenorum
457 1237 505 1280 et
535 1229 844 1280 denariorum
874 1229 1172 1277 minutorum
1201 1228 1472 1278 successive
1501 1233 1548 1277 et
1574 1228 1702 1277 inter
1727 1230 1959 1295 populum

165 1316 393 1383 proiecit,
417 1315 585 1364 dicens
608 1314 668 1380 (5)
696 1333 705 1363 :
731 1315 1001 1379 Arqentum
1024 1321 1071 1362 et
1088 1329 1261 1362 aurum
1281 1329 1378 1362 non
1401 1321 1471 1362 est
1486 1313 1603 1361 milzz‘
1615 1331 1636 1373 ,·
1656 1311 1786 1378 quod
1802 1322 1959 1362 autem

166 1401 330 1462 habeo,
355 1399 640 1450 hootz‘bz'd0.
670 1399 874 1463 Accepit
903 1397 1078 1447 deinde
1107 1398 1321 1462 priorem
1349 1401 1397 1446 et
1424 1398 1687 1446 canonicos
1715 1398 1959 1463 predictos

168 1490 356 1535 tantum
376 1489 425 1534 et
436 1499 534 1532 non
548 1484 668 1533 alios
687 1483 1002 1532 beneficiatos
1023 1483 1083 1531 ad
1097 1482 1234 1547 pedis
1256 1483 1476 1531 osculum
1488 1482 1568 1549 (6).
1588 1485 1708 1531 Tum
1725 1482 1785 1549 (7)
1807 1486 1957 1542 stans,

168 1570 390 1636 deposita
409 1569 569 1629 mitra,
593 1573 794 1634 propter
819 1583 1018 1616 crucem
1046 1583 1183 1616 suam
1210 1583 1303 1631 que
1324 1583 1414 1632 per
1440 1567 1793 1616 subdiaconum
1820 1583 1956 1616 more

169 1654 310 1704 solito
331 1669 498 1704 coram
519 1669 578 1703 eo
600 1653 915 1712 retinebatur,
946 1652 1123 1717 populo
1153 1651 1438 1701 solemniter
1463 1651 1728 1711 benedixit,
1753 1651 1920 1701 dicens
1946 1670 1954 1701 :

168 1737 250 1788 Sit
265 1754 439 1788 nomen
457 1738 651 1788 Domini
668 1745 753 1786 ete.

239 1824 352 1872 Erat
370 1825 532 1872 autem
560 1821 833 1870 ordinatum
860 1822 1006 1886 quod,
1032 1823 1161 1886 Papa
1187 1822 1248 1870 ad
1275 1824 1564 1870 Lateranum
1591 1826 1841 1887 pet-vente,
1874 1840 1963 1889 per

170 1907 351 1958 scalam
372 1923 510 1957 suam
530 1922 623 1971 que
644 1906 709 1955 ibi
730 1910 898 1972 parata
919 1909 1039 1965 erat,
1072 1906 1132 1954 de
1164 1921 1288 1969 equo
1317 1906 1637 1956 descenderet
1668 1911 1716 1956 et
1742 1907 1877 1972 prior
1903 1925 1959 1957 ac

168 1991 391 2043 canonici
436 1995 804 2050 LateranenseS,
851 1990 933 2054 qui
979 1989 1409 2054 processionaliter
1455 1990 1636 2039 ibidem
1674 1991 1874 2040 aderant
1908 1992 1957 2040 in.

167 2075 517 2141 superpelliciis
544 2081 592 2124 et
613 2075 840 2135 almutiis,
877 2074 1036 2139 ipsum
1062 2074 1338 2138 reciperent
1371 2079 1420 2123 et
1451 2074 1501 2122 in
1532 2075 1647 2123 sede
1675 2075 1953 2125 marmorea

169 2158 460 2211 stercoraria
478 2162 756 2223 nuncupata
777 2158 837 2223 (8)
862 2158 1176 2217 collocarent,
1195 2161 1248 2206 ut
1259 2158 1424 2221 jacere
1439 2157 1601 2221 potius
1617 2173 1763 2221 quam
1786 2158 1960 2209 sedere

218 2299 251 2334 1.
279 2295 350 2335 Ces
371 2298 502 2334 soenes
522 2295 567 2332 de
586 2294 746 2333 violence
766 2294 902 2332 etaient
922 2294 1014 2331 dans
1034 2294 1086 2331 les
1105 2306 1242 2331 moeurs
1262 2299 1299 2332 et
1319 2306 1358 2332 se
1386 2294 1658 2333 renouvelaient
1677 2295 1956 2344 generalement

166 2369 213 2396 au
233 2360 520 2395 couronnement
552 2355 597 2393 de
624 2355 766 2404 chaque
787 2354 931 2392 Pontife
957 2366 1138 2392 nouveau.
1167 2355 1277 2404 (Voy.
1303 2355 1523 2392 Franciscus
1547 2355 1769 2401 Cancellieri‚
1804 2358 1955 2404 Storia,

165 2419 230 2455 dei
249 2418 403 2455 solenni
424 2418 596 2464 possessi
628 2417 675 2452 de
698 2418 845 2452 Sommi
870 2416 1062 2463 Pontefici
1088 2417 1140 2451 da
1161 2416 1284 2452 Leone
1310 2416 1385 2451 III
1409 2428 1433 2451 a
1467 2417 1538 2452 Pio
1574 2415 1657 2454 VII.
1687 2416 1818 2464 Roma,
1848 2418 1954 2463 1802,

164 2488 202 2528 p.
225 2478 285 2524 40,
307 2478 368 2523 44,
389 2477 437 2514 49
450 2482 488 2515 et
505 2475 675 2525 passim.)

173 2576 176 2579 ,
211 2538 249 2575 2.
277 2537 310 2574 A
328 2536 475 2575 tribuno
489 2536 595 2574 solito
614 2539 792 2586 paratam.
813 2557 861 2564 -—
879 2535 1017 2582 Riual„
1038 2547 1076 2585 p.
1097 2536 1159 2573 74.

174 2594 177 2598 ”
211 2598 248 2636 3.
273 2597 380 2644 Quod
396 2596 515 2635 facere
532 2596 760 2634 videbantur.
782 2618 831 2625 —
849 2596 972 2634 Rinal.

212 2658 248 2696 4.
278 2656 490 2695 cardinales
510 2667 638 2695 omnes
658 2657 847 2694 elevarunt
865 2670 992 2696 vocem
1012 2658 1189 2696 dicentes.
1211 2677 1258 2686 —
1278 2657 1399 2697 Riual.

212 2718 248 2755 5.
276 2717 424 2755 Dicens.
443 2738 488 2746 —
505 2717 666 2767 Manque
685 2718 778 2755 daus
798 2718 920 2756 Rinal.

211 2779 249 2816 6.
276 2777 416 2816 Phrase
436 2779 659 2828 legen-emant
672 2779 842 2817 modifiee
863 2779 954 2816 dans
981 2778 1104 2816 Riual.

212 2839 249 2878 7.
277 2837 383 2876 Tum.
408 2857 448 2866 --
468 2838 628 2888 Manque
647 2839 740 2876 dans
760 2838 881 2876 Rinal.

213 2899 250 2936 8.
279 2897 334 2936 On
355 2910 378 2935 a
396 2910 458 2936 cru
479 2911 550 2948 que
577 2899 611 2936 la
629 2899 753 2936 chaise
779 2898 992 2936 stercoraire
1018 2899 1107 2936 etait
1130 2900 1295 2938 destinae
1320 2903 1342 2938 a
1362 2901 1504 2939 verifier
1521 2901 1554 2939 le
1572 2913 1659 2940 sexe
1678 2902 1728 2940 du
1749 2903 1849 2951 Pape
1870 2913 1962 2938 nou-

164 2958 358 2997 vellement.
375 2959 448 3005 eiu,
470 2964 506 2997 et
526 2959 560 2996 la
579 2958 766 3008 malignite
791 2963 827 2995 et.
851 2958 1073 3007 l‘ignorance
1095 2964 1160 2997 ont
1185 2960 1375 2999 contribue
1412 2964 1434 3000 a
1461 2964 1654 3011 perpetuer
1682 2967 1778 3000 cette
1804 2962 1958 3010 legende

166 3019 267 3059 aussi
284 3019 408 3057 fausse
426 3031 498 3069 que
519 3020 730 3058 l'existence
749 3021 794 3057 de
814 3020 850 3058 la
869 3020 1034 3069 Papesse
1054 3020 1193 3057 Jeanne
1207 3023 1228 3057 a
1246 3021 1401 3071 laquelle
1421 3035 1468 3060 on
1482 3023 1530 3060 l'a
1550 3024 1750 3061 rattachee.

197 3078 381 3127 ‚Lorsque
401 3079 434 3116 le
459 3079 559 3129 Pape
584 3079 732 3118 arrivait
759 3091 847 3118 sous
878 3080 911 3118 le
941 3080 1108 3130 portique
1131 3081 1176 3118 de
1210 3080 1365 3119 S.-Jean
1394 3083 1440 3120 de
1470 3083 1618 3130 Latran,
1650 3084 1682 3120 le
1708 3083 1829 3132 prieur
1852 3087 1888 3120 et.
1906 3080 1974 3120 les'

167 3138 367 3177 chanoines
387 3138 432 3176 de
451 3139 486 3178 la
510 3139 696 3189 Basilique
724 3140 757 3178 le
779 3140 948 3178 fais-aient
967 3142 1104 3179 asseoir
1129 3153 1193 3178 sur
1214 3153 1285 3179 une
1306 3142 1430 3180 chaise
1447 3143 1492 3181 de
1518 3145 1659 3181 mai-bre
1688 3144 1837 3192 appelee
1870 3147 1960 3181 ster-

168 3199 320 3245 coraire,
342 3199 394 3236 les
411 3199 612 3238 cardinaux
638 3202 810 3239 venaient
830 3202 973 3239 ensuite
994 3202 1027 3239 le
1048 3203 1199 3249 relever,
1223 3213 1268 3239 en
1289 3203 1468 3241 chantant
1488 3204 1520 3240 le
1543 3209 1665 3241 verset
1684 3215 1693 3240 t
1714 3205 1887 3242 Suscitat
1912 3206 1960 3241 de

165 3261 327 3307 pulvere
340 3271 503 3305 eyenum
515 3267 551 3296 ec
564 3262 612 3296 de
623 3267 787 3299 stercore
802 3265 917 3309 eriqit
928 3274 1141 3310 pauperem
1156 3268 1200 3297 ut
1214 3263 1357 3308 sedeat,
1372 3266 1441 3300 ete.
1456 3263 1564 3312 (Voy.
1577 3263 1764 3309 Mabillon,
1777 3265 1958 3300 Muscam

167 3321 371 3365 Italicum,
390 3325 417 3357 t.
437 3320 484 3367 11,
507 3333 543 3369 p.
571 3323 656 3368 211,
679 3322 776 3360 Ordo
799 3324 1037 3363 Romanus...
1062 3329 1211 3361 auctore
1238 3323 1384 3373 Cencio.
1406 3344 1452 3350 —
1474 3323 1527 3360 De
1554 3323 1768 3373 Brequigny
1795 3325 1902 3372 (Noe.
1925 3332 1960 3361 et

165 3381 276 3426 Era,
297 3381 369 3426 t.1‚
391 3392 428 3428 p.
448 3381 494 3416 79
512 3373 786 3420 et'80.—Mus.
809 3384 919 3430 Itac.,
938 3389 964 3422 t.
985 3385 1030 3430 11,
1053 3397 1088 3433 p.
1103 3396 1185 3421 cxxi
1201 3389 1235 3421 et
1256 3395 1366 3420 cxxii.
1381 3384 1515 3420 —Not
1547 3383 1705 3421 etExtr.
1721 3385 1788 3420 des
1805 3397 1898 3421 mss·
1913 3386 1957 3421 de

167 3441 207 3478 la
226 3442 313 3480 bibl.
334 3443 390 3478 du
409 3442 490 3484 Roc,
505 3446 531 3480 t.
549 3443 595 3487 II,
616 3454 655 3491 p.
672 3443 757 3483 580.
773 3465 820 3473 --
834 3445 862 3481 F
864 3444 1052 3484 ioravaute
1064 3443 1271 3492 Martinam,
1294 3444 1416 3482 Roma
1435 3445 1654 3491 Ricereata,
1669 3444 1835 3491 Venetia,
1850 3446 1955 3494 1571,
