2262 3958
327 306 401 341 168-
788 344 791 349 ,
934 299 1166 336 JOHANNIS
1198 297 1493 345 BURCHARDI,
1624 288 1633 292 ’
1781 301 1986 344 [Decembre
2008 304 2107 346 14851

326 409 618 473 generalem,
641 421 668 453 a
689 402 907 451 sinistris.
950 403 1070 447 Tum
1106 399 1276 463 prelati
1309 399 1469 463 palatii
1493 407 1541 450 et
1569 403 1646 451 alii
1669 392 1753 452 stio
1776 405 1942 453 ordine
1961 405 2097 468 equi-

326 491 526 539 tavimus
556 505 642 552 per
673 489 868 549 pontem
904 482 1055 545 sancti
1087 482 1259 545 Angeli
1291 498 1378 546 per
1406 482 1529 531 viam
1566 489 1748 534 rectam
1776 486 1837 535 ad
1868 502 2104 550 campum,

327 573 463 620 Flore
484 589 493 631 ;
518 569 688 618 deinde
720 582 806 631 per
835 566 959 614 viam
992 569 1103 614 ante
1141 569 1347 629 grottam
1377 572 1701 630 nuncupatam
1723 569 1972 618 tabernam
2004 586 2097 634 pu.-

327 656 516 712 blicam,
549 652 765 701 venimus
811 649 871 697 ad
907 649 1104 696 domum
1146 648 1400 696 cardinalis
1439 649 1816 713 Andegavensis,
1857 668 1968 700 cum
2002 668 2099 717 quo

327 736 579 802 prandium
601 734 733 793 fecit,
765 737 810 781 et
833 747 939 780 cum
963 732 1030 779 eis
1061 748 1099 779 s.
1137 731 1264 780 Petri
1286 731 1347 779 ad
1371 731 1577 781 Vincula
1597 737 1644 781 et
1663 733 1722 782 de
1751 734 1983 783 Columna
1999 751 2104 784 car-

328 819 510 867 dinales
530 835 539 877 3
562 817 657 865 duo
678 816 933 881 portitores
956 814 1232 863 vexillorum
1255 830 1341 878 per
1362 818 1510 863 totam
1532 816 1654 864 viam
1683 817 1862 880 portari
1884 817 2106 867 fecerunt

327 901 498 951 vexilla
532 901 635 965 ipsa
664 915 750 964 per
786 899 970 962 aliquos
995 898 1123 946 circa
1152 898 1259 946 illos
1289 898 1557 947 mediantes
1590 899 1760 962 quibus
1795 900 1886 964 ipsi
1918 903 2106 950 tantum

329 999 523 1034 manum
538 983 785 1031 dexteram
800 981 1104 1045 apponebant
1122 997 1130 1039 ;
1154 987 1198 1029 et
1216 997 1356 1045 supra
1371 988 1570 1045 pontem
1589 984 1740 1032 sancti
1752 985 1923 1048 Angeli
1937 991 2108 1034 ventus

329 1073 427 1116 tam
465 1067 727 1115 vehemens
766 1068 868 1114 erat
907 1064 1037 1128 quod
1079 1068 1242 1112 erecta
1283 1065 1452 1114 vexilla
1492 1066 1565 1114 vix
1596 1071 1787 1130 portare
1826 1072 2104 1132 potuerunt.

329 1153 625 1199 Intraverunt
656 1151 903 1211 equestres
937 1162 1048 1195 cum
1078 1147 1261 1196 vexillis
1296 1147 1491 1196 domum
1515 1149 1624 1198 dicti
1644 1150 1912 1199 cardinalis.
1938 1153 1994 1199 D.
2020 1154 2111 1199 Ro,-

330 1234 494 1282 bertus
510 1237 644 1281 extra
666 1235 852 1295 portam
881 1231 1097 1294 ejusdem
1127 1231 1298 1278 domus
1327 1231 1387 1279 ad
1407 1231 1692 1281 comitantes
1714 1249 1764 1282 se
1786 1233 2036 1293 convertit,
2062 1237 2109 1282 et

331 1310 508 1364 bii-reto
524 1314 737 1378 predicto
767 1314 815 1361 in
849 1313 1004 1377 capite
1029 1318 1243 1373 retento,
1272 1314 1468 1376 prelatis
1496 1316 1831 1364 recedentibus
1853 1320 1901 1365 et
1921 1316 2113 1365 cubicu-

336 1398 465 1447 lariis
488 1397 662 1461 gratias
682 1396 777 1460 egit
796 1413 805 1455 ;
825 1396 998 1445 deinde
1019 1397 1208 1445 intravit
1226 1397 1421 1445 domum
1438 1397 1720 1459 predictam,
1738 1398 1787 1445 in
1801 1413 1895 1461 qua
1908 1406 2112 1462 pransus

335 1486 424 1530 est.
445 1480 615 1529 Officio
637 1480 782 1527 misse
802 1479 1076 1542 supradicto
1098 1479 1421 1527 interfuerunt
1444 1495 1614 1528 omnes
1637 1480 1904 1529 cardinales
1920 1480 1970 1531 in
1984 1480 2109 1529 Urbe

336 1564 614 1620 existenteS,
652 1562 846 1625 dempto
880 1562 982 1618 solo
1017 1565 1156 1609 Rmo.
1182 1565 1239 1609 D.
1268 1562 1509 1610 cardinale
1542 1579 1580 1610 s.
1612 1563 1804 1626 Georgii
1825 1563 2109 1623 camerario,

335 1646 415 1708 qui
446 1660 541 1693 non
574 1645 727 1692 veuit.
772 1644 829 1691 Hi
857 1649 1025 1692 autem
1064 1644 1384 1692 interfuerunt
1415 1645 1860 1706 vicecancellarius,
1897 1645 2116 1710 Neapoli.->

336 1734 493 1787 tanus„
537 1744 575 1775 s.
625 1727 789 1786 Marci,
833 1744 871 1774 s.
919 1727 1045 1774 Petri
1080 1728 1138 1774 ad
1173 1728 1392 1787 Vincula,
1447 1729 1689 1792 episcopi;
1733 1729 2110 1792 Andegavensis,

338 1828 375 1857 s.
402 1811 678 1868 Clementis,
715 1810 773 1858 de
809 1810 1089 1870 Comitibus,
1130 1811 1422 1869 ParmensiS,
1454 1810 1749 1875 presbyteri;
1782 1811 2115 1870 Senensis,de

339 1895 557 1954 Sabellis,
589 1894 821 1943 Columna
848 1899 894 1941 et
926 1894 1176 1952 Ascanius,
1215 1893 1403 1941 diaconi
1442 1892 1737 1952 cardinales;
1763 1892 1973 1942 feceram
1992 1893 2114 1944 mihi

338 1977 616 2027 memoriale
635 1992 721 2041 pro
745 1976 1008 2024 ordinando
1031 1976 1119 2023 sub
1139 1976 1214 2023 his
1238 1975 1408 2024 verbis.

406 2060 711 2124 Preparanda
731 2075 817 2123 pro
838 2059 1164 2107 confalonerio
1186 2076 1195 2106 :
2054 2103 2056 2105 ,

414 2143 702 2191 Ordinen'tur
722 2142 891 2190 vexilla
922 2143 1035 2201 duo,
1068 2142 1239 2189 deinde
1274 2142 1417 2190 etiam
1452 2147 1498 2190 et
1523 2142 1722 2190 baculus
1754 2142 1888 2190 albus
1917 2155 2117 2205 grossus

338 2225 633 2290 ongitudinis
657 2224 796 2272 unius
818 2225 1000 2273 brachii
1019 2225 1090 2272 vel
1112 2225 1242 2273 circa
1264 2230 1311 2273 et
1327 2224 1427 2273 due
1452 2229 1619 2288 stange
1642 2239 1727 2288 pro
1751 2223 1952 2283 vexillis,
1996 2255 2000 2258 -

405 2313 578 2360 Vestes
597 2325 707 2357 cum
729 2308 981 2357 armaturis
997 2324 1082 2372 pro
1099 2311 1155 2356 D.
1176 2307 1386 2356 Roberto
1406 2324 1416 2366 ;
1436 2308 1570 2356 locus
1587 2307 1634 2355 in
1649 2321 1742 2370 quo
1758 2322 1809 2355 se
1823 2307 1991 2355 vestiat
2005 2311 2114 2372 post

343 2393 659 2441 elevationem
683 2391 991 2450 sacramenti,

401 2478 504 2523 Duo
526 2475 712 2523 nobiles
735 2473 923 2532 armati,
948 2474 1025 2536 qui
1052 2473 1223 2520 vexilla
1236 2477 1448 2536 portent,

409 2556 689 2605 pontificale
713 2556 761 2603 in
782 2571 877 2619 quo
908 2562 1017 2603 sunt
1046 2556 1284 2604 orationes
1315 2571 1402 2619 pro
1436 2555 1770 2603 benedictione
1792 2559 1842 2603 et
1861 2555 2115 2604 traditione

344 2638 627 2686 vexillorum
645 2655 654 2698 ;
676 2655 802 2702 ,aqua
823 2638 1076 2686 benedicta
1097 2654 1206 2686 cum
1226 2637 1495 2702 aspersorio
1514 2653 1524 2696 ;
1550 2638 1801 2687 tubicines.
2186 2691 2202 2702 „

410 2724 459 2768 ln
481 2725 621 2769 nocte
645 2721 863 2783 sequenti
886 2721 1011 2769 dicte
1040 2720 1133 2768 diei
1163 2724 1223 2769 30
1249 2722 1540 2781 novembris,
1563 2723 1864 2771 combustum
1884 2723 2115 2787 fuitvpala-
2191 2706 2194 2711 ¹

345 2804 462 2851 tium
489 2807 614 2867 Mag.
650 2803 854 2867 Virginii
887 2804 944 2850 de
978 2803 1159 2851 Ursinis
1194 2798 1242 2850 in
1274 2811 1438 2853 monte
1471 2806 1679 2854 Jordano
1712 2806 1771 2854 de
1804 2807 1950 2866 Urbe,
1988 2806 2118 2870 quod

345 2890 511 2935 Rmus.
537 2889 594 2935 D.
620 2887 678 2935 de
695 2886 878 2934 Ursinis
908 2886 1152 2934 consuevit
1174 2886 1461 2937 inhabitare.

411 2970 664 3018 Dominica
697 2969 911 3017 secunda
929 2969 1175 3028 adventuS,
1203 2973 1229 3016 4
1252 2971 1436 3018 mensis
1459 2972 1745 3030 decembris,
1769 2972 1855 3019 fuit
1873 2969 2115 3034 publiCum

348 3053 700 3102 consistorium.
758 3055 812 3099 R.
858 3055 909 3099 P.
956 3055 1011 3099 D.
1057 3052 1274 3100 Tiberius
1318 3054 1705 3118 archiepiscopus
1738 3054 2014 3118 Sipontinus
2054 3054 2115 3120 (1)

350 3137 603 3186 celebravit
623 3136 820 3184 missam
844 3136 1085 3200 publicam
1107 3135 1155 3182 in
1177 3136 1360 3199 capella
1380 3138 1563 3200 maj0re
1584 3137 1745 3200 palatii
1767 3137 2015 3200 apostolici
2032 3151 2113 3184 ce-

351 3222 576 3269 remoniis
598 3220 860 3269 consuetis.
887 3222 1171 3268 Sermonem
1193 3219 1306 3267 fecit
1326 3225 1609 3283 procurator
1630 3220 1807 3268 ordinis
1829 3221 2085 3268 minorum.

399 3346 429 3378 1.
457 3344 597 3388 Tibere‚
626 3344 850 3391 archeveque
866 3344 910 3380 de
931 3343 1097 3391 Siponte,
1118 3343 1204 3380 etait
1221 3343 1252 3379 le
1272 3354 1385 3379 neven
1403 3344 1451 3380 du
1471 3343 1629 3380 cardinal
1647 3344 1809 3380 Nardini.
1832 3344 1925 3392 Voy.
1942 3343 2098 3391 Ughelli‚

349 3407 375 3439 t.
402 3404 476 3446 Vll,
498 3404 564 3441 col.
585 3406 667 3440 858.
1953 3402 1957 3404 ’
