2262 3958
319 346 386 380 116
918 339 1149 375 JOHANNIS
1181 337 1474 382 eunomiam,
1766 339 1969 381 [Decembre
1985 340 2076 381 1484]

315 444 641 508 Neapolitano,
671 441 942 490 testamenti
959 441 1028 488 sui
1052 444 1327 500 executore,
1352 441 1507 504 ipsum
1535 439 1712 489 ibidem
1737 436 1817 488 illo
1847 456 1955 489 sero
1974 438 2079 488 visi-

315 531 470 585 tante;
497 532 542 574 ct
570 526 654 573 fuit
688 525 735 571 in
763 524 971 572 maxima
991 524 1147 587 pluvia
1168 524 1278 572 illuc
1303 527 1537 588 portatus.

378 609 583 656 Sabbato
607 611 633 654 4
656 606 941 664 decembris,
965 606 1258 655 intraverunt
1284 607 1460 655 Urbem
1485 604 1730 668 magnifici
1755 605 1937 653 domini
1966 607 2079 652 Zac-

316 692 503 738 charias
537 691 595 738 de
635 689 755 737 Pisis
804 689 940 738 miles
990 693 1035 736 et
1083 690 1319 738 Antonius
1358 692 1585 738 Bonattus
1622 688 1808 747 doctor,
1865 691 2080 736 oratores

315 772 603 821 marchionis
625 772 865 820 Mantuani
894 773 955 820 ad
979 774 1286 836 prestandam
1309 773 1632 822 obedientiam
1653 773 1738 819 SS.
1763 774 1818 819 D.
1843 773 1900 819 N.
1925 771 2076 829 missi,

315 857 394 919 qui
422 872 449 904 a
479 855 671 904 familiis
702 857 784 904 SS.
823 858 880 902 D.
913 858 968 903 N.
1001 860 1047 904 et
1075 860 1366 905 RRmorum.
1401 859 1499 904 DD.
1530 853 1863 912 cardinalium,
1893 868 1948 901 ac
1975 852 2080 900 aliis

317 940 582 987 oratoribus
611 942 720 986 sunt
746 938 925 1002 recepti
945 945 990 988 et
1021 956 1167 1003 usque
1201 940 1261 988 ad
1292 940 1552 1003 hospitium
1588 936 1895 985 habitationis
1913 951 2085 985 eorum

317 1024 553 1084 associati,
579 1040 712 1072 more
734 1027 982 1073 consueto.

383 1107 520 1156 Feria
550 1111 733 1170 quarta,
764 1111 790 1155 8
816 1107 996 1156 mensis
1031 1106 1317 1165 decembris,
1348 1121 1434 1169 per
1466 1109 1654 1169 portam
1683 1105 1822 1153 beate
1855 1103 2004 1153 Marie
2024 1103 2083 1153 de

319 1190 499 1253 Populo
538 1190 831 1237 intraverunt
871 1190 1050 1237 Urbum
1083 1205 1166 1238 sex
1204 1192 1420 1237 oratores
1447 1188 1645 1236 dominii
1676 1187 2080 1244 Florentinorum,

317 1273 536 1321 videlicet
562 1273 772 1335 quinque
800 1272 924 1332 novi,
960 1275 1006 1320 et
1039 1275 1200 1320 sextus
1238 1275 1340 1320 erat
1369 1270 1446 1318 ille
1486 1270 1567 1333 qui
1596 1270 1676 1317 diu
1710 1273 1820 1318 ante
1852 1269 1902 1317 in
1939 1268 2082 1328 Urbe,

319 1356 511 1404 nomine
535 1357 753 1420 ejusdem
775 1356 971 1406 dominii
993 1360 1155 1405 orator
1172 1354 1408 1403 extiterat.
1432 1352 1616 1400 Primus
1633 1351 1847 1399 omnium
1861 1350 1949 1399 fuit
1963 1353 2018 1398 R.
2036 1349 2087 1397 in

321 1439 506 1487 Christo
527 1442 669 1487 Pater
690 1441 744 1486 D.
771 1439 1050 1488 Franciscus
1072 1438 1324 1502 episcopus
1335 1435 1818 1487 Volaterranusinter
1832 1433 1950 1482 alios
1965 1433 2085 1482 duos

322 1521 513 1581 milites,
540 1527 586 1570 et
605 1522 970 1571 Bartholomeus
994 1522 1148 1581 Scala,
1167 1519 1503 1578 cancellarius;
1525 1517 1672 1567 ceteri
1694 1517 1820 1566 cives
1840 1516 2081 1580 simplices

325 1604 584 1652 Florentini
609 1605 688 1668 qui
712 1620 877 1654 omnes
905 1621 931 1653 a
949 1604 1138 1652 familiis
1162 1606 1245 1652 SS.
1272 1605 1328 1651 D.
1351 1605 1407 1651 N.
1429 1619 1569 1668 pape,
1602 1607 1649 1651 et
1669 1605 1956 1651 RRmorum.
1981 1601 2082 1654 Do.

326 1687 639 1735 cardinalium
671 1688 853 1752 recepti
875 1688 1082 1747 suerunt,
1111 1692 1254 1750 atque
1282 1703 1310 1734 a
1335 1687 1507 1735 ceteris
1532 1686 1819 1743 oratoribus,
1847 1687 1894 1732 et
1919 1682 1980 1731 ad
1999 1682 2088 1731 do-

325 1785 455 1817 mum
475 1771 596 1817 Rmi.
630 1774 686 1818 D.
717 1771 947 1834 episcopi,
979 1771 1017 1818 si
1045 1774 1173 1818 recte
1192 1769 1408 1828 memini,
1438 1769 1658 1817 associati
1686 1783 1820 1816 more
1842 1766 1982 1815 solito
2005 1765 2083 1831 (1).

390 1853 526 1901 Feria
537 1854 717 1916 quinta,
734 1858 760 1902 9
777 1853 888 1902 dicti
901 1854 1080 1902 mensis
1100 1852 1385 1911 decembris,
1397 1851 1831 1900 suitconsistorium
1845 1849 2090 1914 publicum

322 1935 370 1982 in
392 1937 530 1984 tertia
550 1937 656 1984 aula
675 1937 835 2000 palatii
857 1937 1103 2000 apostolici
1125 1936 1251 2000 apud
1272 1952 1310 1983 s.
1336 1938 1548 1994 Petrum,
1566 1934 1614 1982 in
1636 1950 1728 1998 quo
1743 1935 1836 1982 duo
1852 1936 2086 1990 oratores,

321 2020 514 2068 nomine
564 2020 854 2068 marchionis
899 2021 1160 2079 Mantuani,
1208 2008 1522 2085 prestiterunt
1565 2019 1773 2082 prefato
1798 2019 1881 2065 SS.
1929 2018 1985 2064 D.
2029 2018 2086 2064 N.

322 2103 598 2151 Innocentio
619 2087 741 2167 pape
770 2107 873 2154 Vlll
902 2104 1224 2153 obedientiam
1254 2103 1463 2151 debitam
1497 2106 1544 2151 et
1574 2104 1855 2150 consuetam
1881 2116 1891 2147 :
1917 2097 2093 2148 oratio-

320 2200 430 2232 nem
463 2186 574 2234 fecit
607 2203 729 2234 unus
757 2202 815 2235 ex
846 2187 979 2251 ipsiS,
1011 2188 1232 2236 videlicet
1264 2189 1319 2234 D.
1347 2185 1582 2234 Antonius
1627 2186 1860 2233 Bonattus
1897 2182 2083 2241 doctor,

318 2283 451 2316 more
471 2274 719 2318 consueto.

384 2351 608 2410 Sabbato,
638 2356 688 2399 11
717 2353 825 2401 dicti
848 2355 1025 2403 mensis
1059 2354 1345 2414 decembriS,
1379 2355 1571 2401 fuerunt
1597 2350 1836 2400 celebrate
1865 2347 2081 2412 exequie,

319 2436 365 2480 et
394 2432 536 2481 hodie
573 2437 774 2493 tantum,
801 2451 887 2499 pro
916 2437 1075 2484 anima
1106 2438 1232 2484 bone
1266 2435 1498 2484 memorie
1533 2436 1589 2480 D.
1616 2431 1848 2481 Johannis
1886 2430 2007 2478 tituli
2040 2445 2079 2476 s.

317 2515 512 2563 Balbine
552 2517 818 2581 presbyteri
867 2519 1119 2567 cardinalis
1156 2518 1478 2567 Gerundensis
1511 2514 1768 2579 vulgariter
1799 2511 2080 2575 nuncupati,

314 2601 483 2654 Rome,
506 2599 552 2647 in
572 2601 776 2649 ecclesia
796 2602 934 2649 beate
956 2603 1103 2650 Marie
1120 2602 1178 2650 de
1194 2601 1394 2665 Populo,
1414 2599 1606 2647 RRmis.
1627 2600 1723 2645 DD.
1738 2594 2079 2653 cardinalibus,

312 2682 506 2744 prelatis
529 2686 575 2730 et
597 2684 855 2732 curialibus
879 2685 1056 2733 ibidem
1077 2685 1398 2749 presentibus.
1423 2683 1617 2731 Missam
1636 2677 1892 2728 celebravit
1912 2680 2078 2725 Rmus.

314 2766 370 2811 D.
402 2765 654 2813 cardinalis
685 2768 1046 2830 Neapolitanus3
1079 2784 1174 2831 qua
1200 2768 1342 2827 dicta,
1373 2766 1461 2814 fuit
1480 2765 1671 2813 habitus
1691 2777 1870 2811 sermo.
1896 2759 2079 2808 Deinde

312 2862 399 2910 per
431 2848 755 2898 celebrantem
801 2855 848 2898 et
894 2853 1098 2899 RRmos.
1142 2853 1242 2899 DD.
1282 2847 1727 2899 vicecancellarium
1767 2849 1813 2894 et
1853 2861 1888 2892 s.
1931 2842 2078 2891 Marci

313 2929 563 2994 episcopos
602 2949 656 2981 ac
683 2933 967 2996 Agriensem
1005 2939 1050 2983 et
1087 2951 1124 2982 s.
1158 2933 1416 2983 Clementis
1456 2931 1762 2997 presbyteros
1811 2925 2076 2975 cardinales

314 3013 436 3062 sacta
457 3016 708 3064 absolutio.
738 3019 1064 3081 Exequutores
1092 3017 1365 3065 testamenti
1392 3015 1560 3079 prefati
1588 3009 1840 3060 cardinalis
1862 3007 2073 3056 defuncti

311 3102 502 3158 fuerunt
524 3099 688 3147 RRmi.
720 3101 819 3147 DD.
851 3100 1188 3163 Neapolitanus
1207 3103 1253 3146 et
1275 3114 1313 3144 S·
1337 3096 1484 3144 Marci
1511 3092 1793 3143 cardinaleS.

376 3181 642 3241 Dominica,
682 3186 739 3230 12
776 3182 887 3230 dicti
917 3182 1095 3230 mensis
1130 3180 1501 3238 decembris„R.
1533 3177 1580 3225 in
1615 3174 1800 3224 Christo
1838 3174 1980 3221 Pater
2009 3171 2068 3219 D.

356 3312 389 3346 1.
418 3313 484 3350 Ces
513 3315 567 3351 six
601 3317 880 3354 ambassadeurs
913 3318 1046 3355 etaient
1079 3328 1088 3353 ε
1118 3317 1317 3353 Francesco
1343 3317 1388 3352 de
1421 3313 1623 3358 Sodorinis,
1659 3315 1794 3359 aveque
1820 3310 1865 3346 de
1890 3307 2067 3348 Volterre,

308 3367 486 3406 Antonius
507 3373 550 3408 de
573 3374 790 3421 Canisianis,
819 3376 1094 3414 Bartholomeus
1115 3376 1233 3422 Scala,
1257 3374 1470 3420 chancelier‚
1487 3371 1753 3410 Guidantonius
1781 3370 1825 3406 de
1851 3365 2066 3416 vespucois,

307 3426 471 3474 Angelus
487 3434 523 3466 et
542 3431 726 3471 ,Iohannes
748 3435 930 3472 Francisci
950 3436 995 3473 de
1012 3435 1250 3473 Tornabonis.
