2262 3958
177 291 397 350 [septembre
417 301 510 344 1491]
620 300 790 337 RERUM
822 300 1128 338 URBANARUM
1161 301 1511 339 COMMENTARH.
1887 305 1952 341 421

177 407 255 456 die
293 403 515 469 sequenti
549 402 712 467 hujuS,
750 406 826 461 10,
857 402 946 450 sibi
989 408 1219 451 coronam
1250 403 1355 450 fieri
1385 403 1606 467 permisit
1642 408 1690 453 et
1723 406 1954 454 roccheto

158 490 247 540 ἱιιῐί
263 488 463 552 incepit,
486 503 542 535 ac
563 490 669 550 post
691 486 946 549 prandium
970 489 1161 534 Rmum.
1187 489 1244 534 D.
1279 491 1444 536 sancte
1474 488 1726 535 Anastasie
1757 504 1955 552 promo-

173 579 332 625 torem
367 587 508 620 suum
545 570 719 635 primo,
764 570 939 618 deinde
981 573 1374 619 Beneventanum
1413 570 1682 619 cardinales
1719 572 1950 630 visitavit;

174 659 260 708 SS.
285 659 343 705 D.
368 659 587 704 nostrum
609 654 799 702 visitare
821 669 918 700 non
939 654 1093 716 potuit
1109 659 1307 718 propter
1321 655 1426 718 ejus
1443 654 1774 704 infirmitatem
1800 673 1808 703 :
1836 673 1953 720 quas

172 740 469 791 visitationes
505 738 618 786 fecit
654 738 702 784 in
736 737 968 784 mantello
1009 752 1105 784 non
1151 738 1199 783 in
1238 753 1407 800 cappa,
1444 739 1555 800 quia
1588 739 1655 787 sic
1696 740 1847 787 visum
1882 745 1955 789 est

172 825 392 891 predicto
413 820 643 871 cardinali
666 824 830 868 sancte
853 820 1103 867 Anastasie
1134 820 1401 883 promotori
1425 837 1527 868 suo.
1554 822 1772 871 Visitavit
1794 829 1952 872 autem

172 907 222 955 S.
256 908 314 955 D.
336 909 396 955 N.
425 905 539 953 lune
571 906 628 952 12
655 904 817 967 hujus,
848 907 960 951 ante
996 903 1166 950 horam
1189 903 1354 961 misse,
1394 905 1440 951 in
1475 905 1600 952 lecto
1628 906 1894 969 jacentem,
1928 925 1957 956 a

172 1005 267 1054 quo
319 987 564 1038 licentiam
608 986 779 1034 habuit
827 985 958 1049 quod
997 989 1163 1033 RmuS.
1206 988 1262 1033 D.
1316 986 1574 1034 cardinalis
1616 988 1955 1038 Ulixbonensis

169 1073 327 1138 ipsum
362 1074 616 1120 consecret
649 1086 659 1118 ε
695 1069 871 1118 deinde
905 1069 1032 1118 venit
1059 1069 1119 1117 ad
1151 1070 1386 1133 capellam
1433 1070 1562 1119 idem
1596 1074 1651 1119 D.
1690 1072 1874 1120 electus
1908 1075 1952 1121 in

169 1171 322 1221 eappa
357 1154 623 1220 pontificali
663 1158 919 1214 consueta,
965 1153 1012 1201 in
1052 1170 1147 1217 qua
1183 1153 1347 1202 locum
1397 1155 1603 1203 oratoris
1650 1155 1955 1220 imperatoris

169 1238 456 1290 observavit.

214 1323 488 1373 Dominica
530 1326 586 1371 18
627 1321 808 1370 mensis
848 1322 1139 1385 septembris
1182 1322 1389 1386 proximi
1422 1324 1660 1387 preteriti,
1706 1328 1760 1372 R.
1804 1328 1854 1373 P.
1896 1328 1950 1374 D.

167 1406 365 1456 Gabriel
394 1405 651 1470 episcopus
680 1405 963 1469 Adjacensis
985 1407 1287 1454 consecravit
1308 1407 1567 1455 ecclesiam
1596 1409 1748 1457 sancti
1778 1410 1953 1457 Juliani

165 1490 418 1556 hospitalis
467 1489 777 1538 Flandrensis
823 1489 882 1536 de
923 1489 1069 1548 Urbe,
1114 1506 1224 1538 cum
1262 1491 1416 1539 tribus
1446 1491 1695 1551 altaribus,
1729 1493 1955 1543 videlicet

163 1576 349 1641 majore
383 1579 433 1622 et
470 1573 521 1621 in
547 1573 794 1621 honorem
836 1573 989 1622 sancti
1020 1574 1214 1634 Juliani,
1252 1574 1302 1622 in
1336 1591 1430 1639 quo
1464 1578 1682 1641 reposuit
1724 1578 1953 1641 reliquias

163 1658 317 1708 sancti
361 1657 581 1722 Gregorii
630 1673 752 1722 pape
793 1662 841 1706 et
882 1657 1111 1705 Praxedis
1159 1658 1387 1722 virginis;
1440 1659 1559 1720 alio,
1603 1660 1662 1708 ad
1703 1661 1951 1710 sinistram

161 1740 384 1792 intrantis
405 1740 582 1790 dictam
605 1741 882 1801 ecclesiam,
908 1741 957 1788 in
977 1741 1217 1790 honorem
1236 1744 1566 1806 apostolorum
1586 1745 1714 1793 Petri
1731 1750 1779 1794 et
1799 1730 1949 1804 Pauli,

162 1825 212 1875 in
257 1840 353 1889 quo
388 1826 606 1889 reposuit
638 1825 868 1889 reliquias
906 1827 954 1873 S.
990 1825 1169 1873 Urbani
1206 1842 1328 1890 pape
1367 1831 1415 1875 et
1453 1828 1664 1876 martiris
1701 1834 1747 1876 et
1786 1833 1952 1878 sancte

160 1907 389 1974 Agnetis;
414 1909 558 1958 tertio
581 1910 801 1974 opposito
824 1909 1037 1957 secundo
1059 1908 1108 1956 in
1138 1909 1376 1957 honorem
1399 1911 1539 1960 beate
1561 1912 1711 1960 Marie
1733 1913 1949 1976 virginis,

159 1993 210 2050 in
230 2009 325 2058 quo
344 1994 562 2059 reposuit
591 1993 820 2057 reliquias
851 2011 890 2042 s.
924 1993 1170 2044 Valentini
1193 1998 1241 2042 et
1263 1995 1509 2043 Hermolai
1531 1996 1948 2060 presbyterorum,

162 2091 241 2124 me
261 2081 490 2141 presente
512 2081 560 2125 et
580 2077 905 2136 ministrante,
949 2081 997 2125 et
1018 2078 1286 2144 observavit
1316 2079 1363 2126 in
1390 2079 1669 2143 hujusmodi
1692 2097 1952 2129 consecra-

161 2160 294 2208 tione
323 2159 489 2208 omnia
515 2163 658 2224 prout
688 2161 738 2208 in
776 2161 1069 2224 pontificali3
1107 2166 1154 2210 et
1194 2178 1252 2209 ea
1290 2162 1426 2210 finita
1459 2164 1720 2212 celebravit
1753 2166 1951 2214 missam

161 2243 431 2292 solemnem
461 2243 792 2307 pontificalem
824 2244 883 2292 de
915 2245 1302 2303 consecratione,
1335 2251 1478 2309 prout
1508 2246 1557 2294 in
1593 2247 1857 2311 pontificali
1891 2249 1951 2297 de

159 2342 296 2375 more
335 2326 628 2376 ordinatum.
670 2329 754 2376 SS.
806 2331 863 2376 D.
907 2331 963 2377 N.
1008 2329 1249 2377 concessit
1288 2328 1640 2393 indulgentiam
1683 2331 1951 2395 plenariam

158 2409 384 2459 omnibus
429 2410 653 2459 eamdem
703 2411 961 2460 ecclesiam
1011 2412 1183 2460 eadem
1230 2412 1307 2460 die
1354 2413 1676 2474 visitantibus,
1702 2415 1751 2462 in
1795 2416 1952 2465 forma

157 2493 364 2549 ecclesie
387 2498 636 2555 consueta,
655 2510 807 2558 usque
828 2494 889 2543 ad
910 2510 1138 2544 occasum
1158 2496 1272 2544 solis
1291 2496 1514 2560 ejusdem
1533 2496 1629 2544 diei
1647 2497 1945 2545 duraturam.

221 2577 368 2638 Jovis,
400 2580 462 2626 22
483 2578 666 2626 mensis
688 2579 997 2643 septembris,
1023 2580 1072 2627 in
1094 2580 1304 2628 ecclesia
1323 2581 1466 2630 beate
1488 2580 1638 2629 Marie
1661 2581 1720 2629 de
1745 2583 1945 2646 Populo,

158 2667 214 2712 R.
239 2665 293 2712 P.
316 2666 376 2712 D.
402 2663 595 2712 Gabriel
616 2663 872 2727 episcopus
893 2663 1177 2728 Adjacensis
1199 2664 1461 2714 celebravit
1483 2665 1682 2713 missam
1704 2666 1947 2730 publicam

157 2763 246 2812 pro
266 2748 484 2811 exequiis
503 2747 631 2795 bone
661 2738 898 2796 memorie
927 2748 1180 2812 Alphonsi,
1216 2749 1432 2813 episcopi
1463 2749 1867 2813 Pampilonensis,
1900 2751 1948 2798 in

159 2830 286 2879 Rmi.
313 2834 371 2880 D.
401 2831 658 2880 cardinalis
684 2831 1025 2879 Ulixbonensis
1055 2837 1103 2881 et
1126 2833 1390 2881 multorum
1410 2833 1709 2897 prelatorum
1739 2838 1785 2882 et
1808 2834 1949 2881 fami-

156 2914 347 2963 liarium
381 2914 697 2964 cardinalium
740 2914 999 2979 presentia.
1037 2917 1359 2964 Funestorum
1393 2916 1587 2964 fuerunt
1625 2931 1829 2963 numero
1860 2917 1946 2965 tri-

157 2998 320 3063 ginta3
345 2998 474 3067 circa
502 2999 792 3048 catalectum
823 2998 981 3062 posita
1011 3003 1120 3047 sunt
1149 2998 1394 3047 intorticia
1422 2999 1604 3063 viginti,
1637 2999 1862 3048 videlicet
1894 3001 1943 3049 in

158 3081 373 3146 quolibet
394 3082 546 3132 latere
574 3082 764 3143 decem,
800 3082 930 3130 circa
961 3081 1257 3146 sepulturam
1287 3087 1510 3145 quatuor,
1545 3083 1764 3147 predicto
1789 3084 1947 3132 cardi-

156 3165 266 3214 nale
297 3165 365 3213 sic
395 3166 586 3216 volente
629 3183 639 3215 :
680 3183 766 3232 pro
808 3166 1076 3215 elevatione
1117 3167 1408 3215 sacramenti
1450 3171 1673 3230 quatuor,
1717 3168 1948 3217 cardinali

156 3248 377 3312 predicto
399 3248 564 3298 datum
585 3266 734 3298 unum
762 3249 1029 3299 celebranti
1051 3254 1099 3296 et
1128 3265 1276 3296 unum
1308 3249 1566 3298 Francisco
1600 3250 1948 3298 Bartholomeo

157 3332 339 3380 ordinis
359 3332 735 3397 predicatorum,
761 3334 839 3399 qui
863 3334 978 3382 fecit
1000 3349 1295 3382 sermonem.
1323 3334 1524 3382 Prelatis
1547 3337 1594 3381 et
1616 3334 1815 3382 funestis
1838 3335 1948 3384 date

157 3422 268 3467 sunt
303 3417 461 3466 facule
506 3417 707 3466 duarum
750 3418 1001 3479 librarum,
1050 3434 1252 3482 quarum
1297 3422 1493 3467 centum
1532 3417 1695 3482 viginti
1732 3418 1949 3467 ordinate
