2262 3958
335 319 403 355 258
940 315 1173 352 JOHANNIS
1206 316 1501 361 BURCHARDI,
1908 315 1987 358 [Mai
2012 315 2098 357 1487]

338 419 481 467 domo
498 417 726 482 hospitati
753 432 849 464 non
877 415 1086 477 fuerunt,
1110 418 1169 465 ad
1192 434 1278 466 sua
1303 418 1511 481 hospitia
1537 418 1623 466 soli
1645 434 1755 467 cum
1783 419 1880 467 suis
1908 417 2103 466 famulis

340 500 630 564 equitarunt.

403 584 664 648 Episcopus
684 581 1056 642 Herfordiensis,
1082 584 1161 646 qui
1185 584 1436 648 religiosus
1458 589 1531 633 est
1559 584 1737 632 ordinis
1763 601 1800 632 s.
1834 583 2100 643 Benedicti,

338 665 562 728 equitavit
589 665 639 712 in
669 665 897 713 mantello
935 665 993 714 de
1026 666 1350 716 ciambellotto
1378 668 1516 732 nigro
1537 668 1680 731 longo
1704 667 1805 716 sine
1830 667 2028 731 capucio
2057 671 2104 715 et

336 748 615 812 capuccino,
640 748 753 811 quia
783 748 966 796 nullum
995 750 1249 813 capucium
1273 751 1509 811 habebat;
1542 766 1684 814 quem
1711 751 1888 813 ipsum,
1912 765 2023 798 cum
2044 749 2103 798 de

335 847 457 880 novo
478 831 678 890 veniret,
695 835 886 895 portare
902 848 998 880 non
1013 834 1225 897 permisi.
1246 835 1420 883 Habuit
1438 840 1599 883 autem
1622 833 1890 898 cappellum
1913 832 2103 896 nigrum

333 916 381 963 in
404 916 576 980 capite,
602 920 653 964 ut
673 915 820 963 moris
842 922 931 964 est.
959 917 1182 981 Episcopi
1205 917 1541 966 Dunelmensis
1565 921 1611 966 et
1633 914 1968 974 LismorensiS‚
1993 913 2105 978 quia

328 1000 429 1064 jam
451 998 633 1062 antiqui
664 999 713 1046 in
743 1000 869 1046 Urbe
904 1000 1111 1061 fuerunt,
1149 1001 1421 1064 equitarunt
1454 1001 1502 1048 in
1537 1001 1632 1049 suis
1666 998 1907 1048 mantellis
1943 995 2102 1061 longis

333 1087 380 1130 et
401 1082 611 1145 capuciis
644 1082 925 1130 transversis
948 1086 995 1130 et
1019 1083 1214 1147 capellis
1239 1099 1372 1133 more
1403 1084 1559 1132 solito.
1585 1083 1716 1148 prior
1742 1078 2101 1131 Cantuariensis

330 1164 379 1211 in
406 1164 635 1212 mantello
678 1164 814 1227 nigro
855 1180 965 1213 cum
1007 1167 1207 1230 capucio
1246 1183 1395 1232 parvo
1425 1171 1472 1214 et
1511 1166 1728 1230 cappello
1765 1164 1922 1228 nigro.
1969 1161 2100 1210 Alios

333 1264 501 1296 omnes
522 1248 569 1295 in
592 1248 689 1296 suis
711 1248 978 1308 ordinibus,
1002 1250 1182 1313 primos
1201 1250 1320 1299 duos
1340 1250 1465 1298 inter
1486 1253 1689 1312 quatuor
1709 1246 1917 1311 prelatos
1939 1244 2103 1309 palatii

333 1348 362 1380 a
380 1331 589 1380 dexteris
615 1335 662 1380 et
690 1336 906 1380 oratores
935 1333 1161 1397 Hispanie
1196 1338 1243 1381 et
1277 1336 1543 1380 Januenses
1574 1346 1603 1379 a
1632 1330 1853 1388 sinistris,
1888 1328 2099 1392 singulos

330 1413 449 1462 alios
469 1412 594 1461 inter
614 1413 733 1461 duos
750 1414 961 1477 prelatos
997 1416 1176 1479 palatii,
1202 1416 1312 1479 quia
1344 1415 1504 1463 nullus
1542 1430 1601 1462 ex
1632 1412 1735 1461 aliis
1765 1410 1973 1474 antiquis
1995 1425 2103 1459 ora-

331 1496 514 1544 toribus
536 1495 585 1543 in
621 1496 843 1545 comitiva
859 1497 962 1557 fuit,
994 1499 1209 1562 equitare
1230 1498 1322 1547 feci
1346 1516 1355 1558 ;
1388 1497 1548 1547 omnia
1577 1496 1668 1544 alia
1687 1496 1812 1544 facta
1833 1497 1945 1543 sunt
1963 1509 2102 1543 more

331 1580 489 1628 solit0.

395 1664 533 1712 Feria
566 1668 717 1725 sexta,
758 1668 809 1712 11
849 1665 978 1725 maii,
1020 1665 1141 1713 hora
1177 1682 1240 1713 xx
1270 1665 1343 1713 vel
1376 1665 1519 1726 circa,
1547 1680 1634 1729 per
1665 1666 1853 1728 portam
1873 1661 2099 1713 Viridarii

329 1748 566 1796 intrarunt
578 1753 671 1796 tres
682 1752 897 1796 oratores
913 1748 1209 1796 serenissimi
1225 1748 1351 1812 regis
1369 1748 1614 1797 Wladislai
1632 1746 1865 1796 Bohemie
1877 1745 2002 1810 regis
2013 1760 2098 1809 pro

332 1831 605 1879 obedientia
626 1833 710 1879 SS.
745 1833 800 1878 D.
837 1834 893 1880 N.
925 1847 1048 1895 pape
1075 1831 1349 1895 prestanda.
1383 1831 1570 1879 Primus
1599 1835 1699 1879 erat
1726 1828 2011 1893 magnificus
2038 1829 2096 1875 D.

332 1915 486 1962 Putha
502 1914 561 1963 de
583 1915 849 1980 Ryzmberg
863 1917 920 1962 D.
940 1914 988 1961 in
1012 1911 1274 1971 S'svihovio‚
1293 1914 1429 1978 regni
1454 1913 1687 1962 Bohemie
1705 1927 1957 1976 supremus
1966 1910 2103 1975 justi-

332 1996 526 2056 tiarius3
552 1997 788 2045 secundus
815 1997 1099 2061 magnificus
1122 2000 1178 2045 D.
1203 1998 1448 2046 Johannes
1466 1997 1524 2046 de
1552 1996 1798 2044 Lobkwicz
1826 1997 1887 2042 D.
1904 1994 1957 2041 >in
1984 1995 2103 2041 Has-

333 2080 570 2139 senstein;
594 2080 761 2129 tertius
779 2080 1058 2129 venerabilis
1073 2083 1127 2128 D.
1148 2081 1320 2128 Paulus
1335 2080 1607 2144 prepositus
1624 2078 1825 2127 ecclesie
1843 2074 2099 2139 pragensis

335 2167 382 2212 et
402 2164 618 2227 ejusdem
637 2163 839 2212 ecclesie
865 2163 1221 2212 administrator
1247 2180 1275 2211 a
1295 2164 1409 2212 sede
1439 2162 1701 2227 apostolica
1721 2161 1999 2226 deputatus3
2023 2157 2101 2221 qui

332 2246 512 2310 recepti
535 2251 643 2294 sunt
673 2263 701 2294 a
729 2246 919 2294 familiis
960 2250 1250 2296 RRmorum.
1290 2249 1390 2295 DD.
1429 2246 1742 2295 cardinalium
1767 2249 1813 2294 et
1844 2246 1930 2293 SS.
1954 2245 2011 2290 D.
2041 2243 2098 2289 N.

328 2345 450 2393 pape
483 2333 530 2378 et
562 2330 784 2377 associati
815 2330 876 2378 ad
899 2330 1095 2378 domum
1121 2347 1293 2379 novam
1322 2335 1450 2378 retro
1479 2330 1756 2387 Minervam,
1782 2328 1918 2391 juxta
1941 2323 2100 2374 eccle-

331 2412 449 2459 siam
476 2428 515 2459 s.
540 2412 708 2472 Marci,
738 2412 818 2460 ubi
845 2413 1079 2476 hospitari
1108 2413 1363 2472 debebant,
1391 2428 1524 2460 more
1553 2414 1803 2460 consueto.
1835 2407 1979 2456 Primi
2007 2406 2100 2454 duo

333 2494 604 2557 equitarunt
626 2494 750 2543 inter
773 2500 977 2558 quatuor
996 2495 1205 2559 prelatos
1237 2495 1416 2559 palatii,
1442 2495 1610 2542 tertius
1631 2494 1756 2541 inter
1779 2507 1925 2540 unum
1945 2489 2103 2553 prela-

331 2582 435 2625 tum
456 2577 619 2641 palatii
647 2594 676 2625 a
702 2577 898 2637 dextris,
931 2582 978 2626 et
1004 2581 1246 2627 oratorem
1274 2578 1399 2642 regis
1438 2576 1676 2640 Hungarie
1699 2592 1726 2623 a
1752 2573 1973 2623 sinistris.
1998 2571 2102 2620 Alia

337 2660 497 2709 omnia
517 2677 652 2709 more
675 2661 814 2709 solito
836 2665 945 2709 sunt
960 2662 1226 2710 observata.

402 2744 580 2793 Eadem
599 2744 674 2793 die
689 2748 747 2793 R.
769 2745 818 2792 in
837 2744 1024 2793 Christo
1051 2747 1102 2792 P.
1129 2748 1186 2793 D.
1213 2748 1379 2794 Petrus
1404 2745 1463 2794 de
1493 2743 1747 2796 Vincentia
1776 2741 1906 2791 curie
1933 2754 2102 2789 causa-

337 2844 442 2876 rum
474 2844 664 2877 camere
689 2828 952 2892 apostolice
982 2828 1219 2891 generalis
1256 2828 1560 2877 abbreviator
1590 2845 1678 2893 per
1717 2830 1801 2876 SS.
1842 2829 1899 2874 D.
1939 2826 2016 2884 N.,
2041 2822 2099 2871 de

338 2911 537 2959 consilio
565 2914 856 2960 RRmorum.
894 2914 993 2959 DD.
1027 2912 1358 2972 cardinalium,
1391 2911 1595 2961 ecclesie
1629 2907 1937 2960 Cesenatensi
1970 2921 2098 2955 nunc

330 2994 536 3058 pastoris
565 2994 731 3043 solatio
761 2995 986 3044 destitute
1013 2996 1255 3060 prefectus
1279 3001 1351 3045 est
1380 2996 1429 3043 in
1458 2995 1738 3060 episcopum
1771 2998 1818 3043 et
1834 2996 2096 3057 pastorem.

399 3078 537 3126 Feria
566 3077 792 3138 secunda,
827 3082 882 3126 14
910 3079 1022 3127 maii
1049 3079 1097 3127 in
1130 3095 1290 3139 mane,
1322 3079 1443 3126 hora
1470 3082 1717 3138 consueta,
1747 3077 1797 3125 in
1817 3076 1971 3140 prima
1993 3072 2100 3122 aula

331 3160 494 3223 palatii
525 3164 709 3208 tentum
740 3165 813 3209 est
838 3162 1083 3225 publicum
1113 3161 1468 3220 consistorium,
1491 3161 1538 3208 in
1563 3176 1657 3224 quo
1686 3161 1856 3209 decem
1883 3162 2098 3207 oratores

334 3243 628 3291 serenissimi
652 3244 879 3308 principis
911 3245 1103 3292 Henrici
1128 3244 1297 3308 Anglie
1323 3247 1370 3292 et
1399 3243 1597 3291 Francie
1628 3243 1755 3307 regis
1785 3240 2098 3306 prestiterunt

338 3326 661 3376 obedientiam
701 3328 911 3377 debitam
941 3343 995 3376 ac
1036 3327 1224 3376 solitam
1252 3330 1299 3376 et
1332 3331 1614 3375 consuetam
1648 3328 1732 3375 SS.
1773 3328 1827 3373 D.
1864 3326 1920 3372 N.
1956 3335 2094 3385 pape,

336 3424 472 3458 more
506 3416 756 3461 consueto.
806 3411 916 3460 Feci
963 3410 1160 3458 eosdem
1196 3426 1254 3459 ex
1293 3409 1398 3458 aula
1434 3409 1677 3458 secretarii
1718 3411 1827 3457 ante
1856 3417 2097 3455 cameram
