2262 3958
390 341 436 375 30
985 329 1222 379 1JOHANNIS
1257 325 1549 373 BURCHARDI,
1939 327 2043 368 [Αοήι
2063 328 2153 370 1484]

390 439 723 503 apostolicum,
748 434 1125 482 Balthassarrem
1146 431 1203 478 de
1226 429 1497 487 Blandrate,
1516 428 1825 476 Franciscum
1848 428 2151 486 Bertellaum,

390 526 437 570 et
458 538 534 570 me
564 524 586 568 J
593 521 831 568 ohannem
861 515 1193 563 Burchardum
1214 513 1272 561 ad
1294 511 1621 575 recipiendum
1644 511 1804 559 omnia
1823 512 1949 559 bona
1969 510 2018 558 in
2038 525 2156 559 con-
2181 571 2186 574 ῃ

389 605 517 652 clave
564 600 815 651 existentia
850 598 996 647 futuri
1035 596 1208 646 summi
1240 594 1503 659 pontificis,
1549 593 1720 656 illaque
1759 594 1965 643 fideliter
2001 593 2156 642 distri-

387 687 630 734 buendum
661 685 785 732 iuter
814 681 1124 730 conclavistas
1154 679 1410 744 predictos.
1439 679 1773 725 Convenerunt
1799 694 1987 741 quoque
2009 677 2154 725 iidem

389 769 692 827 conclaviste,
724 766 852 829 quod
882 764 1168 813 conclaviste
1200 761 1385 810 romani
1424 759 1664 824 pontificis
1691 759 1854 820 futuri,
1889 763 1936 808 et
1976 760 2054 808 alii
2097 776 2155 808 ex

389 849 690 914 supradictis,
723 848 803 911 qui
841 845 1190 895 cathedralibus
1227 843 1444 892 ecclesiis
1488 842 1584 889 sive
1621 841 1985 906 metropoliticis
2015 843 2158 906 prefi-

388 933 575 981 cientur
595 932 642 978 in
663 931 916 995 episcopos
948 933 994 977 et
1023 932 1256 992 pastores,
1293 943 1349 974 ex
1379 924 1699 990 promissione
1727 925 1776 972 in
1796 925 1924 973 dicto
1945 925 2159 974 conclavi

388 1017 457 1065 eis
488 1016 650 1063 forsan
680 1014 923 1073 facienda,
959 1013 1032 1060 vel
1066 1012 1188 1059 intra
1220 1025 1438 1058 mensem
1470 1012 1579 1073 post
1611 1008 1974 1056 coronationem
2011 1007 2160 1057 futuri

388 1098 644 1164 pontificis,
691 1101 799 1145 ante
842 1101 1001 1144 tamen
1039 1094 1320 1142 divisionem
1365 1094 1604 1140 bonorum
1649 1092 1999 1156 predictorum,
2041 1091 2160 1140 nihil

388 1183 565 1230 habere
596 1181 802 1228 debeant
828 1180 885 1227 de
916 1179 1077 1243 spoliis
1109 1177 1410 1242 supradictiS,
1446 1176 1529 1223 sed
1560 1176 1638 1223 illa
1670 1176 1794 1224 inter
1825 1175 1942 1223 alios
1974 1178 2160 1224 tantum

387 1263 545 1311 dividi.
581 1262 762 1310 Deinde
795 1277 980 1319 omnes,
1021 1264 1067 1308 et
1105 1259 1276 1323 singuli
1308 1258 1652 1322 quinquaginta
1678 1258 1966 1308 conclaviste
1994 1275 2161 1324 supra-

387 1346 501 1394 dicti
530 1345 809 1393 eorumdem
838 1347 1125 1392 RRmorum.
1158 1345 1256 1390 DD.
1289 1341 1602 1390 cardinalium
1632 1341 1680 1388 in
1709 1342 1920 1390 conclavi
1951 1343 2160 1392 existen-

389 1429 524 1488 tium,
550 1427 687 1476 tactis
721 1427 968 1491 scripturis
1002 1425 1318 1474 sacrosanctis
1352 1425 1399 1472 in
1433 1425 1652 1473 manibus
1679 1425 1849 1489 prefati
1883 1428 1939 1473 D.
1976 1427 2160 1476 abbatis

390 1511 604 1571 sacriste,
650 1511 708 1558 ad
742 1514 905 1558 sancta
938 1510 1024 1558 Dei
1058 1509 1302 1572 evangelia
1336 1509 1631 1572 juraverunt,
1675 1512 1721 1556 et
1762 1509 1961 1572 quilibet
1992 1525 2162 1558 eorum

384 1594 573 1659 juravit,
600 1594 726 1656 quod
755 1593 793 1640 si
823 1593 1046 1640 dominus
1083 1609 1196 1640 suus
1231 1592 1444 1655 pontifex
1483 1592 1702 1655 eligetur,
1733 1592 1791 1640 de
1819 1591 2026 1641 fideliter
2051 1609 2161 1658 pre-

389 1677 619 1726 sentando
648 1676 809 1724 omnia
839 1680 885 1724 et
914 1676 1098 1739 singula
1117 1676 1244 1722 bona
1274 1691 1375 1733 sua,
1406 1675 1500 1722 hoc
1524 1679 1595 1722 est
1626 1675 1844 1738 ejusdem
1865 1664 2046 1724 domini
2067 1677 2159 1736 sui,

389 1777 480 1824 que
515 1759 563 1806 in
595 1759 807 1807 conclavi
837 1760 1000 1818 habet,
1031 1774 1193 1815 aurea,
1224 1761 1468 1821 argentea,
1492 1757 1674 1820 lapides
1705 1757 1942 1820 pretiosos
1969 1763 2016 1807 et
2042 1776 2161 1823 qua-

386 1843 658 1905 liacumque
690 1841 826 1907 {bona
865 1845 998 1899 sunt,
1043 1841 1191 1888 nihilo
1238 1842 1449 1904 dempto,
1484 1840 1679 1903 prefatis
1725 1844 1908 1904 septem
1953 1843 2160 1892 dominis

387 1924 739 1989 deputatis,'vel
760 1924 894 1972 alteri
918 1940 975 1971 ex
996 1924 1128 1987 ipsis.
1153 1924 1293 1971 Aliud
1321 1924 1446 1971 inter
1473 1908 1561 1972 nos
1583 1925 1760 1973 factum
1782 1942 1879 1974 non
1901 1930 1974 1975 est
1993 1927 2154 1976 hodie.

449 2007 602 2056 Finita
622 2006 1012 2070 congregatione,
1037 2006 1180 2069 aliqui
1209 2022 1266 2054 ex
1292 1989 1407 2070 ipsis
1438 2007 1682 2055 redierunt
1711 2009 1759 2056 in
1782 2025 1997 2058 cameras
2019 2027 2155 2071 suas;

387 2091 465 2140 alii
499 2107 607 2139 cum
640 2090 742 2138 aliis
775 2090 1029 2137 hincinde
1063 2089 1423 2137 deambulantes
1456 2091 1899 2152 confabulabantur,
1936 2093 2014 2141 alii
2047 2093 2160 2142 divi-

385 2190 500 2222 num
522 2172 732 2221 officium
754 2172 1104 2236 persolvebant.

450 2256 629 2304 Eadem
658 2255 752 2315 die,
778 2255 906 2303 circa
934 2255 1104 2303 horam
1135 2256 1518 2305 xxn'redierunt
1554 2257 1808 2307 servitores
1847 2259 2159 2309 cardinalium

387 2339 446 2388 ad
473 2339 649 2387 ostium
677 2338 914 2386 conclavis
954 2354 1064 2386 cum
1090 2339 1281 2386 cibariis
1312 2343 1359 2386 et
1387 2345 1502 2402 potu
1535 2357 1622 2404 pro
1651 2357 1787 2401 cena,
1819 2342 1990 2404 quibus
2017 2343 2158 2391 resti-

386 2423 644 2470 tuebantur
680 2438 791 2469 vasa
829 2425 1072 2484 argentea,
1115 2437 1206 2483 que
1246 2437 1332 2484 pro
1371 2423 1570 2484 prandio
1609 2427 2000 2487 apportaverant;
2048 2425 2158 2473 dedi

386 2509 498 2553 tunc
517 2505 687 2552 horam
709 2502 923 2567 singulis,
949 2504 1093 2566 quod,
1126 2503 1350 2551 conclave
1379 2504 1654 2567 hujusmodi
1686 2506 1904 2567 durante,
1929 2506 2156 2572 deinceps

386 2587 582 2651 singulis
609 2586 777 2634 diebus
807 2586 935 2634 circa
966 2587 1134 2633 horam
1170 2603 1274 2633 xun
1308 2602 1417 2634 cum
1452 2588 1652 2650 prandio
1689 2592 1735 2636 et
1756 2589 1885 2638 circa
1909 2606 2016 2639 xxn
2044 2607 2155 2639 cum

386 2687 506 2719 cena
526 2668 836 2719 cardinalium
857 2669 1150 2717 advenirent.

449 2753 587 2802 Feria
621 2758 751 2801 sexta
781 2752 960 2800 mensis
993 2747 1183 2816 augusti
1205 2769 1392 2802 summo
1432 2771 1571 2803 mane
1609 2759 1774 2804 Rmus.
1812 2760 1868 2805 D.
1901 2758 2153 2807 cardinalis

387 2837 538 2886 sancti
559 2836 705 2884 Marci
729 2835 777 2883 in
797 2836 943 2884 altare
968 2835 1135 2899 majori
1162 2852 1303 2900 parve
1332 2838 1529 2901 capelle,
1565 2839 1823 2888 celebravit
1849 2841 2045 2890 missam
2064 2858 2152 2906 pro

386 2919 635 2970 devotione
659 2936 760 2980 sua,
786 2918 1083 2966 ministrante
1107 2919 1195 2966 sibi
1219 2937 1312 2967 uno
1335 2937 1392 2968 ex
1421 2922 1517 2969 suis
1546 2923 1863 2975 conclavistis,
1887 2925 2019 2972 Idem
2038 2924 2153 2972 fecit

385 3008 492 3069 post
513 3020 624 3053 eum
651 3001 903 3052 cardinalis
930 3001 1174 3065 Agriensis
1205 3007 1252 3050 et
1280 3004 1661 3063 MatisconensiS,
1697 3009 1743 3052 et
1769 3006 1960 3068 quidam
1991 3006 2086 3065 alii,
2111 3007 2150 3053 si

385 3087 507 3136 hene
536 3085 749 3136 memini.
791 3086 971 3133 Deinde
1002 3085 1130 3133 circa
1163 3085 1332 3133 horam
1373 3091 1586 3134 octavam
1616 3088 1761 3134 abbas
1792 3088 1943 3136 sancti
1976 3089 2151 3137 Sebas-

386 3169 500 3218 tiani
523 3170 721 3219 sacrista
740 3173 920 3228 noster,
946 3168 1083 3215 nobis
1106 3168 1194 3214 sibi
1215 3169 1611 3229 ministrantibus,
1642 3170 1757 3217 dixit
1784 3171 1980 3220 missam
1999 3171 2152 3235 publi-

385 3269 506 3313 cam,
550 3253 597 3301 in
635 3252 924 3318 paramentis
965 3257 1124 3301 tamen
1164 3253 1537 3301 sacerdotalibus
1577 3258 1776 3302 tantum.
1826 3256 2149 3303 Interfuerunt

385 3351 551 3384 omnes
579 3337 843 3384 cardinales
871 3336 1020 3384 induti
1054 3352 1197 3400 super
1228 3336 1478 3384 rochetum
1510 3337 1665 3400 parvis
1693 3338 1982 3401 cappucciis,
2014 3337 2146 3386 colo-

384 3417 448 3465 ris
481 3419 594 3482 ipsis
631 3420 949 3469 cardinalibus
982 3419 1132 3483 magis
1161 3419 1409 3484 placentis,
1444 3424 1491 3468 et
1519 3420 1726 3485 desuper
1760 3421 1932 3470 crociis
1969 3420 2142 3469 coloris
