2262 3958
341 324 411 358 466
950 319 967 354 J
976 318 1185 355 OHANNIS
1218 317 1512 364 BURCHARDI,
1892 322 1998 367 [Avril
2022 322 2113 370 1492]

343 421 486 486 pelle,
513 422 731 488 deposita
760 436 902 469 cruce
930 418 1275 484 processionali
1303 421 1429 481 Pape
1455 418 1512 466 de
1540 419 1710 468 baculo
1732 437 1837 480 suo,
1860 426 2112 484 portarunt

340 505 471 553 illam
509 504 557 552 in
597 504 892 568 paramentis
931 518 1026 567 quo
1077 507 1330 560 venerunt,
1361 500 1629 549 cardinales
1669 507 1715 551 et
1752 505 1922 568 prelati
1960 507 2111 570 parati

342 604 527 636 omnes.
570 588 639 635 Ibi
670 591 796 651 Papa
830 587 1018 651 accepit
1051 589 1333 651 paramenta
1368 589 1416 633 et
1448 584 1868 648 processionaliter
1897 587 2026 635 venit
2052 586 2110 636 ad

338 671 497 718 locum
516 670 838 734 processionis
861 674 908 718 et
928 670 1119 733 publice
1142 667 1491 718 benedictionis
1514 668 1611 728 ubi,
1639 669 1764 718 facta
1785 670 1872 719 sibi
1895 686 1983 735 per
2003 687 2109 720 car-

340 752 523 800 dinales
543 753 808 801 reverentia
825 758 1071 812 consueta,
1096 752 1206 801 lecti
1227 752 1418 801 fuerunt
1445 768 1699 816 processus
1729 768 1817 816 per
1839 755 1897 802 D.
1929 754 2106 803 Johan-

340 852 451 884 nem
470 836 528 885 de
558 837 815 885 Bernardis
845 836 1194 884 subdiaconum
1230 836 1546 899 apostolicum
1579 836 1725 884 latine
1759 835 1932 885 deinde
1957 836 2110 885 cardi-

343 921 501 970 nalem
541 921 599 969 de
637 920 869 968 Columna
910 920 959 967 in
997 919 1194 983 vulgari,
1238 919 1287 966 in
1336 919 1508 982 quibus
1554 919 1766 967 additum
1811 919 1899 966 fuit
1947 923 2113 968 contra

341 1004 658 1069 impedientes
687 1003 1050 1067 impetrationes
1084 1001 1432 1051 beneficiorum
1461 1002 1897 1051 ecclesiasticorum
1919 1002 2065 1052 etiam
2085 1018 2115 1051 a

343 1089 455 1138 sede
493 1087 774 1151 apostolica.
815 1086 982 1134 Finitis
1013 1071 1344 1150 processibus,
1388 1088 1515 1149 Papa
1557 1085 1685 1134 dedit
1723 1085 2111 1135 benedictionem

344 1171 608 1220 solemnem
638 1174 684 1219 et
715 1170 955 1234 plenarias
987 1169 1334 1232 indulgentias3
1370 1169 1561 1229 deinde,
1593 1169 1800 1218 dimissis
1835 1187 1863 1219 a
1893 1170 2111 1219 cardina-

340 1254 465 1301 libus
497 1258 543 1302 et
564 1253 759 1317 prelatis
794 1252 1104 1316 paramentis,
1142 1254 1270 1315 Papa
1295 1268 1381 1315 per
1401 1252 1533 1299 aulas
1565 1252 1726 1300 solitas
1755 1252 1883 1301 venit
1905 1258 1953 1301 et
1973 1253 2113 1302 rediit

341 1337 400 1385 ad
433 1352 649 1385 cameras
690 1351 817 1383 suas.
860 1334 1122 1383 Cardinalis
1166 1350 1277 1383 vero
1312 1350 1353 1383 s.
1395 1334 1523 1383 Petri
1566 1335 1627 1383 ad
1658 1335 1864 1385 Vincula
1898 1335 2026 1384 venit
2062 1335 2113 1383 in

340 1419 530 1484 pluviali
558 1435 644 1468 suo
675 1419 782 1467 albo
815 1434 926 1467 cum
960 1422 1087 1482 Papa
1121 1418 1180 1466 ad
1208 1418 1397 1467 tertiam
1432 1418 1591 1466 aulam
1629 1418 1727 1477 ubi,
1774 1417 2046 1466 licentiatus
2081 1433 2110 1466 a

343 1510 486 1570 Papa,
518 1504 738 1569 deposuit
768 1502 970 1567 pluviale
1007 1502 1185 1561 album,
1218 1502 1401 1566 accepit
1427 1501 1599 1549 stolam
1629 1500 1894 1550 violaceam
1928 1501 2112 1566 simpli-

342 1605 465 1648 cem,
498 1587 699 1652 pluviale
735 1586 1004 1635 violaceum
1041 1585 1309 1648 simplicem
1341 1589 1388 1632 et
1416 1584 1608 1634 mitram
1641 1584 1850 1648 planam,
1885 1583 2111 1648 imposuit

342 1669 611 1728 incensum,
668 1667 913 1716 benedixit
959 1667 1162 1716 diacono
1208 1668 1289 1731 qui
1329 1667 1444 1716 dixit
1489 1667 1806 1732 evangelium.
1847 1666 2109 1716 Cardinalis

341 1753 531 1810 deinde,
572 1754 773 1815 accepto
809 1750 977 1809 linteo,
1024 1750 1136 1798 lavit
1170 1751 1318 1814 pedes
1358 1750 1589 1800 tredecim
1628 1767 1892 1816 pauperum
1931 1754 1980 1799 et
2017 1750 2112 1800 alia

341 1837 589 1884 observata
633 1839 744 1882 sunt
784 1849 917 1882 more
953 1834 1109 1882 solito.
1151 1834 1475 1882 Interfuerunt
1512 1834 1720 1898 quinque
1759 1833 2026 1883 cardinales
2060 1833 2108 1882 in

341 1934 505 1967 eorum
540 1918 703 1982 cappis
745 1917 975 1964 continuo
1013 1920 1211 1976 stantes,
1252 1916 1474 1965 videlicet
1505 1933 1514 1964 :
1541 1901 1817 1984 Januensis,
1859 1919 2108 1966 Beneven-

339 2006 497 2060 tanus,
530 1999 810 2059 Aleriensis‚
843 2016 881 2047 s.
915 2000 1163 2048 Anastasia
1193 2003 1240 2048 et
1269 2000 1327 2048 de
1364 1999 1614 2048 Columna.
1650 1999 1905 2049 Credentia
1942 2003 2109 2063 parata

340 2084 426 2132 suit
442 2099 500 2133 eo
522 2083 689 2132 ordine
711 2098 800 2147 per
813 2083 1158 2131 credentiarios
1187 2086 1332 2147 Pape,
1357 2099 1412 2131 ac
1431 2083 1469 2131 si
1492 2086 1621 2147 Papa
1651 2083 1819 2131 fuisset
1842 2082 1991 2147 pedes
2013 2082 2108 2131 illic

337 2167 541 2215 loturus.
582 2166 760 2214 Bacilia
805 2181 914 2214 cum
965 2166 1184 2230 pecuniis
1218 2170 1266 2215 et
1302 2166 1578 2215 mantilibus
1628 2165 1960 2214 ministrarunt
2000 2168 2101 2215 DD.

340 2253 521 2315 Gaspar
535 2250 747 2298 Blondus
769 2253 817 2298 et
836 2249 1080 2298 Johannes
1103 2252 1310 2310 Gerona,
1339 2250 1500 2299 clerici
1526 2266 1716 2299 camere
1744 2249 2024 2314 apostolice,
2061 2252 2108 2298 et

338 2336 395 2382 D.
414 2334 558 2382 Falco
586 2333 912 2381 thesaurarius
953 2336 1080 2397 Pape
1108 2333 1393 2382 ministravit
1430 2334 1651 2383 manibus
1686 2332 1941 2382 cardinalis
1969 2349 2104 2397 map-

336 2416 470 2479 pulas
493 2420 539 2465 et
560 2416 813 2480 pecunias3
838 2416 930 2463 alia
950 2402 1110 2464 omnia
1128 2432 1263 2465 more
1286 2417 1425 2466 solito
1446 2422 1557 2466 sunt
1577 2418 1842 2466 observata.

399 2500 579 2548 Eadem
601 2499 695 2558 die,
721 2499 848 2547 circa
870 2500 1040 2547 horam
1057 2516 1169 2559 xxn,
1193 2500 1386 2563 incepte
1409 2506 1518 2549 sunt
1549 2501 1596 2548 in
1619 2501 1804 2563 capella
1830 2498 2105 2565 supradicta

336 2582 569 2631 matutine
588 2582 910 2641 tenebrarum,
940 2585 1067 2646 Papa
1099 2583 1315 2631 absente.
1336 2585 1387 2630 In
1411 2584 1524 2644 tine,
1555 2587 1720 2632 Rmus.
1755 2586 1813 2632 D.
1846 2582 2101 2632 cardinalis

338 2684 377 2715 s.
397 2665 524 2715 Petri
552 2666 611 2714 ad
631 2665 850 2725 Vincula,
882 2666 1092 2714 crastina
1127 2666 1202 2714 die
1234 2666 1391 2715 divina
1416 2672 1626 2727 acturus,
1661 2666 1782 2715 dixit
1813 2666 2098 2716 orationem.

400 2751 591 2799 Venere
614 2753 796 2807 sancta,
837 2751 898 2796 20
922 2748 1034 2796 dicti
1067 2749 1246 2797 mensis
1269 2749 1449 2813 aprilis,
1483 2753 1646 2798 RmuS.
1678 2752 1740 2797 D.
1783 2749 2037 2798 cardinalis
2059 2766 2098 2797 s.

338 2832 465 2881 Petri
501 2832 562 2880 ad
594 2831 797 2882 Vincula
832 2831 883 2878 in
923 2832 1108 2896 capella
1140 2832 1355 2896 predicta
1389 2834 1577 2897 peregit
1616 2832 1826 2881 divinum
1864 2832 2100 2891 officium,

337 2919 465 2980 Papa
485 2915 702 2964 absente.
741 2915 923 2963 Dicturi
952 2916 1228 2979 passionem
1264 2922 1546 2980 paramenta
1574 2917 1730 2982 nigra,
1755 2916 1973 2964 similiter
2001 2915 2103 2963 dia-

337 3016 486 3048 conus
504 3003 550 3048 et
571 2999 895 3048 subdiaconus
934 3000 1116 3062 capelle
1139 3000 1355 3063 planetas
1377 2999 1542 3064 nigras
1574 3004 1684 3049 ante
1715 3002 1883 3064 pectus
1904 2998 2102 3063 plicatas

334 3085 623 3133 habuerunt.
661 3086 765 3131 Dux
798 3084 1013 3132 Ferrarie
1036 3099 1131 3132 non
1161 3085 1248 3131 fuit
1269 3084 1317 3131 in
1338 3084 1522 3147 capella
1549 3100 1640 3133 nec
1660 3082 1829 3146 aliquis
1847 3083 1908 3130 ad
1927 3081 2101 3147 gradus

337 3169 440 3216 solii
479 3167 707 3216 interfuit.
749 3169 878 3231 Papa
911 3166 1040 3214 misit
1080 3165 1342 3215 celebranti
1378 3181 1464 3229 per
1495 3166 1743 3215 sacristam
1780 3181 1871 3213 xxv
1903 3164 2100 3212 ducatos

336 3251 464 3299 cruci
489 3250 787 3309 offerendos3
814 3265 1090 3299 sermonem
1112 3249 1227 3297 fecit
1247 3247 1638 3313 archiepiscopus
1670 3247 1972 3297 Patracensis
1995 3247 2097 3295 sine

336 3349 509 3397 magna
528 3333 685 3382 laude.
711 3333 1046 3382 Celebraturus
1074 3332 1201 3381 venit
1224 3331 1284 3379 ad
1312 3345 1537 3394 magnam
1565 3332 1798 3396 capellam
1830 3347 1916 3397 pro
1947 3345 2101 3379 sacra-

336 3422 518 3476 mento,
547 3422 595 3466 et
614 3418 707 3466 alia
726 3417 887 3466 omnia
907 3431 1041 3466 more
1070 3415 1208 3464 solito
1237 3418 1346 3461 sunt
1373 3413 1638 3463 observata.
