2262 3958
206 314 528 357 [Novembre148ffl
654 311 822 348 RERUM
856 309 1159 347 URBANARUM
1193 305 1543 345 COMMENTARII.
1916 304 1987 339 323

204 415 290 465 sed
309 429 397 478 per
415 416 568 461 totam
597 412 775 460 Urbem
802 410 1046 474 divulgata
1072 414 1120 457 et
1146 407 1374 472 prescita.
1414 409 1512 471 Ego
1543 419 1638 452 non
1663 402 1876 462 interfui,
1902 404 1988 452 sed

202 499 348 547 fratre
380 495 550 561 prefati
581 494 822 544 Gullielmi
853 492 1104 542 camerarii
1140 491 1330 551 secreti,
1363 491 1443 554 qui
1479 489 1712 549 interfuit,
1740 490 1835 539 hec
1868 487 1986 536 mihi

202 581 460 640 referente,
486 579 663 639 notavi,
693 578 805 627 licet
832 581 1005 626 contra
1034 591 1256 624 normam
1291 574 1680 624 ceremoniarum
1711 577 1987 622 nostrarum

203 668 313 713 acta
332 663 445 724 sint,
482 679 576 727 que
605 677 834 727 expresse
865 660 1127 725 prohibent
1160 659 1388 707 mulieres
1414 675 1521 708 esse
1551 658 1601 706 in
1634 657 1850 707 convivio
1877 672 1988 706 cum

332 747 458 796 'fice.

205 750 407 881 Ροὲἑιτίἃ
433 824 591 890 tertia,
642 833 697 877 18
735 825 1027 885 novembris,
1071 824 1120 872 in
1157 824 1343 888 capella
1369 824 1554 887 majore
1592 824 1754 887 palatii
1796 825 1923 887 apud
1946 842 1984 873 s.

205 919 402 966 Petrum
444 930 532 978 pro
564 913 687 961 festo
720 908 1037 959 dedicationis
1075 908 1384 957 basilicarum
1413 907 1744 971 apostolorum
1785 908 1913 955 Petri
1945 912 1992 956 et

204 998 355 1056 Pauli,
377 1000 438 1046 R.
471 999 523 1044 P.
557 998 615 1044 D.
645 994 870 1043 Stefanus
904 991 1297 1056 archiepiscopus
1321 990 1624 1039 patracensis
1654 997 1700 1038 et
1733 990 1990 1055 episcopus

201 1079 581 1132 Torcellanensis
609 1077 866 1127 celebravit
886 1076 1083 1125 missam
1112 1076 1400 1135 solemnem,
1430 1077 1560 1138 Papa
1590 1078 1637 1123 et
1667 1074 1990 1123 cardinalibus

199 1164 523 1230 presentibus
547 1162 684 1211 Dicta
702 1166 775 1211 est
796 1163 983 1209 tantum
1008 1177 1103 1208 una
1130 1160 1284 1209 oratio
1313 1165 1361 1208 et
1386 1159 1569 1218 Cre'do;
1587 1159 1790 1208 nonfuit
1809 1175 1988 1209 serm0.

168 1261 171 1264 '
200 1251 346 1298 Facta
369 1246 640 1298 reverentia
662 1262 750 1311 per
777 1244 1064 1304 cardinales,
1096 1249 1144 1293 et
1171 1244 1299 1292 dicto
1331 1263 1339 1292 :
1380 1243 1542 1292 Gloria
1573 1244 1621 1291 z‘n
1648 1244 1839 1292 excelsis
1865 1245 1989 1304 Deo,

202 1335 333 1399 Papa
363 1331 605 1382 mandavit
639 1329 775 1389 mihi,
819 1332 870 1377 ut
906 1328 955 1376 in
1002 1328 1229 1393 gradibus
1265 1328 1370 1377 solii
1403 1328 1565 1377 locum
1605 1328 1771 1377 darem
1802 1328 1991 1378 cuidam

201 1415 381 1466 oratori
404 1415 531 1480 regis
554 1414 744 1473 Russie,
771 1413 831 1461 ad
846 1429 983 1462 suam
999 1412 1315 1462 sanctitatem
1337 1428 1423 1477 pro
1443 1412 1719 1462 obedientia
1732 1414 1994 1477 prestanda

202 1499 369 1560 misso,
403 1499 533 1564 quod
566 1503 612 1547 et
654 1498 749 1547 feci
787 1503 834 1547 et
880 1498 947 1546 illi
983 1498 1147 1547 locum
1177 1498 1415 1562 assignavi
1447 1498 1534 1546 sub
1568 1502 1810 1558 senatore,
1852 1515 1993 1563 supra

204 1587 570 1633 conservatores
589 1599 781 1632 camere
805 1582 963 1631 Urbis.
991 1582 1162 1630 Omnia
1184 1582 1275 1630 alia
1296 1582 1421 1631 facta
1450 1586 1560 1630 sunt
1579 1598 1715 1631 more
1737 1586 1989 1631 consueto.

268 1667 407 1717 Feria
438 1671 624 1731 quarta,
664 1671 719 1715 19
751 1667 1044 1725 novembris,
1085 1671 1196 1715 ante
1230 1667 1401 1715 horam
1439 1671 1485 1714 et
1524 1667 1687 1716 locum
1729 1667 1990 1727 audientie,

205 1765 351 1814 supra
364 1750 556 1815 palcum
579 1750 627 1797 in
654 1750 798 1814 plano
827 1767 972 1814 supra
993 1750 1169 1814 gradus
1196 1755 1525 1815 preparatum,
1550 1767 1639 1816 per
1659 1755 1713 1800 R.
1732 1751 1782 1799 in
1805 1751 1993 1800 Christo

203 1833 257 1882 Ρ.
282 1834 337 1881 D.
359 1834 552 1881 Petrum
581 1833 866 1897 episcopum
901 1836 1278 1883 Cesenatensem
1309 1834 1582 1883 auditorem
1615 1851 1829 1894 camere,
1867 1835 1994 1883 lecta

201 1915 509 1965 confessione
550 1920 598 1965 et
635 1916 946 1980 inquisitione
984 1922 1155 1966 contra
1190 1918 1426 1967 Jacobum
1468 1919 1594 1967 Petri
1624 1923 1834 1968 Romero
1853 1936 1990 1984 pres-

201 1997 422 2064 byterum
443 1999 701 2049 Ilerdensis
724 1999 783 2066 (1)
809 2000 1016 2050 diecesis
1043 2001 1092 2050 in
1122 2001 1370 2066 Hispania,
1394 2003 1670 2066 professum
1700 2004 1990 2053 canonicum

203 2082 476 2147 regularem
491 2083 674 2132 ordinis
694 2100 733 2131 S.
751 2085 1007 2148 Augustini
1023 2085 1167 2146 facta,
1189 2086 1355 2134 habita
1376 2090 1423 2134 et
1436 2087 1548 2147 lata,
1571 2104 1626 2136 ac
1649 2087 1993 2137 commissione

203 2181 351 2230 super
374 2167 549 2216 actuali
583 2167 928 2232 degradatione
964 2169 1205 2229 facienda,
1233 2171 1461 2218 eumdem
1480 2172 1715 2219 ‚Iacobum
1737 2172 1990 2221 actualiter

202 2247 482 2315 degradavit
499 2251 636 2315 juxta
656 2252 862 2301 formam
895 2253 1206 2317 pontificalis,
1238 2257 1285 2302 et
1317 2269 1428 2302 eum
1451 2254 1766 2319 degradatum
1784 2256 1993 2304 Ambro-

202 2333 308 2382 sino
340 2333 575 2399 barigello
609 2335 932 2400 consignavit;
971 2342 1036 2396 et,
1068 2341 1293 2401 presente
1331 2341 1387 2386 D.
1422 2338 1613 2388 Justino
1648 2340 1898 2400 advocato,
1933 2342 1990 2388 N.

201 2416 261 2467 de
281 2419 455 2467 Parma
474 2423 788 2482 procuratore
811 2421 982 2481 fiscali,
1009 2426 1054 2471 et
1078 2426 1179 2470 toto
1198 2423 1377 2488 populo
1396 2428 1584 2473 astante
1605 2428 1653 2473 et
1670 2424 1879 2484 vidente,
1906 2423 1995 2471 fuit

200 2506 249 2552 et
281 2501 454 2552 exinde
487 2519 576 2567 per
611 2494 896 2569 barigellum
930 2506 991 2555 ad
1029 2506 1198 2555 turrim
1230 2507 1425 2556 Soldani
1447 2509 1691 2557 reductuS.
1727 2511 1893 2556 Rmus.
1933 2510 1990 2556 D.

198 2586 616 2642 vicecancellarius
633 2588 838 2638 obtinuit
859 2605 946 2654 pro
965 2605 1022 2638 eo
1042 2606 1071 2638 a
1091 2592 1175 2639 SS.
1205 2593 1261 2639 D.
1282 2593 1338 2639 N.
1365 2591 1570 2656 gratiam
1585 2591 1695 2641 vite.

266 2669 407 2720 Feria
426 2670 610 2735 quinta,
638 2675 699 2721 20
724 2673 1020 2733 novembris,
1045 2677 1210 2725 Rmus.
1237 2678 1295 2724 D.
1334 2676 1591 2725 cardinalis
1612 2675 1848 2725 Ascanius
1882 2675 1995 2724 fecit

199 2753 456 2820 prandium
493 2770 606 2803 cum
642 2758 727 2805 SS.
768 2759 826 2805 D.
861 2759 946 2817 N.;
982 2764 1091 2823 post
1127 2759 1383 2824 prandium
1413 2760 1572 2810 venati
1607 2764 1717 2809 sunt
1750 2760 1798 2808 in
1835 2760 1989 2819 vinea,

201 2842 250 2887 et
275 2836 324 2886 in
346 2842 490 2887 nocte
524 2839 746 2903 sequenti
770 2841 1006 2890 Sanctitas
1029 2859 1117 2892 sua
1145 2843 1194 2892 in
1217 2862 1411 2909 gravem
1429 2846 1769 2913 {infirmitatem
1802 2845 1986 2907 incidit,

204 2938 263 2972 ex
280 2921 568 2987 qua[deinde
589 2923 649 2972 de
672 2923 778 2989 ejus
801 2924 935 2973 obitu
956 2925 1175 2989 pluribus
1194 2929 1405 2993 suspicio
1427 2930 1570 2980 venit.

270 3007 324 3055 In
345 3010 488 3056 nocte
517 3007 755 3071 sequenti,
787 3008 863 3058 die
886 3009 1008 3074 jovis
1031 3013 1092 3059 20
1120 3013 1412 3075 novembris,
1440 3031 1550 3063 cum
1581 3031 1748 3063 rumor
1774 3013 1833 3062 de
1863 3015 1990 3078 Pape

206 3089 340 3139 obitu
375 3096 522 3152 esset,
565 3094 732 3140 Rmus.
783 3095 841 3141 D.
885 3093 1140 3142 cardinalis
1178 3096 1469 3145 camerarius
1510 3102 1558 3146 et
1596 3098 1654 3146 de
1694 3097 1897 3155 Ursinis,
1940 3100 1997 3144 ut

205 3178 377 3238 postea
407 3174 589 3224 dictum
626 3179 717 3237 est,
755 3176 806 3225 in
839 3177 1062 3227 domibus
1101 3179 1199 3227 suis
1236 3180 1468 3230 familiam
1504 3186 1656 3230 totam
1686 3181 1813 3230 illico
1844 3197 1998 3229 arma-

208 3262 393 3319 verunt,
414 3258 725 3323 providendo,
751 3261 790 3310 si
811 3277 950 3311 casus
971 3262 1232 3324 evenisset,
1257 3264 1402 3314 rebus
1424 3264 1732 3330 opportunis3
1755 3267 1865 3329 post
1882 3264 1993 3322 hee,

223 3438 233 3450 ⁸
259 3446 290 3483 l.
320 3444 528 3493 Ilerdensis,
550 3446 693 3494 Lerida,
713 3459 759 3486 en
780 3447 994 3499 Catalogne.
