2262 3958
302 307 370 345 104
909 302 1141 340 JOHANNIS
1174 301 1468 350 BURCHARDI,
1679 351 1683 355 ι
1743 302 1962 347 [Septembre
1979 302 2069 345 1484]

367 408 640 457 Recedente
656 403 882 471 pontifice
904 405 963 454 de
985 405 1142 469 platea
1162 421 1200 454 s.
1227 404 1373 464 Petri,
1407 405 1631 454 soldanus
1657 406 1772 455 fecit
1797 410 1895 455 tres
1912 406 2069 470 jactus

300 491 614 558 pecuniarum
636 490 811 554 populo
835 492 885 537 ut
906 491 1034 553 Papa
1052 488 1250 537 liberius
1272 489 1535 552 procedere
1556 493 1737 553 posset.

369 578 487 624 Cum
509 577 634 638 Papa
662 571 961 637 pervenisset
986 588 1135 636 prope
1165 575 1374 621 castrum
1401 588 1440 620 s.
1474 573 1662 636 Angeli,
1695 589 1746 622 se
1776 572 1999 633 firmavit,
2025 577 2072 622 et

301 658 457 717 Judei,
483 656 563 720 qui
584 656 642 704 ad
663 655 917 705 inferiores
946 655 1154 704 merulas
1187 656 1236 703 in
1262 656 1435 719 angulo
1467 655 1580 704 dicti
1614 655 1758 704 castri
1789 671 1955 704 versus
1976 656 2075 720 pla-

305 745 431 788 team
454 756 503 787 se
527 755 636 787 cum
658 742 828 787 ornatu
850 743 896 787 et
916 739 1023 802 lege
1048 754 1131 787 sua
1152 742 1452 802 receperant,
1478 739 1752 791 obtulerunt
1766 741 1892 802 Pape
1913 739 2073 803 legem

305 823 598 872 adorandam
637 826 685 871 et
734 823 1084 882 honorandam,
1122 822 1281 870 verbis
1310 822 1576 881 hebraicis,
1600 822 1649 871 in
1677 823 1803 871 hanc
1841 821 1942 871 fere
1963 837 2077 870 sen-

307 907 505 956 tentiam
528 909 705 970 Papam
733 906 1054 954 acclamantes
1081 923 1089 953 :

376 1010 398 1034 «
435 988 716 1037 Beatissime
750 991 903 1052 pater,
939 1003 1028 1035 nos
1059 987 1146 1036 viri
1191 987 1386 1047 Hebrei,
1426 987 1619 1035 nomine
1654 987 1882 1051 sinagoge
1916 992 2078 1038 nostre

309 1072 630 1136 supplicamus
655 1070 967 1120 Sanctitatem
993 1074 1201 1118 vestram
1222 1073 1270 1118 ut
1291 1070 1449 1133 legem
1476 1085 1751 1135 mosaycam
1778 1071 1837 1118 ab
1859 1072 2080 1136 omnipo-

307 1155 426 1204 tenti
459 1158 560 1203 Deo
594 1154 746 1219 Moysi
785 1154 965 1218 pastori
1005 1158 1171 1202 nostro
1207 1153 1256 1200 in
1289 1156 1450 1200 monte
1495 1153 1640 1217 Synai
1681 1154 1903 1203 traditam
1941 1155 2081 1204 nobis

310 1238 597 1287 confirmare
636 1241 683 1285 et
713 1238 978 1301 approbare
1023 1236 1304 1300 dignemini,
1356 1237 1763 1299 quemadmodum
1796 1237 1874 1285 alii
1907 1237 2084 1286 summi

311 1321 565 1387 pontifices
588 1322 636 1369 S.
662 1323 719 1370 V.
741 1321 1112 1384 predecessores
1134 1320 1263 1368 illam
1276 1319 1683 1368 confirmaruntet
1697 1321 2038 1384 approbarunt.
2057 1340 2080 1364 »

314 1404 492 1462 Quibus
541 1403 789 1468 respondit
827 1404 1039 1468 pontifex
1084 1422 1092 1450 :
1139 1424 1161 1447 «
1200 1403 1602 1451 Commendamus
1642 1403 1834 1466 legem;
1875 1407 2084 1452 vestram

313 1492 472 1538 autem
514 1487 899 1536 observationem
936 1491 983 1534 et
1016 1487 1310 1535 intellectum
1351 1486 1747 1546 condemnamus,
1791 1487 1903 1550 quia
1941 1502 2084 1550 quem

312 1576 567 1621 venturum
604 1571 760 1619 dicitis
801 1570 1012 1619 Ecclesia
1046 1571 1188 1618 docet
1216 1574 1263 1618 et
1289 1570 1504 1634 predicat
1528 1569 1716 1618 venisse
1749 1572 1805 1617 D.
1839 1571 1896 1620 N.
1920 1571 2084 1619 Jesum
2159 1590 2166 1597 ·

314 1655 569 1703 Christum.
610 1673 632 1698 »
671 1654 863 1703 Solebat
894 1658 1054 1702 tamen
1093 1653 1208 1701 alias
1243 1653 1290 1700 id
1320 1653 1369 1700 in
1397 1655 1558 1701 Monte
1588 1653 1798 1700 Jordano
1831 1652 1964 1713 fieri3
2001 1653 2087 1701 sed

315 1743 513 1803 propter
533 1738 838 1786 insolentiam
860 1753 951 1800 que
974 1753 1001 1784 a
1022 1737 1249 1785 Romanis
1278 1740 1325 1786 et
1351 1736 1472 1796 aliis,
1502 1736 1664 1785 Judeis
1696 1736 1858 1795 fiebat,
1884 1752 2086 1787 conces·

316 1837 421 1870 sum
444 1825 516 1869 est
538 1821 652 1884 ipsis
674 1820 752 1869 hic
775 1820 898 1868 fieri.

381 1907 509 1969 Papa
530 1904 638 1952 inde
662 1903 937 1963 recedente,
976 1903 1200 1951 soldanus
1228 1904 1400 1952 iterum
1428 1904 1586 1968 jactus
1613 1903 1924 1967 pecuniarum
1945 1904 2088 1954 facie-

316 1988 413 2035 bat.
439 1987 570 2035 Idem
593 1986 706 2035 fecit
727 1986 775 2034 in
796 1990 959 2034 monte
983 1987 1210 2046 Jordano,
1235 1988 1362 2051 apud
1378 2004 1416 2035 s.
1439 1990 1674 2046 Marcum,
1691 1987 1751 2036 ad
1771 2002 1809 2034 S.
1825 1987 2087 2038 Adrianum

318 2074 365 2119 et
386 2070 516 2129 alibi,
542 2069 623 2118 ubi
644 2069 806 2134 populi
829 2070 1192 2133 oppressionem
1212 2071 1417 2119 videbat.
1882 2133 1884 2135 Ι

383 2155 501 2202 Cum
524 2152 970 2216 Papaspervenisset
989 2153 1127 2216 juxta
1148 2153 1403 2201 ecclesiam
1418 2170 1454 2202 s.
1477 2153 1754 2213 ClementiS,
1771 2154 2089 2204 descenditde

320 2252 463 2300 equO,
489 2239 535 2283 et
556 2235 774 2284 ascendit
797 2235 962 2282 sedem
985 2234 1034 2282 in
1056 2251 1149 2298 qua
1170 2251 1256 2299 per
1275 2236 1624 2300 provisionatos
1645 2238 1705 2286 ad
1724 2241 1910 2301 portam
1931 2237 2091 2301 palatii

321 2311 591 2385 deputat'OS,
623 2317 818 2366 dimisso
840 2318 1145 2379 baldachino,
1185 2323 1399 2383 portatus
1433 2323 1531 2379 est;
1559 2320 1689 2382 quod
1711 2320 1889 2368 sactum
1908 2323 1981 2368 est
2001 2335 2088 2384 pro

322 2420 399 2463 eo,
423 2402 549 2466 quod
570 2401 618 2448 in
639 2404 891 2459 Laterano,
916 2416 1002 2464 pro
1025 2417 1147 2464 equo
1169 2402 1412 2466 pontificis
1433 2403 1657 2450 habendo
1684 2407 1731 2450 et
1757 2403 2091 2461 baldacchino,

321 2502 412 2552 que
436 2483 636 2533 Romani
659 2483 748 2531 sibi
770 2483 933 2531 deberi
946 2484 1253 2547 pretendunt,
1279 2489 1409 2533 tanta
1430 2485 1687 2534 insolentia
1700 2486 1964 2550 etimpetus
1986 2486 2090 2534 fieri

323 2569 477 2619 solent
489 2583 586 2615 non
599 2566 701 2614 sine
716 2566 961 2614 Pontificis
975 2567 1208 2630 periculo.
1227 2567 1299 2614 Ad
1312 2567 1358 2614 id
1374 2567 1642 2616 evitandum
1655 2569 1781 2631 quod
1795 2568 2011 2633 pontifex
2021 2569 2089 2618 sic

322 2655 593 2716 portaretur
619 2651 687 2697 sic
719 2649 989 2697 ordinatum
1010 2650 1112 2708 fuit,
1139 2650 1222 2697 sed
1244 2652 1398 2714 majus
1420 2651 1688 2714 periculum
1707 2652 1876 2701 exinde
1893 2653 2050 2701 evenit
2075 2669 2085 2702 :

322 2750 433 2782 nam
455 2733 624 2782 soldati
639 2732 718 2795 qui
739 2732 1017 2795 pontificem
1038 2733 1290 2796 portabant
1312 2737 1359 2781 et
1380 2733 1457 2781 alii
1474 2734 1591 2781 socii
1617 2735 1689 2783 sui
1713 2735 1842 2784 circa
1862 2751 1945 2784 eos
1969 2736 2090 2784 exis-

324 2821 498 2876 tentes,
516 2819 647 2864 tanto
668 2815 827 2863 furore
849 2814 1129 2880 pontificem
1149 2817 1538 2879 portaruntquod
1549 2817 1789 2880 pontificis
1811 2818 2026 2882 receptio
2037 2817 2088 2865 in

326 2899 447 2948 ostio
471 2898 565 2946 sive
587 2896 774 2961 porticu
803 2897 1102 2946 lateranense
1137 2902 1184 2946 et
1205 2899 1307 2962 ejus
1326 2899 1500 2947 locatio
1522 2899 1570 2947 in
1591 2901 1704 2949 sede
1728 2900 2013 2949 stercoraria
2032 2915 2088 2948 ac

322 2986 481 3048 jactus
517 2980 832 3045 pecuniarum
862 2972 965 3028 sieri
995 2997 1092 3028 non
1124 2986 1404 3045 potuerunt3
1435 2983 1532 3031 imo
1561 2987 1608 3031 et
1637 2987 1767 3031 tanta
1785 2982 2087 3036 vehementia

327 3084 415 3132 per
432 3064 754 3115 baltrescham
781 3079 806 3113 a
833 3069 971 3129 porta
996 3065 1191 3113 basilice
1220 3066 1278 3113 ad
1306 3066 1461 3129 majus
1491 3065 1637 3113 altare
1660 3069 1895 3128 paratum,
1925 3065 2087 3114 furore

326 3149 489 3216 populi
523 3148 843 3212 subsequente
870 3152 1119 3214 portarunt
1155 3148 1279 3212 quod
1313 3148 1414 3212 ipse
1435 3147 1650 3212 pontifex
1681 3151 1727 3195 et
1754 3148 2020 3197 cardinales
2041 3148 2090 3196 in

326 3234 539 3298 periculo
562 3234 738 3282 fuerint
759 3232 959 3281 cadendi
982 3227 1669 3280 cumbaltreschassCardinalis
1686 3231 1911 3279 Senensis
1928 3235 1975 3280 et
1989 3231 2107 3296 qui-⁴

327 3317 436 3363 dam
458 3316 536 3363 alii
550 3317 816 3379 periculum
830 3316 1047 3364 videntes
1070 3315 1128 3363 de
1150 3314 1420 3362 baltrescha
1435 3313 1681 3361 saltarunt.
1708 3316 1967 3378 Propterea
1993 3328 2090 3360 non

328 3397 519 3444 fuerunt
541 3399 701 3446 omnia
720 3400 799 3447 hic
813 3414 898 3447 suo
919 3399 1085 3446 ordine
1103 3398 1373 3456 observata,
1388 3397 1472 3445 sed
1485 3402 1626 3460 prout
1639 3396 1764 3445 infra
1782 3397 1863 3444 hic
1886 3396 2084 3444 dicetur.
