<?xml version="1.0" encoding="UTF-8"?>
<!DOCTYPE html PUBLIC "-//W3C//DTD XHTML 1.0 Transitional//EN"
    "http://www.w3.org/TR/xhtml1/DTD/xhtml1-transitional.dtd">
<html xmlns="http://www.w3.org/1999/xhtml" xml:lang="en" lang="en">
 <head>
  <title>
</title>
<meta http-equiv="Content-Type" content="text/html;charset=utf-8" />
  <meta name='ocr-system' content='tesseract 3.04.00' />
  <meta name='ocr-capabilities' content='ocr_page ocr_carea ocr_par ocr_line ocrx_word'/>
</head>
<body>
  <div class='ocr_page' id='page_1' title='image "./diariumsivererum01burcuoft_0063.png"; bbox 0 0 2262 3958; ppageno 0'>
   <div class='ocr_carea' id='block_1_1' title="bbox 166 282 1962 331">
    <p class='ocr_par' dir='ltr' id='par_1_1' title="bbox 166 282 1962 331">
     <span class='ocr_line' id='line_1_1' title="bbox 166 282 1962 331; baseline 0.001 -9"><span class='ocrx_word' id='word_1_1' title='bbox 166 287 274 331; x_wconf 70' lang='lat' dir='ltr'>[Anat</span> <span class='ocrx_word' id='word_1_2' title='bbox 290 287 383 329; x_wconf 75' lang='lat'>¹484]</span> <span class='ocrx_word' id='word_1_3' title='bbox 621 283 791 321; x_wconf 87' lang='lat' dir='ltr'>RERUM</span> <span class='ocrx_word' id='word_1_4' title='bbox 818 282 1126 321; x_wconf 83' lang='lat' dir='ltr'><strong>URBANARUM</strong></span> <span class='ocrx_word' id='word_1_5' title='bbox 1152 282 1504 321; x_wconf 85' lang='lat' dir='ltr'>COMMENTARII.</span> <span class='ocrx_word' id='word_1_6' title='bbox 1915 289 1962 324; x_wconf 88' lang='grc'>53</span> 
     </span>
    </p>
   </div>
   <div class='ocr_carea' id='block_1_2' title="bbox 155 386 1969 2052">
    <p class='ocr_par' dir='ltr' id='par_1_2' title="bbox 155 386 1961 624">
     <span class='ocr_line' id='line_1_2' title="bbox 165 386 1961 451; baseline -0.002 -10"><span class='ocrx_word' id='word_1_7' title='bbox 165 391 342 440; x_wconf 83' lang='lat' dir='ltr'>effectu</span> <span class='ocrx_word' id='word_1_8' title='bbox 379 386 780 438; x_wconf 80' lang='lat' dir='ltr'>consistorialiter</span> <span class='ocrx_word' id='word_1_9' title='bbox 813 390 924 435; x_wconf 88' lang='lat' dir='ltr'>vota</span> <span class='ocrx_word' id='word_1_10' title='bbox 961 387 1163 434; x_wconf 80' lang='lat' dir='ltr'><strong>fratrum</strong></span> <span class='ocrx_word' id='word_1_11' title='bbox 1210 403 1353 451; x_wconf 92' lang='lat' dir='ltr'>super</span> <span class='ocrx_word' id='word_1_12' title='bbox 1391 389 1632 439; x_wconf 87' lang='lat' dir='ltr'>contentis</span> <span class='ocrx_word' id='word_1_13' title='bbox 1679 389 1728 436; x_wconf 91' lang='lat' dir='ltr'>in</span> <span class='ocrx_word' id='word_1_14' title='bbox 1769 405 1828 437; x_wconf 94' lang='lat' dir='ltr'>ea</span> <span class='ocrx_word' id='word_1_15' title='bbox 1867 390 1961 439; x_wconf 90' lang='lat' dir='ltr'>sint</span> 
     </span>
     <span class='ocr_line' id='line_1_3' title="bbox 169 470 1958 540; baseline -0.001 -15"><span class='ocrx_word' id='word_1_16' title='bbox 169 474 422 540; x_wconf 86' lang='lat' dir='ltr'>exquisita,</span> <span class='ocrx_word' id='word_1_17' title='bbox 452 476 500 522; x_wconf 88' lang='lat' dir='ltr'>et</span> <span class='ocrx_word' id='word_1_18' title='bbox 529 472 688 536; x_wconf 89' lang='lat' dir='ltr'>maj0r</span> <span class='ocrx_word' id='word_1_19' title='bbox 715 487 827 535; x_wconf 90' lang='lat' dir='ltr'>pars</span> <span class='ocrx_word' id='word_1_20' title='bbox 861 470 1183 531; x_wconf 78' lang='lat' dir='ltr'>consenserit,</span> <span class='ocrx_word' id='word_1_21' title='bbox 1220 476 1267 519; x_wconf 92' lang='lat' dir='ltr'>et</span> <span class='ocrx_word' id='word_1_22' title='bbox 1297 472 1391 521; x_wconf 91' lang='lat' dir='ltr'>hoc</span> <span class='ocrx_word' id='word_1_23' title='bbox 1427 473 1778 539; x_wconf 83' lang='lat' dir='ltr'>subscriptione</span> <span class='ocrx_word' id='word_1_24' title='bbox 1815 474 1958 524; x_wconf 89' lang='lat' dir='ltr'>trium</span> 
     </span>
     <span class='ocr_line' id='line_1_4' title="bbox 155 552 1496 624; baseline -0.003 -15"><span class='ocrx_word' id='word_1_25' title='bbox 155 557 487 609; x_wconf 78' lang='lat' dir='ltr'>&#39;cardinalium</span> <span class='ocrx_word' id='word_1_26' title='bbox 510 555 648 604; x_wconf 92' lang='lat' dir='ltr'>unius</span> <span class='ocrx_word' id='word_1_27' title='bbox 671 570 731 603; x_wconf 88' lang='lat' dir='ltr'>ex</span> <span class='ocrx_word' id='word_1_28' title='bbox 750 552 964 617; x_wconf 89' lang='lat' dir='ltr'>quolibet</span> <span class='ocrx_word' id='word_1_29' title='bbox 985 552 1152 601; x_wconf 89' lang='lat' dir='ltr'>ordine</span> <span class='ocrx_word' id='word_1_30' title='bbox 1187 559 1376 604; x_wconf 87' lang='lat' dir='ltr'>constet</span> <span class='ocrx_word' id='word_1_31' title='bbox 1404 556 1496 624; x_wconf 64' lang='grc' dir='ltr'>(1).ι</span> 
     </span>
    </p>

    <p class='ocr_par' dir='ltr' id='par_1_3' title="bbox 166 636 1969 2052">
     <span class='ocr_line' id='line_1_5' title="bbox 234 636 1963 708; baseline 0 -16"><span class='ocrx_word' id='word_1_32' title='bbox 234 645 376 702; x_wconf 88' lang='lat' dir='ltr'>Item,</span> <span class='ocrx_word' id='word_1_33' title='bbox 415 641 543 705; x_wconf 90' lang='lat' dir='ltr'>quod</span> <span class='ocrx_word' id='word_1_34' title='bbox 578 637 851 703; x_wconf 87' lang='lat' dir='ltr'>supradicta</span> <span class='ocrx_word' id='word_1_35' title='bbox 886 636 1096 701; x_wconf 86' lang='lat' dir='ltr'>capitula</span> <span class='ocrx_word' id='word_1_36' title='bbox 1126 639 1289 686; x_wconf 89' lang='lat' dir='ltr'>omnia</span> <span class='ocrx_word' id='word_1_37' title='bbox 1322 644 1369 689; x_wconf 90' lang='lat' dir='ltr'>et</span> <span class='ocrx_word' id='word_1_38' title='bbox 1403 642 1591 707; x_wconf 85' lang='lat' dir='ltr'>singula</span> <span class='ocrx_word' id='word_1_39' title='bbox 1616 643 1760 692; x_wconf 86' lang='lat' dir='ltr'>faciet</span> <span class='ocrx_word' id='word_1_40' title='bbox 1788 643 1884 708; x_wconf 80' lang='lat' dir='ltr'>legi</span> <span class='ocrx_word' id='word_1_41' title='bbox 1915 644 1963 691; x_wconf 92' lang='lat' dir='ltr'>in</span> 
     </span>
     <span class='ocr_line' id='line_1_6' title="bbox 169 723 1965 785; baseline 0 -9"><span class='ocrx_word' id='word_1_42' title='bbox 169 725 471 777; x_wconf 70' lang='lat' dir='ltr'>consistorio·</span> <span class='ocrx_word' id='word_1_43' title='bbox 495 726 704 781; x_wconf 87' lang='lat' dir='ltr'>secreto,</span> <span class='ocrx_word' id='word_1_44' title='bbox 743 725 968 785; x_wconf 78' lang='lat' dir='ltr'>presente</span> <span class='ocrx_word' id='word_1_45' title='bbox 1006 736 1094 769; x_wconf 89' lang='lat' dir='ltr'>sua</span> <span class='ocrx_word' id='word_1_46' title='bbox 1133 723 1406 783; x_wconf 80' lang='lat' dir='ltr'>sanctitate,</span> <span class='ocrx_word' id='word_1_47' title='bbox 1453 728 1605 775; x_wconf 90' lang='lat' dir='ltr'>semel</span> <span class='ocrx_word' id='word_1_48' title='bbox 1633 728 1680 775; x_wconf 92' lang='lat' dir='ltr'>in</span> <span class='ocrx_word' id='word_1_49' title='bbox 1719 729 1851 776; x_wconf 88' lang='lat' dir='ltr'>omni</span> <span class='ocrx_word' id='word_1_50' title='bbox 1884 729 1965 776; x_wconf 90' lang='lat' dir='ltr'>tri-</span> 
     </span>
     <span class='ocr_line' id='line_1_7' title="bbox 169 804 1963 871; baseline -0.001 -10"><span class='ocrx_word' id='word_1_51' title='bbox 169 811 358 871; x_wconf 89' lang='lat' dir='ltr'>mestri,</span> <span class='ocrx_word' id='word_1_52' title='bbox 385 810 609 860; x_wconf 89' lang='lat' dir='ltr'>videlicet</span> <span class='ocrx_word' id='word_1_53' title='bbox 633 809 683 856; x_wconf 93' lang='lat' dir='ltr'>in</span> <span class='ocrx_word' id='word_1_54' title='bbox 710 806 867 871; x_wconf 86' lang='lat' dir='ltr'>primo</span> <span class='ocrx_word' id='word_1_55' title='bbox 896 804 1184 854; x_wconf 87' lang='lat' dir='ltr'>consistorio</span> <span class='ocrx_word' id='word_1_56' title='bbox 1212 808 1470 871; x_wconf 87' lang='lat' dir='ltr'>cujuslibet</span> <span class='ocrx_word' id='word_1_57' title='bbox 1497 811 1774 871; x_wconf 83' lang='lat' dir='ltr'>tri1nestris3</span> <span class='ocrx_word' id='word_1_58' title='bbox 1805 817 1852 860; x_wconf 90' lang='lat' dir='ltr'>et</span> <span class='ocrx_word' id='word_1_59' title='bbox 1876 813 1963 861; x_wconf 93' lang='lat' dir='ltr'>do-</span> 
     </span>
     <span class='ocr_line' id='line_1_8' title="bbox 168 888 1963 949; baseline -0.002 -3"><span class='ocrx_word' id='word_1_60' title='bbox 168 895 288 946; x_wconf 84' lang='lat' dir='ltr'>mini</span> <span class='ocrx_word' id='word_1_61' title='bbox 317 893 584 944; x_wconf 79' lang='lat' dir='ltr'>cardinales</span> <span class='ocrx_word' id='word_1_62' title='bbox 612 891 685 940; x_wconf 87' lang='lat' dir='ltr'>bis</span> <span class='ocrx_word' id='word_1_63' title='bbox 717 890 766 938; x_wconf 90' lang='lat' dir='ltr'>in</span> <span class='ocrx_word' id='word_1_64' title='bbox 796 905 943 949; x_wconf 85' lang='lat' dir='ltr'>annO,</span> <span class='ocrx_word' id='word_1_65' title='bbox 972 888 1195 938; x_wconf 89' lang='lat' dir='ltr'>videlicet</span> <span class='ocrx_word' id='word_1_66' title='bbox 1221 890 1438 941; x_wconf 81' lang='lat' dir='ltr'>kalendis</span> <span class='ocrx_word' id='word_1_67' title='bbox 1467 896 1742 942; x_wconf 87' lang='lat' dir='ltr'>novembris</span> <span class='ocrx_word' id='word_1_68' title='bbox 1777 900 1824 943; x_wconf 91' lang='lat' dir='ltr'>et</span> <span class='ocrx_word' id='word_1_69' title='bbox 1851 897 1963 944; x_wconf 90' lang='lat' dir='ltr'>maii</span> 
     </span>
     <span class='ocr_line' id='line_1_9' title="bbox 178 973 1966 1044; baseline -0.002 -15"><span class='ocrx_word' id='word_1_70' title='bbox 178 982 364 1044; x_wconf 82' lang='lat' dir='ltr'>septem</span> <span class='ocrx_word' id='word_1_71' title='bbox 413 979 462 1025; x_wconf 89' lang='lat' dir='ltr'>et</span> <span class='ocrx_word' id='word_1_72' title='bbox 506 974 544 1023; x_wconf 89' lang='lat' dir='ltr'>si</span> <span class='ocrx_word' id='word_1_73' title='bbox 587 973 986 1033; x_wconf 88' lang='lat' dir='ltr'>contrafecerint,</span> <span class='ocrx_word' id='word_1_74' title='bbox 1030 975 1319 1039; x_wconf 83' lang='lat' dir='ltr'>congregari</span> <span class='ocrx_word' id='word_1_75' title='bbox 1362 976 1573 1026; x_wconf 89' lang='lat' dir='ltr'>debeant</span> <span class='ocrx_word' id='word_1_76' title='bbox 1617 979 1666 1026; x_wconf 90' lang='lat' dir='ltr'>in</span> <span class='ocrx_word' id='word_1_77' title='bbox 1714 995 1863 1026; x_wconf 91' lang='lat' dir='ltr'>unum</span> <span class='ocrx_word' id='word_1_78' title='bbox 1906 980 1966 1026; x_wconf 88' lang='lat' dir='ltr'>ad</span> 
     </span>
     <span class='ocr_line' id='line_1_10' title="bbox 166 1056 1968 1127; baseline 0 -16"><span class='ocrx_word' id='word_1_79' title='bbox 166 1059 472 1111; x_wconf 85' lang='lat' dir='ltr'>vocationem</span> <span class='ocrx_word' id='word_1_80' title='bbox 493 1058 640 1107; x_wconf 85' lang='lat' dir='ltr'>etiam</span> <span class='ocrx_word' id='word_1_81' title='bbox 658 1057 804 1105; x_wconf 90' lang='lat' dir='ltr'>trium</span> <span class='ocrx_word' id='word_1_82' title='bbox 826 1056 1044 1121; x_wconf 88' lang='lat' dir='ltr'>priorum</span> <span class='ocrx_word' id='word_1_83' title='bbox 1072 1058 1332 1122; x_wconf 86' lang='lat' dir='ltr'>cujuslibet</span> <span class='ocrx_word' id='word_1_84' title='bbox 1359 1061 1541 1109; x_wconf 87' lang='lat' dir='ltr'>ordinis</span> <span class='ocrx_word' id='word_1_85' title='bbox 1572 1063 1659 1110; x_wconf 89' lang='lat' dir='ltr'>sub</span> <span class='ocrx_word' id='word_1_86' title='bbox 1682 1079 1811 1127; x_wconf 89' lang='lat' dir='ltr'>pena</span> <span class='ocrx_word' id='word_1_87' title='bbox 1829 1078 1968 1111; x_wconf 88' lang='lat' dir='ltr'>exco-</span> 
     </span>
     <span class='ocr_line' id='line_1_11' title="bbox 166 1141 1966 1210; baseline 0.001 -17"><span class='ocrx_word' id='word_1_88' title='bbox 166 1142 505 1194; x_wconf 84' lang='lat' dir='ltr'>municationis</span> <span class='ocrx_word' id='word_1_89' title='bbox 546 1142 585 1190; x_wconf 93' lang='lat' dir='ltr'>si</span> <span class='ocrx_word' id='word_1_90' title='bbox 616 1157 716 1190; x_wconf 91' lang='lat' dir='ltr'>non</span> <span class='ocrx_word' id='word_1_91' title='bbox 762 1141 1096 1201; x_wconf 88' lang='lat' dir='ltr'>convenerint,</span> <span class='ocrx_word' id='word_1_92' title='bbox 1144 1141 1238 1189; x_wconf 92' lang='lat' dir='ltr'>nisi</span> <span class='ocrx_word' id='word_1_93' title='bbox 1284 1143 1390 1206; x_wconf 84' lang='lat' dir='ltr'>quis</span> <span class='ocrx_word' id='word_1_94' title='bbox 1438 1145 1656 1210; x_wconf 86' lang='lat' dir='ltr'>legitime</span> <span class='ocrx_word' id='word_1_95' title='bbox 1706 1146 1966 1210; x_wconf 90' lang='lat' dir='ltr'>impeditus</span> 
     </span>
     <span class='ocr_line' id='line_1_12' title="bbox 166 1224 1967 1290; baseline 0 -12"><span class='ocrx_word' id='word_1_96' title='bbox 166 1227 329 1288; x_wconf 84' lang='lat' dir='ltr'>fuerit,</span> <span class='ocrx_word' id='word_1_97' title='bbox 353 1226 415 1276; x_wconf 87' lang='lat' dir='ltr'>ad</span> <span class='ocrx_word' id='word_1_98' title='bbox 433 1226 712 1285; x_wconf 90' lang='lat' dir='ltr'>videndum,</span> <span class='ocrx_word' id='word_1_99' title='bbox 738 1224 1048 1290; x_wconf 81' lang='lat' dir='ltr'>cogitandum</span> <span class='ocrx_word' id='word_1_100' title='bbox 1071 1228 1118 1274; x_wconf 89' lang='lat' dir='ltr'>et</span> <span class='ocrx_word' id='word_1_101' title='bbox 1139 1227 1598 1277; x_wconf 90' lang='lat' dir='ltr'>communicandum</span> <span class='ocrx_word' id='word_1_102' title='bbox 1619 1234 1780 1277; x_wconf 88' lang='lat' dir='ltr'>utrum</span> <span class='ocrx_word' id='word_1_103' title='bbox 1803 1230 1967 1279; x_wconf 89' lang='lat' dir='ltr'>omnia</span> 
     </span>
     <span class='ocr_line' id='line_1_13' title="bbox 166 1309 1961 1378; baseline 0.001 -17"><span class='ocrx_word' id='word_1_104' title='bbox 166 1316 215 1362; x_wconf 89' lang='lat' dir='ltr'>et</span> <span class='ocrx_word' id='word_1_105' title='bbox 234 1311 426 1378; x_wconf 85' lang='lat' dir='ltr'>singula</span> <span class='ocrx_word' id='word_1_106' title='bbox 445 1309 722 1376; x_wconf 89' lang='lat' dir='ltr'>supradicta</span> <span class='ocrx_word' id='word_1_107' title='bbox 742 1314 991 1358; x_wconf 87' lang='lat' dir='ltr'>serventur</span> <span class='ocrx_word' id='word_1_108' title='bbox 1010 1326 1098 1374; x_wconf 90' lang='lat' dir='ltr'>per</span> <span class='ocrx_word' id='word_1_109' title='bbox 1117 1310 1419 1374; x_wconf 88' lang='lat' dir='ltr'>pontificem,</span> <span class='ocrx_word' id='word_1_110' title='bbox 1446 1317 1493 1360; x_wconf 92' lang='lat' dir='ltr'>et</span> <span class='ocrx_word' id='word_1_111' title='bbox 1514 1313 1669 1361; x_wconf 89' lang='lat' dir='ltr'>sinon</span> <span class='ocrx_word' id='word_1_112' title='bbox 1692 1319 1961 1374; x_wconf 87' lang='lat' dir='ltr'>serventur,</span> 
     </span>
     <span class='ocr_line' id='line_1_14' title="bbox 167 1393 1965 1454; baseline -0.001 -8"><span class='ocrx_word' id='word_1_113' title='bbox 167 1396 463 1446; x_wconf 79' lang='lat' dir='ltr'>admoneant</span> <span class='ocrx_word' id='word_1_114' title='bbox 502 1410 615 1444; x_wconf 89' lang='lat' dir='ltr'>eum</span> <span class='ocrx_word' id='word_1_115' title='bbox 657 1393 922 1454; x_wconf 85' lang='lat' dir='ltr'>caritative,</span> <span class='ocrx_word' id='word_1_116' title='bbox 965 1397 1013 1442; x_wconf 87' lang='lat' dir='ltr'>et</span> <span class='ocrx_word' id='word_1_117' title='bbox 1056 1394 1190 1442; x_wconf 93' lang='lat' dir='ltr'>illum</span> <span class='ocrx_word' id='word_1_118' title='bbox 1235 1395 1295 1442; x_wconf 88' lang='lat' dir='ltr'>ad</span> <span class='ocrx_word' id='word_1_119' title='bbox 1339 1395 1534 1445; x_wconf 93' lang='lat' dir='ltr'>illorum</span> <span class='ocrx_word' id='word_1_120' title='bbox 1577 1397 1965 1445; x_wconf 87' lang='lat' dir='ltr'>observationem</span> 
     </span>
     <span class='ocr_line' id='line_1_15' title="bbox 170 1478 1964 1545; baseline -0.001 -15"><span class='ocrx_word' id='word_1_121' title='bbox 170 1481 487 1530; x_wconf 87' lang='lat' dir='ltr'>exhortentur</span> <span class='ocrx_word' id='word_1_122' title='bbox 516 1494 670 1543; x_wconf 88' lang='lat' dir='ltr'>usque</span> <span class='ocrx_word' id='word_1_123' title='bbox 704 1478 766 1527; x_wconf 88' lang='lat' dir='ltr'>ad</span> <span class='ocrx_word' id='word_1_124' title='bbox 802 1478 993 1527; x_wconf 85' lang='lat' dir='ltr'>tertiam</span> <span class='ocrx_word' id='word_1_125' title='bbox 1021 1478 1432 1541; x_wconf 90' lang='lat' dir='ltr'>admonitionem;</span> <span class='ocrx_word' id='word_1_126' title='bbox 1463 1481 1652 1545; x_wconf 83' lang='lat' dir='ltr'>ipsique</span> <span class='ocrx_word' id='word_1_127' title='bbox 1694 1481 1964 1530; x_wconf 84' lang='lat' dir='ltr'>cardinales</span> 
     </span>
     <span class='ocr_line' id='line_1_16' title="bbox 168 1562 1966 1626; baseline -0.001 -11"><span class='ocrx_word' id='word_1_128' title='bbox 168 1568 428 1615; x_wconf 86' lang='lat' dir='ltr'>teneantur</span> <span class='ocrx_word' id='word_1_129' title='bbox 472 1564 637 1614; x_wconf 88' lang='lat' dir='ltr'>omnia</span> <span class='ocrx_word' id='word_1_130' title='bbox 684 1564 942 1612; x_wconf 86' lang='lat' dir='ltr'>observare</span> <span class='ocrx_word' id='word_1_131' title='bbox 986 1562 1075 1610; x_wconf 91' lang='lat' dir='ltr'>sub</span> <span class='ocrx_word' id='word_1_132' title='bbox 1120 1578 1248 1626; x_wconf 87' lang='lat' dir='ltr'>pena</span> <span class='ocrx_word' id='word_1_133' title='bbox 1293 1564 1828 1624; x_wconf 87' lang='lat' dir='ltr'>excommunicationis,</span> <span class='ocrx_word' id='word_1_134' title='bbox 1875 1581 1966 1613; x_wconf 89' lang='lat' dir='ltr'>nec</span> 
     </span>
     <span class='ocr_line' id='line_1_17' title="bbox 168 1645 1969 1714; baseline -0.002 -15"><span class='ocrx_word' id='word_1_135' title='bbox 168 1665 384 1714; x_wconf 86' lang='lat' dir='ltr'>unquam</span> <span class='ocrx_word' id='word_1_136' title='bbox 403 1653 568 1697; x_wconf 87' lang='lat' dir='ltr'>votum</span> <span class='ocrx_word' id='word_1_137' title='bbox 590 1650 760 1713; x_wconf 80' lang='lat' dir='ltr'>contra</span> <span class='ocrx_word' id='word_1_138' title='bbox 781 1645 1056 1711; x_wconf 87' lang='lat' dir='ltr'>supradicta</span> <span class='ocrx_word' id='word_1_139' title='bbox 1083 1645 1216 1705; x_wconf 90' lang='lat' dir='ltr'>dare,</span> <span class='ocrx_word' id='word_1_140' title='bbox 1246 1647 1471 1710; x_wconf 88' lang='lat' dir='ltr'>quodque</span> <span class='ocrx_word' id='word_1_141' title='bbox 1495 1648 1533 1695; x_wconf 92' lang='lat' dir='ltr'>si</span> <span class='ocrx_word' id='word_1_142' title='bbox 1557 1665 1699 1696; x_wconf 89' lang='lat' dir='ltr'>secus</span> <span class='ocrx_word' id='word_1_143' title='bbox 1720 1649 1793 1696; x_wconf 88' lang='lat' dir='ltr'>vel</span> <span class='ocrx_word' id='word_1_144' title='bbox 1815 1649 1969 1712; x_wconf 86' lang='lat' dir='ltr'>gratia</span> 
     </span>
     <span class='ocr_line' id='line_1_18' title="bbox 166 1730 1967 1798; baseline -0.002 -14"><span class='ocrx_word' id='word_1_145' title='bbox 166 1734 241 1784; x_wconf 88' lang='lat' dir='ltr'>vel</span> <span class='ocrx_word' id='word_1_146' title='bbox 267 1733 442 1782; x_wconf 88' lang='lat' dir='ltr'>timore</span> <span class='ocrx_word' id='word_1_147' title='bbox 472 1731 678 1781; x_wconf 87' lang='lat' dir='ltr'>fecerint</span> <span class='ocrx_word' id='word_1_148' title='bbox 707 1731 832 1779; x_wconf 90' lang='lat' dir='ltr'>ultra</span> <span class='ocrx_word' id='word_1_149' title='bbox 863 1730 1110 1779; x_wconf 87' lang='lat' dir='ltr'>vinculum</span> <span class='ocrx_word' id='word_1_150' title='bbox 1136 1732 1619 1792; x_wconf 81' lang='lat' dir='ltr'>excomunicationiS,</span> <span class='ocrx_word' id='word_1_151' title='bbox 1652 1750 1745 1796; x_wconf 92' lang='lat' dir='ltr'>quo</span> <span class='ocrx_word' id='word_1_152' title='bbox 1779 1735 1967 1798; x_wconf 87' lang='lat' dir='ltr'>seipsos</span> 
     </span>
     <span class='ocr_line' id='line_1_19' title="bbox 166 1803 1968 1882; baseline -0.002 -14"><span class='ocrx_word' id='word_1_153' title='bbox 166 1835 226 1868; x_wconf 88' lang='lat' dir='ltr'>ex</span> <span class='ocrx_word' id='word_1_154' title='bbox 244 1803 374 1867; x_wconf 86' lang='lat' dir='ltr'>nunc</span> <span class='ocrx_word' id='word_1_155' title='bbox 393 1817 658 1866; x_wconf 83' lang='lat' dir='ltr'>accedente</span> <span class='ocrx_word' id='word_1_156' title='bbox 680 1816 827 1864; x_wconf 90' lang='lat' dir='ltr'>etiam</span> <span class='ocrx_word' id='word_1_157' title='bbox 848 1814 1139 1863; x_wconf 88' lang='lat' dir='ltr'>authoritate</span> <span class='ocrx_word' id='word_1_158' title='bbox 1169 1819 1217 1862; x_wconf 92' lang='lat' dir='ltr'>et</span> <span class='ocrx_word' id='word_1_159' title='bbox 1247 1815 1652 1864; x_wconf 88' lang='lat' dir='ltr'>determinatione</span> <span class='ocrx_word' id='word_1_160' title='bbox 1682 1817 1830 1865; x_wconf 89' lang='lat' dir='ltr'>futuri</span> <span class='ocrx_word' id='word_1_161' title='bbox 1848 1834 1968 1882; x_wconf 92' lang='lat' dir='ltr'>pon-</span> 
     </span>
     <span class='ocr_line' id='line_1_20' title="bbox 167 1896 1967 1965; baseline -0.002 -13"><span class='ocrx_word' id='word_1_162' title='bbox 167 1902 332 1962; x_wconf 87' lang='lat' dir='ltr'>tificis,</span> <span class='ocrx_word' id='word_1_163' title='bbox 357 1901 589 1965; x_wconf 87' lang='lat' dir='ltr'>obligant,</span> <span class='ocrx_word' id='word_1_164' title='bbox 617 1900 839 1948; x_wconf 89' lang='lat' dir='ltr'>similiter</span> <span class='ocrx_word' id='word_1_165' title='bbox 860 1896 1093 1962; x_wconf 91' lang='lat' dir='ltr'>quidquid</span> <span class='ocrx_word' id='word_1_166' title='bbox 1114 1913 1202 1961; x_wconf 89' lang='lat' dir='ltr'>per</span> <span class='ocrx_word' id='word_1_167' title='bbox 1227 1898 1387 1962; x_wconf 93' lang='lat' dir='ltr'>ipsum</span> <span class='ocrx_word' id='word_1_168' title='bbox 1416 1915 1660 1947; x_wconf 88' lang='lat' dir='ltr'>summum</span> <span class='ocrx_word' id='word_1_169' title='bbox 1684 1901 1967 1964; x_wconf 87' lang='lat' dir='ltr'>pontificem</span> 
     </span>
     <span class='ocr_line' id='line_1_21' title="bbox 167 1981 1968 2052; baseline -0.002 -15"><span class='ocrx_word' id='word_1_170' title='bbox 167 1991 355 2048; x_wconf 85' lang='lat' dir='ltr'>contra,</span> <span class='ocrx_word' id='word_1_171' title='bbox 369 1987 446 2036; x_wconf 92' lang='lat' dir='ltr'>vel</span> <span class='ocrx_word' id='word_1_172' title='bbox 460 1990 624 2052; x_wconf 90' lang='lat' dir='ltr'>preter</span> <span class='ocrx_word' id='word_1_173' title='bbox 636 1984 854 2049; x_wconf 87' lang='lat' dir='ltr'>predicta</span> <span class='ocrx_word' id='word_1_174' title='bbox 866 1998 1172 2046; x_wconf 90' lang='lat' dir='ltr'>quacumque</span> <span class='ocrx_word' id='word_1_175' title='bbox 1189 1981 1374 2030; x_wconf 89' lang='lat' dir='ltr'>ratione</span> <span class='ocrx_word' id='word_1_176' title='bbox 1393 1987 1557 2031; x_wconf 89' lang='lat' dir='ltr'>actum</span> <span class='ocrx_word' id='word_1_177' title='bbox 1571 1985 1645 2032; x_wconf 91' lang='lat' dir='ltr'>vel</span> <span class='ocrx_word' id='word_1_178' title='bbox 1658 1989 1849 2047; x_wconf 86' lang='lat' dir='ltr'>gestum</span> <span class='ocrx_word' id='word_1_179' title='bbox 1866 1985 1968 2033; x_wconf 90' lang='lat' dir='ltr'>fue-</span> 
     </span>
    </p>
   </div>
   <div class='ocr_carea' id='block_1_3' title="bbox 92 2065 1969 2135">
    <p class='ocr_par' dir='ltr' id='par_1_4' title="bbox 92 2065 1969 2135">
     <span class='ocr_line' id='line_1_22' title="bbox 92 2065 1969 2135; baseline 0.001 -19"><span class='ocrx_word' id='word_1_180' title='bbox 92 2110 98 2116; x_wconf 91' lang='lat'>.</span> <span class='ocrx_word' id='word_1_181' title='bbox 171 2070 247 2132; x_wconf 84' lang='lat' dir='ltr'>rit,</span> <span class='ocrx_word' id='word_1_182' title='bbox 274 2071 334 2120; x_wconf 83' lang='lat' dir='ltr'>sit</span> <span class='ocrx_word' id='word_1_183' title='bbox 360 2070 466 2135; x_wconf 90' lang='lat' dir='ltr'>ipso</span> <span class='ocrx_word' id='word_1_184' title='bbox 488 2071 599 2135; x_wconf 87' lang='lat' dir='ltr'>jure</span> <span class='ocrx_word' id='word_1_185' title='bbox 623 2069 812 2116; x_wconf 90' lang='lat' dir='ltr'>irritum</span> <span class='ocrx_word' id='word_1_186' title='bbox 835 2071 883 2115; x_wconf 91' lang='lat' dir='ltr'>et</span> <span class='ocrx_word' id='word_1_187' title='bbox 904 2066 1047 2114; x_wconf 91' lang='lat' dir='ltr'>inane</span> <span class='ocrx_word' id='word_1_188' title='bbox 1075 2065 1351 2128; x_wconf 92' lang='lat' dir='ltr'>nulliusque</span> <span class='ocrx_word' id='word_1_189' title='bbox 1379 2067 1615 2116; x_wconf 92' lang='lat' dir='ltr'>momenti</span> <span class='ocrx_word' id='word_1_190' title='bbox 1637 2073 1683 2116; x_wconf 90' lang='lat' dir='ltr'>et</span> <span class='ocrx_word' id='word_1_191' title='bbox 1703 2068 1895 2127; x_wconf 87' lang='lat' dir='ltr'>valoris,</span> <span class='ocrx_word' id='word_1_192' title='bbox 1921 2075 1969 2117; x_wconf 92' lang='lat' dir='ltr'>et</span> 
     </span>
    </p>
   </div>
   <div class='ocr_carea' id='block_1_4' title="bbox 167 2150 2022 3303">
    <p class='ocr_par' dir='ltr' id='par_1_5' title="bbox 167 2150 1970 2368">
     <span class='ocr_line' id='line_1_23' title="bbox 167 2150 1967 2216; baseline -0.001 -15"><span class='ocrx_word' id='word_1_193' title='bbox 167 2168 256 2216; x_wconf 89' lang='lat' dir='ltr'>pro</span> <span class='ocrx_word' id='word_1_194' title='bbox 277 2152 457 2200; x_wconf 86' lang='lat' dir='ltr'>infecto</span> <span class='ocrx_word' id='word_1_195' title='bbox 477 2151 731 2199; x_wconf 86' lang='lat' dir='ltr'>habeatur.</span> <span class='ocrx_word' id='word_1_196' title='bbox 759 2150 1075 2212; x_wconf 77' lang='lat' dir='ltr'>pontifexque</span> <span class='ocrx_word' id='word_1_197' title='bbox 1096 2150 1282 2196; x_wconf 90' lang='lat' dir='ltr'>futurus</span> <span class='ocrx_word' id='word_1_198' title='bbox 1303 2166 1567 2212; x_wconf 88' lang='lat' dir='ltr'>numquam</span> <span class='ocrx_word' id='word_1_199' title='bbox 1590 2153 1885 2199; x_wconf 86' lang='lat' dir='ltr'>contrarium</span> <span class='ocrx_word' id='word_1_200' title='bbox 1907 2154 1967 2200; x_wconf 91' lang='lat' dir='ltr'>ab</span> 
     </span>
     <span class='ocr_line' id='line_1_24' title="bbox 169 2232 1970 2300; baseline -0.001 -16"><span class='ocrx_word' id='word_1_201' title='bbox 169 2235 240 2285; x_wconf 89' lang='lat' dir='ltr'>eis</span> <span class='ocrx_word' id='word_1_202' title='bbox 271 2238 427 2300; x_wconf 87' lang='lat' dir='ltr'>petet;</span> <span class='ocrx_word' id='word_1_203' title='bbox 467 2234 596 2298; x_wconf 90' lang='lat' dir='ltr'>quod</span> <span class='ocrx_word' id='word_1_204' title='bbox 635 2233 673 2280; x_wconf 91' lang='lat' dir='ltr'>si</span> <span class='ocrx_word' id='word_1_205' title='bbox 707 2232 918 2297; x_wconf 89' lang='lat' dir='ltr'>petierit,</span> <span class='ocrx_word' id='word_1_206' title='bbox 966 2249 1024 2280; x_wconf 86' lang='lat' dir='ltr'>ex</span> <span class='ocrx_word' id='word_1_207' title='bbox 1066 2248 1194 2280; x_wconf 90' lang='lat' dir='ltr'>nunc</span> <span class='ocrx_word' id='word_1_208' title='bbox 1226 2232 1324 2280; x_wconf 89' lang='lat' dir='ltr'>vult</span> <span class='ocrx_word' id='word_1_209' title='bbox 1351 2233 1479 2295; x_wconf 91' lang='lat' dir='ltr'>quod</span> <span class='ocrx_word' id='word_1_210' title='bbox 1511 2233 1712 2282; x_wconf 90' lang='lat' dir='ltr'>viriliter</span> <span class='ocrx_word' id='word_1_211' title='bbox 1744 2234 1970 2283; x_wconf 87' lang='lat' dir='ltr'>resistant</span> 
     </span>
     <span class='ocr_line' id='line_1_25' title="bbox 175 2315 1132 2368; baseline -0.006 0"><span class='ocrx_word' id='word_1_212' title='bbox 175 2334 268 2368; x_wconf 90' lang='lat' dir='ltr'>nec</span> <span class='ocrx_word' id='word_1_213' title='bbox 283 2321 541 2367; x_wconf 88' lang='lat' dir='ltr'>teneantur</span> <span class='ocrx_word' id='word_1_214' title='bbox 561 2316 609 2364; x_wconf 92' lang='lat' dir='ltr'>in</span> <span class='ocrx_word' id='word_1_215' title='bbox 631 2332 689 2364; x_wconf 91' lang='lat' dir='ltr'>eo</span> <span class='ocrx_word' id='word_1_216' title='bbox 713 2332 827 2364; x_wconf 85' lang='lat' dir='ltr'>casu</span> <span class='ocrx_word' id='word_1_217' title='bbox 850 2315 894 2364; x_wconf 93' lang='lat' dir='ltr'>ei</span> <span class='ocrx_word' id='word_1_218' title='bbox 916 2315 1132 2363; x_wconf 89' lang='lat' dir='ltr'>obedire.</span> 
     </span>
    </p>

    <p class='ocr_par' dir='ltr' id='par_1_6' title="bbox 168 2398 2022 3054">
     <span class='ocr_line' id='line_1_26' title="bbox 235 2398 1968 2466; baseline 0.001 -16"><span class='ocrx_word' id='word_1_219' title='bbox 235 2404 376 2461; x_wconf 88' lang='lat' dir='ltr'>Item,</span> <span class='ocrx_word' id='word_1_220' title='bbox 412 2401 541 2464; x_wconf 89' lang='lat' dir='ltr'>quod</span> <span class='ocrx_word' id='word_1_221' title='bbox 573 2400 632 2448; x_wconf 90' lang='lat' dir='ltr'>de</span> <span class='ocrx_word' id='word_1_222' title='bbox 677 2399 902 2447; x_wconf 90' lang='lat' dir='ltr'>omnibus</span> <span class='ocrx_word' id='word_1_223' title='bbox 941 2402 1141 2463; x_wconf 84' lang='lat' dir='ltr'>rogetur</span> <span class='ocrx_word' id='word_1_224' title='bbox 1177 2398 1411 2459; x_wconf 85' lang='lat' dir='ltr'>notarius,</span> <span class='ocrx_word' id='word_1_225' title='bbox 1455 2400 1535 2463; x_wconf 90' lang='lat' dir='ltr'>qui</span> <span class='ocrx_word' id='word_1_226' title='bbox 1577 2402 1772 2466; x_wconf 90' lang='lat' dir='ltr'>stipulet</span> <span class='ocrx_word' id='word_1_227' title='bbox 1805 2403 1968 2451; x_wconf 88' lang='lat' dir='ltr'>omnia</span> 
     </span>
     <span class='ocr_line' id='line_1_27' title="bbox 169 2483 1964 2550; baseline -0.001 -15"><span class='ocrx_word' id='word_1_228' title='bbox 169 2490 218 2536; x_wconf 90' lang='lat' dir='ltr'>et</span> <span class='ocrx_word' id='word_1_229' title='bbox 244 2485 432 2550; x_wconf 86' lang='lat' dir='ltr'>singula</span> <span class='ocrx_word' id='word_1_230' title='bbox 459 2483 667 2549; x_wconf 87' lang='lat' dir='ltr'>capitula</span> <span class='ocrx_word' id='word_1_231' title='bbox 695 2483 892 2532; x_wconf 88' lang='lat' dir='ltr'>nomine</span> <span class='ocrx_word' id='word_1_232' title='bbox 927 2499 966 2531; x_wconf 92' lang='lat' dir='ltr'>s.</span> <span class='ocrx_word' id='word_1_233' title='bbox 1001 2500 1041 2530; x_wconf 86' lang='lat' dir='ltr'>r.</span> <span class='ocrx_word' id='word_1_234' title='bbox 1079 2485 1132 2531; x_wconf 92' lang='lat' dir='ltr'>E.</span> <span class='ocrx_word' id='word_1_235' title='bbox 1171 2487 1219 2531; x_wconf 90' lang='lat' dir='ltr'>et</span> <span class='ocrx_word' id='word_1_236' title='bbox 1252 2483 1377 2530; x_wconf 90' lang='lat' dir='ltr'>sacri</span> <span class='ocrx_word' id='word_1_237' title='bbox 1410 2484 1602 2548; x_wconf 83' lang='lat' dir='ltr'>collegii</span> <span class='ocrx_word' id='word_1_238' title='bbox 1631 2486 1964 2546; x_wconf 85' lang='lat' dir='ltr'>cardinalium,</span> 
     </span>
     <span class='ocr_line' id='line_1_28' title="bbox 170 2566 1967 2632; baseline 0.001 -14"><span class='ocrx_word' id='word_1_239' title='bbox 170 2573 219 2618; x_wconf 92' lang='lat' dir='ltr'>et</span> <span class='ocrx_word' id='word_1_240' title='bbox 238 2569 298 2618; x_wconf 93' lang='lat' dir='ltr'>de</span> <span class='ocrx_word' id='word_1_241' title='bbox 318 2568 396 2617; x_wconf 91' lang='lat' dir='ltr'>his</span> <span class='ocrx_word' id='word_1_242' title='bbox 418 2568 792 2616; x_wconf 88' lang='lat' dir='ltr'>instrumentum</span> <span class='ocrx_word' id='word_1_243' title='bbox 813 2570 894 2614; x_wconf 91' lang='lat' dir='ltr'>aut</span> <span class='ocrx_word' id='word_1_244' title='bbox 924 2566 1245 2614; x_wconf 87' lang='lat' dir='ltr'>instrumenta</span> <span class='ocrx_word' id='word_1_245' title='bbox 1275 2566 1437 2615; x_wconf 85' lang='lat' dir='ltr'>facere</span> <span class='ocrx_word' id='word_1_246' title='bbox 1461 2572 1508 2616; x_wconf 90' lang='lat' dir='ltr'>et</span> <span class='ocrx_word' id='word_1_247' title='bbox 1534 2569 1781 2632; x_wconf 88' lang='lat' dir='ltr'>publicare</span> <span class='ocrx_word' id='word_1_248' title='bbox 1807 2574 1967 2620; x_wconf 89' lang='lat' dir='ltr'>tenea-</span> 
     </span>
     <span class='ocr_line' id='line_1_29' title="bbox 168 2650 1968 2718; baseline 0.001 -17"><span class='ocrx_word' id='word_1_249' title='bbox 168 2657 264 2713; x_wconf 88' lang='lat' dir='ltr'>tur,</span> <span class='ocrx_word' id='word_1_250' title='bbox 295 2652 562 2716; x_wconf 88' lang='lat' dir='ltr'>cedulaque</span> <span class='ocrx_word' id='word_1_251' title='bbox 589 2668 793 2718; x_wconf 90' lang='lat' dir='ltr'>presens</span> <span class='ocrx_word' id='word_1_252' title='bbox 819 2651 894 2699; x_wconf 90' lang='lat' dir='ltr'>vel</span> <span class='ocrx_word' id='word_1_253' title='bbox 923 2651 1092 2699; x_wconf 90' lang='lat' dir='ltr'>cedule</span> <span class='ocrx_word' id='word_1_254' title='bbox 1122 2650 1304 2698; x_wconf 88' lang='lat' dir='ltr'>similes</span> <span class='ocrx_word' id='word_1_255' title='bbox 1330 2651 1509 2711; x_wconf 80' lang='lat' dir='ltr'>stende,</span> <span class='ocrx_word' id='word_1_256' title='bbox 1542 2654 1895 2717; x_wconf 84' lang='lat' dir='ltr'>susbcriptione</span> <span class='ocrx_word' id='word_1_257' title='bbox 1920 2660 1968 2703; x_wconf 76' lang='lat' dir='ltr'>ot</span> 
     </span>
     <span class='ocr_line' id='line_1_30' title="bbox 171 2735 1965 2802; baseline 0 -17"><span class='ocrx_word' id='word_1_258' title='bbox 171 2737 328 2802; x_wconf 86' lang='lat' dir='ltr'>sigillo</span> <span class='ocrx_word' id='word_1_259' title='bbox 365 2737 549 2785; x_wconf 87' lang='lat' dir='ltr'>anulari</span> <span class='ocrx_word' id='word_1_260' title='bbox 586 2736 731 2784; x_wconf 85' lang='lat' dir='ltr'>futuri</span> <span class='ocrx_word' id='word_1_261' title='bbox 767 2735 1012 2800; x_wconf 87' lang='lat' dir='ltr'>pontificis</span> <span class='ocrx_word' id='word_1_262' title='bbox 1054 2736 1337 2794; x_wconf 89' lang='lat' dir='ltr'>muniende,</span> <span class='ocrx_word' id='word_1_263' title='bbox 1376 2735 1586 2784; x_wconf 88' lang='lat' dir='ltr'>habeant</span> <span class='ocrx_word' id='word_1_264' title='bbox 1622 2737 1717 2784; x_wconf 87' lang='lat' dir='ltr'>vim</span> <span class='ocrx_word' id='word_1_265' title='bbox 1756 2739 1883 2786; x_wconf 91' lang='lat' dir='ltr'>bulle</span> <span class='ocrx_word' id='word_1_266' title='bbox 1918 2739 1965 2785; x_wconf 86' lang='lat' dir='ltr'>in</span> 
     </span>
     <span class='ocr_line' id='line_1_31' title="bbox 172 2819 2022 2885; baseline 0 -18"><span class='ocrx_word' id='word_1_267' title='bbox 172 2835 287 2868; x_wconf 84' lang='lat' dir='ltr'>casu</span> <span class='ocrx_word' id='word_1_268' title='bbox 314 2835 408 2883; x_wconf 91' lang='lat' dir='ltr'>quo</span> <span class='ocrx_word' id='word_1_269' title='bbox 437 2820 496 2867; x_wconf 87' lang='lat' dir='ltr'>ad</span> <span class='ocrx_word' id='word_1_270' title='bbox 522 2819 733 2867; x_wconf 86' lang='lat' dir='ltr'>triduum</span> <span class='ocrx_word' id='word_1_271' title='bbox 753 2824 862 2883; x_wconf 90' lang='lat' dir='ltr'>post</span> <span class='ocrx_word' id='word_1_272' title='bbox 883 2820 1249 2868; x_wconf 89' lang='lat' dir='ltr'>coronationem</span> <span class='ocrx_word' id='word_1_273' title='bbox 1270 2836 1369 2868; x_wconf 90' lang='lat' dir='ltr'>non</span> <span class='ocrx_word' id='word_1_274' title='bbox 1390 2820 1578 2868; x_wconf 88' lang='lat' dir='ltr'>dederit</span> <span class='ocrx_word' id='word_1_275' title='bbox 1600 2837 1737 2868; x_wconf 86' lang='lat' dir='ltr'>sacro</span> <span class='ocrx_word' id='word_1_276' title='bbox 1761 2822 1964 2885; x_wconf 82' lang='lat' dir='ltr'>collegio</span> <span class='ocrx_word' id='word_1_277' title='bbox 2019 2878 2022 2882; x_wconf 13' lang='grc' dir='ltr'><strong>Α</strong></span> 
     </span>
     <span class='ocr_line' id='line_1_32' title="bbox 172 2903 1961 2968; baseline -0.001 -16"><span class='ocrx_word' id='word_1_278' title='bbox 172 2908 267 2953; x_wconf 89' lang='lat' dir='ltr'>tres</span> <span class='ocrx_word' id='word_1_279' title='bbox 319 2903 474 2952; x_wconf 89' lang='lat' dir='ltr'>bullas</span> <span class='ocrx_word' id='word_1_280' title='bbox 532 2904 798 2952; x_wconf 88' lang='lat' dir='ltr'>secundum</span> <span class='ocrx_word' id='word_1_281' title='bbox 849 2907 1071 2952; x_wconf 91' lang='lat' dir='ltr'>tenorem</span> <span class='ocrx_word' id='word_1_282' title='bbox 1123 2904 1564 2968; x_wconf 86' lang='lat' dir='ltr'>suprascriptorum</span> <span class='ocrx_word' id='word_1_283' title='bbox 1624 2905 1961 2968; x_wconf 87' lang='lat' dir='ltr'>capitulorum,</span> 
     </span>
     <span class='ocr_line' id='line_1_33' title="bbox 173 2987 1452 3054; baseline -0.002 -16"><span class='ocrx_word' id='word_1_284' title='bbox 173 2993 315 3054; x_wconf 91' lang='lat' dir='ltr'>prout</span> <span class='ocrx_word' id='word_1_285' title='bbox 335 2988 385 3036; x_wconf 92' lang='lat' dir='ltr'>in</span> <span class='ocrx_word' id='word_1_286' title='bbox 406 2987 614 3052; x_wconf 88' lang='lat' dir='ltr'>capitulo</span> <span class='ocrx_word' id='word_1_287' title='bbox 635 2987 812 3051; x_wconf 91' lang='lat' dir='ltr'>primo,</span> <span class='ocrx_word' id='word_1_288' title='bbox 834 2987 930 3036; x_wconf 89' lang='lat' dir='ltr'>sive</span> <span class='ocrx_word' id='word_1_289' title='bbox 953 2990 1139 3052; x_wconf 91' lang='lat' dir='ltr'>premio</span> <span class='ocrx_word' id='word_1_290' title='bbox 1162 2990 1452 3038; x_wconf 88' lang='lat' dir='ltr'>continetur.</span> 
     </span>
    </p>

    <p class='ocr_par' dir='ltr' id='par_1_7' title="bbox 169 3071 1964 3303">
     <span class='ocr_line' id='line_1_34' title="bbox 238 3071 1963 3137; baseline -0.002 -15"><span class='ocrx_word' id='word_1_291' title='bbox 238 3077 378 3132; x_wconf 89' lang='lat' dir='ltr'>Item,</span> <span class='ocrx_word' id='word_1_292' title='bbox 414 3072 542 3136; x_wconf 90' lang='lat' dir='ltr'>quod</span> <span class='ocrx_word' id='word_1_293' title='bbox 577 3071 671 3119; x_wconf 89' lang='lat' dir='ltr'>hec</span> <span class='ocrx_word' id='word_1_294' title='bbox 706 3071 869 3119; x_wconf 89' lang='lat' dir='ltr'>omnia</span> <span class='ocrx_word' id='word_1_295' title='bbox 896 3076 944 3120; x_wconf 91' lang='lat' dir='ltr'>et</span> <span class='ocrx_word' id='word_1_296' title='bbox 971 3073 1157 3137; x_wconf 87' lang='lat' dir='ltr'>singula</span> <span class='ocrx_word' id='word_1_297' title='bbox 1183 3073 1442 3122; x_wconf 87' lang='lat' dir='ltr'>ratificabit</span> <span class='ocrx_word' id='word_1_298' title='bbox 1469 3077 1516 3121; x_wconf 91' lang='lat' dir='ltr'>et</span> <span class='ocrx_word' id='word_1_299' title='bbox 1540 3071 1824 3136; x_wconf 84' lang='lat' dir='ltr'>approbabit</span> <span class='ocrx_word' id='word_1_300' title='bbox 1853 3075 1963 3120; x_wconf 87' lang='lat' dir='ltr'>anto</span> 
     </span>
     <span class='ocr_line' id='line_1_35' title="bbox 173 3154 1963 3222; baseline -0.001 -16"><span class='ocrx_word' id='word_1_301' title='bbox 173 3155 551 3222; x_wconf 89' lang='lat' dir='ltr'>publicationem</span> <span class='ocrx_word' id='word_1_302' title='bbox 592 3154 843 3203; x_wconf 90' lang='lat' dir='ltr'>electionis</span> <span class='ocrx_word' id='word_1_303' title='bbox 884 3171 987 3214; x_wconf 89' lang='lat' dir='ltr'>sue,</span> <span class='ocrx_word' id='word_1_304' title='bbox 1030 3156 1275 3217; x_wconf 38' lang='lat' dir='ltr'>mediante,</span> <span class='ocrx_word' id='word_1_305' title='bbox 1315 3157 1609 3222; x_wconf 88' lang='lat' dir='ltr'>provisione,</span> <span class='ocrx_word' id='word_1_306' title='bbox 1651 3160 1780 3214; x_wconf 81' lang='lat' dir='ltr'>votO,</span> <span class='ocrx_word' id='word_1_307' title='bbox 1829 3156 1963 3219; x_wconf 82' lang='lat' dir='ltr'>jura-</span> 
     </span>
     <span class='ocr_line' id='line_1_36' title="bbox 169 3238 1964 3303; baseline 0 -14"><span class='ocrx_word' id='word_1_308' title='bbox 169 3244 333 3290; x_wconf 92' lang='lat' dir='ltr'>mento</span> <span class='ocrx_word' id='word_1_309' title='bbox 379 3255 435 3287; x_wconf 92' lang='lat' dir='ltr'>ac</span> <span class='ocrx_word' id='word_1_310' title='bbox 482 3238 835 3303; x_wconf 88' lang='lat' dir='ltr'>subscriptione</span> <span class='ocrx_word' id='word_1_311' title='bbox 888 3256 973 3288; x_wconf 91' lang='lat' dir='ltr'>sua</span> <span class='ocrx_word' id='word_1_312' title='bbox 1013 3240 1062 3288; x_wconf 90' lang='lat' dir='ltr'>in</span> <span class='ocrx_word' id='word_1_313' title='bbox 1094 3242 1186 3289; x_wconf 86' lang='lat' dir='ltr'>hac</span> <span class='ocrx_word' id='word_1_314' title='bbox 1216 3243 1371 3290; x_wconf 86' lang='lat' dir='ltr'>forma</span> <span class='ocrx_word' id='word_1_315' title='bbox 1411 3262 1433 3284; x_wconf 89' lang='lat'>«</span> <span class='ocrx_word' id='word_1_316' title='bbox 1471 3243 1571 3302; x_wconf 79' lang='lat' dir='ltr'>Ego</span> <span class='ocrx_word' id='word_1_317' title='bbox 1606 3241 1661 3287; x_wconf 88' lang='lat' dir='ltr'>N.</span> <span class='ocrx_word' id='word_1_318' title='bbox 1700 3239 1883 3287; x_wconf 87' lang='lat' dir='ltr'>clectus</span> <span class='ocrx_word' id='word_1_319' title='bbox 1917 3245 1964 3289; x_wconf 83' lang='lat' dir='ltr'>et</span> 
     </span>
    </p>
   </div>
   <div class='ocr_carea' id='block_1_5' title="bbox 219 3373 1959 3473">
    <p class='ocr_par' dir='ltr' id='par_1_8' title="bbox 219 3373 1959 3473">
     <span class='ocr_line' id='line_1_37' title="bbox 219 3373 1959 3424; baseline 0 -13"><span class='ocrx_word' id='word_1_320' title='bbox 219 3374 254 3412; x_wconf 88' lang='lat'>1.</span> <span class='ocrx_word' id='word_1_321' title='bbox 283 3373 414 3411; x_wconf 84' lang='lat' dir='ltr'>Unius.</span> <span class='ocrx_word' id='word_1_322' title='bbox 429 3393 471 3400; x_wconf 94' lang='lat'><strong>—</strong></span> <span class='ocrx_word' id='word_1_323' title='bbox 488 3373 909 3423; x_wconf 79' lang='lat' dir='ltr'>ManquedansRinaldi</span> <span class='ocrx_word' id='word_1_324' title='bbox 930 3380 966 3413; x_wconf 86' lang='lat' dir='ltr'>et</span> <span class='ocrx_word' id='word_1_325' title='bbox 986 3377 1079 3413; x_wconf 85' lang='lat' dir='ltr'>dans</span> <span class='ocrx_word' id='word_1_326' title='bbox 1099 3376 1245 3412; x_wconf 86' lang='lat' dir='ltr'>tousles</span> <span class='ocrx_word' id='word_1_327' title='bbox 1260 3386 1350 3412; x_wconf 87' lang='lat' dir='ltr'>mss.</span> <span class='ocrx_word' id='word_1_328' title='bbox 1367 3375 1451 3411; x_wconf 78' lang='lat' dir='ltr'>saut</span> <span class='ocrx_word' id='word_1_329' title='bbox 1471 3375 1502 3411; x_wconf 87' lang='lat' dir='ltr'>le</span> <span class='ocrx_word' id='word_1_330' title='bbox 1518 3375 1622 3424; x_wconf 84' lang='lat' dir='ltr'>Chigi</span> <span class='ocrx_word' id='word_1_331' title='bbox 1639 3379 1674 3412; x_wconf 86' lang='lat' dir='ltr'>et</span> <span class='ocrx_word' id='word_1_332' title='bbox 1688 3376 1719 3413; x_wconf 87' lang='lat' dir='ltr'>le</span> <span class='ocrx_word' id='word_1_333' title='bbox 1740 3388 1829 3413; x_wconf 85' lang='lat' dir='ltr'>mss.</span> <span class='ocrx_word' id='word_1_334' title='bbox 1853 3377 1959 3413; x_wconf 78' lang='lat'>5521.</span> 
     </span>
     <span class='ocr_line' id='line_1_38' title="bbox 223 3431 1197 3473; baseline 0 -3"><span class='ocrx_word' id='word_1_335' title='bbox 223 3435 260 3471; x_wconf 81' lang='lat'>2.</span> <span class='ocrx_word' id='word_1_336' title='bbox 288 3431 435 3470; x_wconf 86' lang='lat' dir='ltr'>Rinaldi</span> <span class='ocrx_word' id='word_1_337' title='bbox 451 3433 603 3472; x_wconf 83' lang='lat' dir='ltr'>termine</span> <span class='ocrx_word' id='word_1_338' title='bbox 622 3435 670 3472; x_wconf 88' lang='lat' dir='ltr'>ici</span> <span class='ocrx_word' id='word_1_339' title='bbox 690 3448 758 3473; x_wconf 85' lang='lat' dir='ltr'>son</span> <span class='ocrx_word' id='word_1_340' title='bbox 778 3436 910 3473; x_wconf 85' lang='lat' dir='ltr'>extrait</span> <span class='ocrx_word' id='word_1_341' title='bbox 928 3437 973 3473; x_wconf 90' lang='lat' dir='ltr'>de</span> <span class='ocrx_word' id='word_1_342' title='bbox 996 3435 1197 3472; x_wconf 84' lang='lat' dir='ltr'>Burchard.</span> 
     </span>
    </p>
   </div>
  </div>
 </body>
</html>
