2262 3958
386 295 457 331 528
606 271 609 273 ’
1128 296 1411 335 APPENDICE.

331 431 343 435 ⁶
385 395 823 444 mediocris3habens
847 400 889 437 et
911 398 1136 438 oculorum
1156 398 1343 438 alterum
1368 397 1539 438 luscum
1559 408 1609 437 ac
1637 399 1824 446 torvum,
1848 407 2008 437 nasum
2027 395 2152 447 aqui-

384 460 537 510 linum,
562 461 698 511 Caput
727 461 975 512 inquietum
1009 472 1197 512 semper,
1235 461 1391 502 Omnia
1424 461 1688 502 collustrans
1710 464 1752 501 et
1773 464 1983 512 tanquam
2005 459 2154 500 minax

386 525 651 576 inspectans.
684 527 797 566 AEtas
819 526 880 565 illi
908 528 972 575 (ut
993 527 1098 567 mihi
1118 525 1321 579 videtur).
1345 527 1468 566 Anno
1491 528 1574 566 XL.
1595 526 1807 577 proxima.
1827 527 1995 574 Patrem
2026 525 2154 578 quus

388 590 585 631 caelatam
606 601 696 631 oere
713 591 876 642 saepius
897 591 1138 644 imaginem
1164 592 1252 633 vidi
1271 592 1328 633 ad
1345 603 1542 644 unguem
1558 590 1776 640 referens;
1800 593 1843 630 et
1862 593 1910 630 ut
1929 590 2076 632 indole
2092 589 2155 630 sic

388 658 431 695 et
443 655 640 695 moribus
656 656 860 707 pessimis
876 656 1038 709 insigni
1054 657 1278 698 atrocitate
1295 660 1427 709 atque
1444 656 1630 696 saevicia
1646 656 1856 707 AEquans.
1873 655 1953 702 Qui
1970 655 2152 696 rabidus

390 731 571 772 serpens
593 720 629 760 si
649 731 672 760 e
694 721 1037 762 Christianorum
1069 733 1198 763 cavea
1220 725 1349 773 rupta
1367 722 1552 762 cathena
1574 720 1835 773 diffingeret,
1857 719 1945 760 heu
1965 722 2152 771 quantas

390 788 560 838 strages
579 788 620 826 et
634 786 831 836 vulnera,
857 787 894 826 si
915 790 1085 829 tantum
1103 790 1269 839 posset,
1294 787 1422 827 nobis
1441 786 1696 827 Christianis
1717 786 1931 838 injiceret.
1953 786 2039 827 Sed
2056 785 2154 827 vide

388 854 640 892 nostrorum
674 852 918 903 principum
946 863 1078 904 quam
1110 852 1375 893 discidentes
1412 853 1500 892 sint
1528 852 1642 892 inter
1675 862 1722 891 se
1748 851 1897 901 animi,
1933 853 1976 892 et
2009 851 2151 892 studia

388 917 559 957 inimica
597 920 729 969 atque
756 917 985 958 contraria.
1026 917 1090 958 Ad
1129 918 1244 958 hunc
1274 919 1461 958 Tul-cum
1499 917 1617 968 apud
1651 928 1734 957 nos
1763 916 1823 956 ita
1860 915 2080 968 captivum
2111 917 2154 956 et
2189 916 2211 927 ³

388 993 548 1034 magna
563 982 772 1035 vigilique
800 983 1008 1023 Custodia
1040 982 1248 1034 stipatum
1282 994 1423 1023 novus
1453 982 1631 1034 quidam
1661 981 1890 1022 intromitti
1922 981 2152 1022 exoravita

389 1047 656 1088 Custodibus
693 1049 874 1096 Turcus,
896 1048 970 1099 qui
992 1059 1038 1088 se
1061 1048 1117 1088 ab
1136 1048 1398 1099 imperatore
1434 1059 1596 1099 magno
1618 1049 1859 1088 Turcorum
1879 1045 2153 1099 transfugam

389 1112 573 1162 diceret3
592 1117 633 1152 et
646 1113 829 1153 Venisse
848 1113 1067 1163 superatis
1087 1113 1260 1164 magnis
1281 1113 1484 1164 periculis
1506 1115 1553 1152 ut
1573 1112 1704 1164 degat
1723 1113 1767 1152 in
1786 1111 2040 1163 Captivitate
2054 1122 2152 1152 cum

387 1177 487 1226 isto,
509 1178 656 1228 sitque
692 1177 732 1217 ei
769 1178 943 1218 servitio
982 1189 1116 1229 quam
1146 1178 1220 1218 diu
1256 1177 1425 1227 vixerit,
1449 1178 1577 1228 eique
1612 1177 1878 1226 commilitet,
1902 1177 1940 1217 si
1965 1176 2087 1228 Justa
2107 1175 2152 1216 in

387 1240 565 1285 fratrem
585 1245 846 1294 regnantem
864 1254 984 1282 arma
999 1243 1171 1282 laxatus
1192 1242 1387 1282 intulerit
1411 1253 1420 1281 :
1444 1242 1539 1292 Qui,
1557 1242 1787 1294 ingressus
1806 1242 1894 1282 ritu
1909 1241 2066 1293 patrio,
2086 1251 2153 1282 os-

387 1306 557 1347 culatus
597 1309 664 1346 est
691 1309 854 1347 terram
886 1306 1044 1347 deinde
1075 1306 1231 1358 captivi
1270 1307 1441 1358 pedem,
1462 1317 1563 1346 eum
1595 1306 1794 1346 salutans
1820 1309 1863 1347 et
1891 1317 2152 1358 nuncupans

389 1373 701 1423 Imperatorem
720 1384 770 1412 ac
785 1372 1012 1413 dominum
1033 1383 1162 1412 suum
1179 1374 1221 1412 et
1240 1372 1487 1424 legitimum
1501 1371 1699 1412 omnium
1713 1373 1949 1412 Turcorum
1971 1373 2151 1424 Regem.

390 1438 435 1476 ln
454 1447 585 1488 quem
602 1437 750 1477 hoeros
768 1449 904 1489 quum
929 1436 1041 1477 fixos
1065 1436 1312 1477 intenderet
1338 1437 1503 1486 oculos,
1528 1439 1682 1488 utpote
1702 1436 1777 1488 qui
1797 1436 1918 1478 vafer
1932 1439 1976 1478 et
1988 1436 2152 1478 calidus

389 1505 455 1543 est
476 1505 518 1542 et
536 1502 669 1543 etiam
704 1505 797 1543 tuta
832 1514 950 1554 saepe
979 1502 1236 1551 formidans,
1277 1502 1401 1542 illum
1437 1501 1704 1552 proditorem
1733 1504 1776 1542 et
1802 1501 2062 1553 parricidam
2085 1503 2152 1542 est

390 1569 651 1619 suspicatus,
677 1569 768 1618 Qua
786 1568 839 1608 de
854 1579 900 1608 re
918 1568 960 1608 in
977 1567 1115 1607 filium
1135 1568 1276 1618 Papae
1291 1578 1529 1607 conversus
1545 1567 1620 1618 qui
1635 1567 1881 1618 spartaculo
1901 1566 2056 1608 aderat
2075 1577 2154 1618 per

390 1645 519 1674 suum
537 1634 827 1684 interpretum
849 1632 1110 1685 significavit
1130 1632 1214 1672 sibi
1233 1633 1349 1672 hunc
1368 1632 1503 1672 videri
1529 1632 1739 1672 Sicarium
1759 1632 1868 1672 nihil
1886 1631 2017 1684 nugis
2031 1631 2151 1673 blan-

389 1698 479 1739 ‹luli
499 1699 689 1739 hominis
708 1698 859 1740 fidere.
877 1700 970 1749 Quo
987 1698 1151 1747 audito,
1174 1697 1396 1738 Pontificis
1418 1696 1534 1737 filius
1552 1697 1647 1748 capi
1664 1697 1787 1737 illum
1802 1708 1986 1749 propere
2000 1697 2099 1738 fecit
2110 1699 2153 1738 et

328 1796 331 1798 v
388 1776 412 1804 a
435 1765 564 1804 Sacro
585 1764 747 1804 Palatio
767 1764 812 1804 in
834 1764 977 1804 Sancti
1012 1763 1167 1816 Angeli
1189 1774 1334 1803 arcem
1352 1765 1575 1814 raptatum
1596 1762 1805 1814 torqueri,
1829 1763 1904 1814 qui
1923 1756 2151 1803 confessus

390 1834 431 1870 et
453 1841 500 1871 se
530 1829 586 1870 ad
616 1830 955 1870 interimendum
983 1829 1107 1869 illum
1134 1830 1291 1881 aRege
1311 1828 1515 1879 Neapolis
1547 1828 1749 1867 missum.
1773 1829 1878 1877 Quae
1906 1838 1976 1868 res
2005 1838 2152 1876 sacros

387 1895 559 1935 animos
589 1895 878 1935 Vehementer
928 1894 1176 1946 exagitavit.
1220 1895 1319 1933 Haec
1353 1892 1643 1932 recordationi
1685 1892 1958 1932 suavissimae
1986 1894 2151 1932 nostrae

390 1963 628 2011 sanctoque
648 1960 787 2000 amori
809 1959 1072 1999 dederimus.
1102 1958 1194 1999 Alia
1225 1969 1279 1998 ex
1296 1956 1599 1997 occasionibus
1621 1959 1663 1996 et
1680 1956 1952 2008 temporibus
1973 1956 2028 1997 ad
2049 1956 2151 1997 scri-

388 2025 582 2065 bendum
601 2035 683 2064 nos
704 2024 970 2065 excitabunt.
993 2024 1097 2064 Vale
1115 2022 1186 2076 (1).

448 2125 467 2146 «
488 2109 737 2150 Familiares
756 2112 798 2149 et
822 2108 828 2162 Ι
854 2108 1072 2150 secundae
1098 2109 1103 2160 Ι
1127 2108 1316 2149 Matthaei
1343 2108 1348 2162 Ι
1373 2110 1497 2151 Bossi
1516 2109 1584 2160 epi
1609 2108 1615 2161 Ι
1641 2112 1708 2150 sto
1733 2108 1740 2162 Ι
1763 2109 1886 2150 lae.»

445 2209 741 2262 Souscription
762 2222 771 2250 :

447 2314 466 2337 «
489 2301 756 2351 Impressum
782 2300 969 2339 Mantuae
1010 2309 1089 2350 per
1118 2298 1391 2339 Vincentium
1429 2300 1687 2341 Bertochum
1719 2300 1993 2352 Regiensem.
2026 2301 2150 2341 Anno

390 2365 655 2405 aNativitate
676 2365 849 2405 Domini
866 2365 1010 2406 Nostri
1038 2366 1142 2405 Jesu
1169 2363 1328 2404 Christi
1361 2364 1829 2407 MCCCCLXXXXVIH.
1869 2365 2027 2415 Quinto
2049 2365 2150 2406 Idus

390 2430 599 2470 Novemb.
626 2430 790 2482 Inclyto
818 2433 860 2470 et
881 2430 1052 2470 excelso
1074 2430 1269 2481 Principe
1290 2431 1516 2471 Francisco
1537 2431 1756 2481 Gonzaga.
1779 2430 1868 2470 1111.
1890 2430 2147 2471 Marchione.

389 2494 562 2534 Domini
584 2495 786 2534 Habenas
808 2495 1021 2534 Foeliciter
1038 2495 1334 2535 Gubernante.
1353 2510 1373 2531 »

1243 2730 1297 2776 34

444 2880 463 2901 «
491 2863 709 2904 Guillelini
741 2862 966 2912 Caoursin,
1005 2858 1276 2914 Galli-Belga,
1305 2851 1467 2911 Duacii,
1496 2861 1763 2903 Rhodiorum
1782 2862 2146 2905 Vicecancellarii:

386 2931 447 2970 De
469 2931 583 2971 Casu
603 2927 719 2981 regis
736 2930 942 2980 Zyzymy‚
963 2926 1331 2969 Commentarium
1345 2926 1509 2978 incipit.
1530 2926 1776 2979 (Extraics.)

442 3055 461 3076 <‹
493 3041 587 3080 Non
616 3039 899 3079 iniocundum
928 3039 1020 3079 fore
1054 3038 1310 3080 crediderim
1345 3038 1474 3091 Regis
1504 3041 1696 3092 Zyzymy
1721 3039 1998 3089 (mahumetis
2032 3040 2148 3081 thur-

385 3115 534 3144 corum
567 3104 743 3157 tyranni
779 3103 887 3156 nati)
918 3115 1070 3143 casum
1101 3103 1310 3143 litterario
1342 3103 1481 3143 ordini
1506 3104 1730 3144 mandare.
1770 3105 1855 3144 Res
1887 3107 1953 3144 est
1984 3104 2145 3156 quippe

384 3172 630 3209 memoratu
652 3169 782 3221 digna
802 3172 844 3209 et
864 3180 949 3220 que
984 3168 1270 3209 Christianam
1300 3171 1478 3219 gentem
1510 3180 1685 3209 movere
1715 3172 1756 3208 et
1774 3168 1953 3209 devotas
1973 3171 2145 3209 mentes

385 3234 554 3285 erigere
585 3233 642 3274 ad
665 3233 841 3286 egregia
873 3233 1075 3274 obeunda
1096 3233 1287 3273 facinora
1316 3232 1480 3283 debuit,
1516 3235 1557 3272 et
1575 3244 1659 3284 que
1690 3233 1926 3284 reipublice
1951 3232 2144 3273 christia-

429 3345 458 3376 1.
480 3344 754 3387 L'orthographe
778 3344 825 3377 du
849 3347 942 3377 texte
965 3354 986 3376 a
1009 3345 1062 3377 ete
1084 3345 1306 3378 exactement
1330 3343 1535 3387 reproduite
1555 3344 1614 3382 ici,
1635 3345 1731 3377 seule
1750 3344 1784 3377 la
1807 3345 2037 3386 ponctuation
2053 3352 2074 3376 a
2089 3343 2143 3375 ete

385 3396 563 3428 remaniee
580 3406 672 3437 pour
692 3406 736 3429 en
756 3397 904 3429 faciliter
922 3397 956 3429 la
975 3396 1120 3429 lecture.
