2262 3958
125 292 223 334 [Juin
244 291 334 335 ¹487]
575 292 744 330 RERUM
776 290 1081 330 URBANARUM
1115 290 1465 330 COMMENTARII.
1839 292 1910 327 ‘267

127 394 412 445 Laurentius
433 394 830 459 archiepiscopus
859 396 1223 443 Beneventanus
1252 397 1299 441 et
1320 392 1695 457 Christophorus
1726 391 1911 456 episco-

124 495 215 543 pus
241 478 555 528 Cortonensis
583 483 628 527 et
659 477 1027 526 Bartholomeus
1060 475 1450 541 archipresbyter
1478 475 1685 540 Vignole
1718 474 1910 523 cubicu-

123 561 271 612 larius
308 565 437 627 Pape
465 563 524 611 ad
557 562 859 627 preparanda
887 560 1100 625 hospitia
1127 564 1176 609 et
1202 559 1551 623 providendum
1577 559 1636 608 de
1662 558 1904 623 expensis,

123 646 292 696 Nullus
313 646 568 695 cardinalis
586 647 743 711 ipsum
761 646 934 694 ducem
956 644 1005 691 in
1026 659 1223 693 recessu
1245 660 1331 693 suo
1353 644 1624 692 associavit.

188 730 427 791 Sabbato,
455 734 483 778 9
511 730 652 794 junii,
686 728 848 794 vigilia
876 727 1137 786 Trinitatis,
1171 727 1369 776 fuerunt
1394 744 1595 791 vespere
1628 728 1825 792 papales
1858 727 1906 775 in

121 816 307 880 capella
331 830 525 880 magna,
562 817 692 878 Papa
719 812 839 861 albis
872 815 1040 875 parato
1071 814 1116 859 et
1149 816 1396 875 presente,
1434 811 1516 874 qui
1549 812 1662 860 fecit
1692 811 1906 859 officium

120 904 532 958 more‘consuetm
553 902 616 959 et,
635 897 695 947 de
717 896 944 944 mandato
967 898 1113 958 Pape,
1134 909 1230 942 non
1252 894 1339 942 fuit
1361 895 1486 943 facta
1507 895 1906 944 commemoratio

119 981 180 1031 de
198 982 460 1031 dominica.

184 1064 454 1125 Dominica‚
491 1068 550 1113 10
574 1064 715 1128 junii,
761 1064 940 1113 festum
985 1063 1311 1113 sacratissime
1348 1062 1610 1124 Trinitatis,
1649 1065 1816 1111 RmuS.
1852 1065 1908 1111 D.

117 1146 376 1196 cardinalis
409 1147 685 1196 Parmensis
722 1147 836 1197 fecit
871 1147 1089 1198 officium
1124 1149 1173 1197 in
1202 1148 1388 1213 capella
1419 1164 1613 1212 magna,
1643 1150 1772 1212 Papa
1800 1163 1908 1213 pre-

117 1236 254 1282 sente
273 1236 323 1282 et
347 1232 468 1282 albis
494 1232 789 1298 paramentis
817 1236 1003 1282 ornato.
1039 1233 1178 1282 Dicta
1208 1238 1395 1282 tantum
1423 1233 1511 1283 fuit
1537 1250 1633 1282 una
1661 1234 1832 1294 oratio,
1858 1238 1906 1282 ct

117 1316 250 1366 nulla
275 1317 404 1367 facta
437 1316 838 1366 commemoratio
881 1317 941 1365 de
981 1317 1244 1366 dominica.
1298 1320 1586 1366 Sermonem
1614 1317 1727 1366 fecit
1758 1317 1908 1366 frater

114 1401 270 1451 Adam
306 1401 560 1451 Barbatius
602 1401 787 1450 ordinis·
831 1401 1180 1450 heremitarum
1221 1419 1259 1450 S.
1297 1402 1570 1466 Augustini.
1603 1402 1710 1450 Alia
1745 1402 1907 1450 omnia

118 1485 372 1536 observata
390 1490 503 1535 sunt
519 1501 655 1536 more
676 1490 926 1537 consuet0.

183 1569 412 1619 Remansi
431 1570 528 1618 hoc
549 1585 691 1619 mane
718 1570 767 1618 in
800 1571 1006 1635 prandio
1032 1586 1142 1620 cum
1172 1570 1478 1620 cubiculariis
1509 1570 1708 1619 secretis
1731 1571 1816 1619 SS.
1844 1573 1900 1619 D.

117 1656 198 1714 N.‚
217 1658 315 1718 'quo
333 1659 551 1719 peracto,
577 1655 662 1703 SS.
692 1657 750 1704 D.
784 1657 842 1703 N.
873 1655 1019 1704 voluit
1046 1672 1074 1704 a
1094 1671 1173 1704 me
1194 1655 1462 1719 intelligere
1489 1654 1709 1703 ordinem
1737 1655 1905 1703 obser-

117 1741 284 1787 vatum
303 1737 354 1786 in
373 1738 655 1802 precedenti
683 1754 812 1787 anno
830 1738 958 1788 inter
978 1739 1212 1788 officiales
1234 1743 1282 1788 et
1301 1739 1666 1803 processionem
1688 1739 1905 1805 corporis

118 1820 443 1879 Christi.Quo
466 1821 556 1870 sibi
575 1822 723 1882 lecto,
747 1823 990 1871 mandavit
1007 1826 1058 1872 ut
1077 1823 1220 1871 simul
1238 1839 1397 1872 essem
1413 1839 1526 1871 cum
1544 1825 1643 1871 RR.
1667 1822 1904 1871 Aleriensi

116 1905 479 1955 etwornacensi
501 1905 742 1970 episcopis
770 1909 816 1955 et
847 1909 905 1955 D.
937 1907 1144 1956 Falcone
1175 1907 1506 1972 protonotario
1536 1908 1595 1955 de
1626 1907 1901 1968 Sinibaldis,

114 1989 462 2054 quiarcessitis
490 1989 550 2038 ad
578 2006 630 2038 se
657 1989 945 2039 officialibus
973 1991 1399 2051 contendentibUS‚
1431 1995 1483 2039 ut
1513 1991 1707 2039 illorum
1734 2006 1904 2040 causas

113 2071 439 2142 intelligerent
454 2077 502 2122 et
519 2074 895 2135 concordarent3
920 2074 1014 2123 feci
1035 2074 1180 2139 igitur
1201 2069 1483 2124 schedulam
1503 2092 1649 2139 quam
1670 2076 1903 2140 magistro

113 2171 368 2206 cursorum
395 2156 507 2206 dedi
534 2157 820 2207 officialibus
849 2158 1185 2219 intimandam,
1217 2175 1311 2223 que
1339 2159 1593 2223 registrata
1618 2164 1691 2209 est
1718 2161 1842 2209 libro
1863 2162 1902 2208 A

112 2240 519 2301 ceremoniarum,
544 2241 675 2291 fol...

178 2325 318 2374 Feria
369 2325 609 2386 secunda,
661 2330 713 2374 11
767 2326 923 2392 junii,
976 2327 1100 2376 hora
1150 2344 1264 2376 xv111
1305 2327 1353 2376 in
1403 2327 1583 2392 palatio
1635 2328 1902 2393 apostolico

111 2408 240 2474 apud
278 2425 318 2457 s.
362 2411 559 2459 Petrum
595 2410 645 2458 in
678 2426 874 2459 camera
919 2410 1058 2459 solite
1093 2410 1352 2460 residentie
1390 2413 1446 2458 R.
1490 2413 1542 2459 P.
1586 2413 1644 2459 D.
1687 2411 1900 2476 episcopi

109 2494 430 2544 Tornacensis
469 2495 691 2560 ejusdem
720 2495 885 2560 'palatii
926 2495 1143 2559 magistri
1190 2495 1386 2556 domuS,
1428 2510 1593 2543 coram
1636 2495 1811 2544 eodem
1854 2500 1902 2543 et

110 2577 614 2644 Aleriensi'episcopo
651 2595 708 2628 ac
743 2579 1076 2644 protonotario
1115 2580 1174 2628 de
1213 2579 1493 2640 Sinibaldis,
1525 2583 1902 2643 comparuerunt

110 2664 168 2711 A.
195 2661 257 2711 de
283 2663 466 2712 Urbino
494 2667 542 2712 et
568 2666 621 2712 L.
653 2664 712 2712 de
745 2666 923 2713 Sancto
957 2663 1244 2713 Geminiano
1279 2663 1635 2713 abbreviatores
1666 2664 1724 2712 de
1752 2679 1900 2729 parco

111 2745 308 2810 majori,
353 2747 551 2796 nomine
587 2747 974 2797 abbreviatorum
1011 2748 1070 2797 de
1111 2747 1239 2797 dicto
1278 2763 1452 2813 parm,
1491 2749 1729 2797 Antonius
1763 2749 1899 2797 audi-

110 2836 211 2892 tor,
253 2832 308 2879 B.
345 2830 406 2880 de
438 2832 600 2880 Bruno
637 2836 685 2880 et
727 2833 778 2880 C.
817 2833 876 2880 de
922 2831 1264 2882 Condulmario
1308 2832 1568 2897 scriptores
1603 2833 1895 2898 penitentia-

110 2915 199 2976 rie,
243 2914 439 2964 nomine
492 2914 783 2979 scriptorum
829 2915 1186 2980 penitentiarie,
1224 2918 1282 2965 N.
1325 2916 1603 2977 Salmeron,
1650 2917 1896 2966 Johannes

109 2998 315 3049 Martelli
363 3002 412 3048 et
449 2999 696 3049 Johannes
754 2999 992 3064 Urthega‚
1039 3005 1382 3065 procuratores
1427 3001 1672 3049 audientie
1710 3005 1898 3050 contra-

108 3084 371 3143 dictarum,
405 3083 602 3132 nomine
635 3088 1007 3148 procuratorum
1051 3084 1273 3149 ejusdem
1307 3085 1571 3145 audientie,
1608 3085 1896 3135 Vincentius

108 3169 168 3217 de
201 3167 418 3229 mochis,
457 3168 703 3218 Johannes
736 3171 937 3218 Ferrera
973 3173 1021 3218 et
1063 3169 1310 3218 Johannes
1354 3171 1530 3235 Coppis
1577 3170 1895 3219 solicitatores

106 3252 355 3301 literarum
387 3252 778 3316 apostolicarum,
813 3254 1010 3302 nomine
1046 3253 1394 3302 solicitatorum
1425 3255 1709 3302 earumdem
1736 3254 1897 3304 litera-

106 3352 232 3398 rum,
267 3336 515 3385 Johannes
562 3338 620 3386 N.
666 3337 911 3402 Pugnolus
946 3339 1005 3386 de
1039 3338 1297 3387 Castilione
1340 3342 1387 3386 et
1426 3338 1603 3386 Paulus
1651 3339 1710 3387 de
1745 3340 1896 3404 Regio

106 3420 279 3470 notarii
323 3425 445 3479 rote,
485 3420 681 3470 nomine
721 3421 870 3471 officii
909 3422 1210 3472 notariorum
1251 3427 1380 3482 rote,
1419 3427 1466 3471 et
1500 3423 1746 3472 Johannes
1781 3425 1894 3472 Gul-
