2262 3958
364 296 433 330 544
960 314 971 323 =
1104 293 1384 331 APPENDICE.

364 406 484 435 mum
519 395 650 435 allicit
684 395 924 445 mollitque.
968 393 1196 434 pollicetur
1242 393 1390 444 itaque
1427 392 1601 444 legatus
1639 404 1718 445 pro
1747 405 1894 435 annuo
1934 395 2127 445 Zyzymy

366 463 544 511 sumptu
569 460 769 511 Quinque
796 462 837 499 et
858 459 1012 499 XXXX
1031 458 1166 499 millia
1187 469 1420 498 nummum
1444 457 1541 497 auri
1561 468 1672 508 quos
1692 469 1770 499 rex
1789 458 1997 511 Bagyazit
2019 467 2126 509 quo-

365 525 510 565 tennis
529 525 593 565 Kl.
627 525 815 577 Augusti
835 523 974 564 Rhodi
991 523 1203 564 exsoluet.
1236 522 1443 575 Magister
1456 524 1605 563 autem
1634 524 1798 575 Regem
1833 526 2024 576 Zyzymy
2043 521 2126 562 sub

362 590 497 630 tutela
518 589 636 630 ordis
653 589 1034 630 hierosolimorum
1058 590 1272 640 apparatu
1297 587 1419 640 regio
1445 586 1649 627 affectum
1669 597 1848 631 seruare
1867 582 2048 640 pepigit,
2070 596 2127 629 ne

366 654 536 696 dissidii
558 655 738 695 materia
766 655 945 695 oriatur.

371 791 578 833 Gaillelmi
601 791 811 832 Caonrsin
831 791 1090 832 Rhodiorum
1117 789 1446 832 vicecancellarii
1467 789 1517 829 dc
1536 787 1782 828 admissione
1799 787 1922 838 Reqis
1944 789 2130 841 Zyzy‘my

602 859 647 897 in
670 858 830 897 Gallias
849 860 885 897 ec
905 857 1102 908 diligente·
1115 857 1307 897 custodia
1321 857 1627 896 asseraatz'oncs
1652 853 1897 893 exhortatio.

377 952 379 954 ’
420 955 582 1008 Depart
603 967 714 1008 pour
744 957 786 997 la
810 958 971 997 France
998 956 1052 997 de
1083 957 1229 1009 Zyzim
1251 957 1358 997 dont
1376 956 1419 996 la
1437 956 1505 997 vie
1529 956 1596 993 est
1616 953 1782 1004 chaque
1796 953 1902 1004 J'our
1924 951 2130 994 menacee

370 1033 448 1073 par
463 1022 528 1062 les
544 1020 794 1062 emissaires
824 1021 878 1062 de
900 1032 980 1062 son
997 1020 1110 1062 frere
1129 1023 1205 1073 qui
1225 1039 1242 1058 ι
1266 1034 1346 1063 nec
1364 1022 1526 1075 vigiliis
1546 1030 1628 1059 nec
1648 1029 1802 1059 somno
1829 1018 1949 1060 aliud
1971 1018 2133 1072 cogitat

369 1102 388 1123 «
410 1086 530 1127 aliud
548 1087 685 1128 voluit
703 1087 911 1138 aliudque
928 1086 1045 1127 videt
1064 1098 1196 1138 quam
1216 1090 1408 1140 Zyzymy
1423 1089 1600 1141 Regem.
1622 1106 1639 1124 D
1734 1094 1737 1097 ⁴

427 1221 645 1263 Guillelmi
665 1223 874 1263 Caonrsin
893 1223 1158 1263 Rhodiorum
1179 1224 1526 1264 vicecancellarii
1540 1223 1588 1264 de
1607 1224 1864 1266 traductione
1884 1227 2073 1279 Zyzymy

596 1288 781 1328 Saldani
798 1287 951 1340 fratris
970 1292 1118 1340 mayni
1141 1289 1297 1329 Tharci
1316 1290 1374 1328 ad
1392 1290 1536 1329 urbem
1556 1291 1911 1331 commentarium.

423 1406 437 1427 α
467 1421 546 1430 .....
570 1390 680 1430 ratio
707 1389 855 1430 studet
891 1393 1126 1441 postquam
1157 1393 1349 1444 Zyzymy
1369 1403 1599 1432 successus
1627 1391 1940 1443 descripsimus
1961 1390 2135 1439 eiusad

367 1458 523 1497 urbem
556 1456 690 1509 (orbis
720 1458 850 1507 caput
884 1458 926 1495 et
964 1455 1278 1507 monarchiam)
1298 1456 1611 1508 profectionem
1637 1457 1895 1508 compendio
1914 1456 2128 1509 redigam.

367 1523 445 1563 Ubi
460 1524 609 1562 autem
628 1521 829 1573 magistri
850 1523 892 1560 et
912 1520 1180 1561 Rhodiorum
1194 1533 1423 1573 procerum
1445 1525 1655 1572 oratores,
1675 1522 1900 1574 Philippus
1923 1521 1977 1563 de
1994 1522 2129 1575 Cluys

365 1587 556 1628 baliuius
577 1597 725 1627 moree
746 1589 790 1626 et
809 1585 1069 1626 Guillelmus
1092 1586 1302 1627 Caonrsin
1329 1587 1707 1628 vicecancellarius
1725 1587 1783 1628 ad
1802 1587 1884 1628 hoc
1902 1586 2128 1638 destinati,

367 1652 586 1692 mandatis
608 1652 860 1692 inherentes
882 1650 936 1691 de
954 1651 1149 1702 principe
1172 1654 1365 1705 Zyzymy
1393 1652 1450 1693 ad
1469 1653 1625 1693 urbem
1653 1652 1923 1693 traducendo
1943 1651 2127 1693 cumin-

369 1718 567 1758 nocentio
588 1727 700 1768 papa
741 1719 896 1757 octauo
930 1727 1190 1766 conuenere,
1217 1716 1467 1758 francorum
1491 1729 1666 1770 quoque
1694 1729 1799 1771 rege
1825 1717 2095 1760 assentiente
2117 1731 2129 1759 :

366 1782 495 1823 modo
515 1785 706 1835 Zyzymy
727 1781 783 1822 ad
804 1781 1081 1832 peregrinam
1102 1792 1192 1822 non
1213 1785 1409 1822 transeat
1429 1782 1638 1823 ditionem
1656 1783 1784 1835 eique
1806 1794 2028 1832 exorsum,
2045 1794 2131 1825 neo

367 1848 460 1887 siue
490 1848 584 1887 eius
606 1848 717 1887 scitu
754 1847 808 1886 de
841 1846 1017 1886 homine
1039 1846 1299 1896 disponatur
1324 1847 1380 1887 ad
1405 1858 1565 1898 penam
1597 1847 1747 1888 decem
1770 1848 1890 1888 milia
1917 1847 2129 1888 librarum

365 1912 461 1953 auri
481 1911 549 1951 cui
567 1912 622 1951 sit
643 1913 719 1952 Ro.
753 1911 934 1951 ecclesia
961 1911 1166 1951 obnoxia.
1188 1922 1273 1962 que
1301 1911 1479 1962 quidem
1506 1911 1702 1962 pontifici
1726 1914 1769 1952 et
1802 1922 1924 1953 sacro
1957 1911 2130 1953 senatui

366 1977 582 2028 placuere,
597 1977 843 2027 scriptaque
858 1976 1032 2016 redacta
1048 1979 1165 2016 sunt.
1181 1978 1411 2017 Decretum
1425 1980 1493 2017 est
1509 1981 1557 2018 ut
1578 1979 1770 2030 Zyzymy
1781 1977 1926 2030 galliis
1940 1987 2130 2018 mouens

367 2042 441 2094 qui
477 2053 575 2082 arce
605 2041 875 2092 preceptorie
914 2041 1043 2093 burgi
1081 2041 1187 2080 noui
1216 2052 1386 2081 camere
1415 2042 1685 2094 magistratis
1717 2053 1795 2093 per
1828 2042 2046 2083 Guidrunt
2072 2042 2130 2084 de

365 2105 607 2146 Blancafort
627 2117 917 2146 aruernorum
950 2106 1139 2157 priorem
1158 2106 1357 2158 magistri
1379 2106 1557 2158 quidem
1585 2110 1792 2158 nepotem
1815 2107 2131 2148 asseruabatur

367 2174 576 2212 terrestre
602 2171 685 2211 iter
704 2174 869 2223 ageret,
893 2174 935 2211 et
950 2171 1195 2211 onerariam
1215 2171 1480 2211 Rhodiorum
1503 2172 1651 2212 nauim
1681 2172 2128 2225 conscendensgulli·

370 2248 468 2277 cum
489 2237 790 2288 tirrenumque
806 2247 928 2277 mare
947 2236 1166 2288 nauigans
1183 2237 1400 2287 pontificie
1415 2236 1592 2277 ditionis
1608 2238 1766 2278 urbem
1784 2241 1978 2278 veterem
1991 2237 2130 2281 <vehe÷

365 2305 485 2342 retur
507 2314 517 2341 ε
536 2300 695 2341 infesta
717 2301 922 2353 equidem
943 2301 1168 2353 nauigatio
1201 2300 1280 2341 fuit
1301 2314 1310 2341 :
1332 2302 1547 2342 nimbosis
1568 2302 1770 2353 procellis
1799 2302 1994 2354 flatuque
2019 2311 2127 2354 ven·-

366 2369 512 2407 torum
529 2366 717 2406 aduerso
736 2365 1175 2417 nauim‘propellente
1189 2369 1236 2405 ut
1253 2366 1318 2406 vir
1337 2366 1567 2406 incolumis
1589 2367 1791 2408 euaserit.
1818 2367 1924 2408 Cum
1941 2367 2058 2408 enim
2077 2378 2129 2408 eo

366 2431 612 2482 appulisset
631 2430 779 2470 inclito
797 2430 1007 2470 comitatu.
1022 2430 1283 2478 succinctUS‚
1301 2430 1575 2470 descendens
1591 2432 1752 2470 summi
1771 2430 1989 2482 pontificis
2007 2442 2129 2472 man-

367 2496 464 2536 data
488 2495 683 2545 aperitur
714 2495 837 2534 urbis
855 2505 1031 2545 quoque
1050 2505 1148 2534 arce
1181 2494 1434 2534 Leonardus
1467 2495 1570 2535 Cibo
1594 2494 1816 2546 pontificia
1833 2498 1967 2548 gente
1998 2499 2129 2536 natus

369 2562 549 2600 Romam
575 2558 793 2610 pontificis
831 2559 958 2598 iussu
985 2569 1070 2610 quo
1103 2561 1296 2610 Zyzymy
1326 2562 1581 2599 asseruetur
1613 2559 1750 2600 donec
1782 2561 1964 2601 Romam
1985 2560 2127 2603 adeat.

367 2623 553 2664 Guidoni
570 2624 702 2674 priori
722 2624 860 2674 pridie
880 2634 1020 2663 nonas
1040 2623 1226 2663 marcias
1258 2626 1413 2664 octauo
1442 2624 1658 2677 octaginta
1683 2635 1815 2675 supra
1847 2625 2130 2670 millesimum

367 2691 411 2728 et
442 2688 924 2740 quadringentesimum
955 2699 1070 2728 anno
1102 2688 1413 2728 incarnationis
1430 2689 1552 2729 verbi
1584 2689 1721 2729 diuini
1738 2689 1883 2730 tradit.
1918 2690 2130 2731 Dum'hec

366 2757 557 2805 aguntur
576 2752 770 2804 pontifex
789 2753 1009 2792 maximus
1033 2752 1220 2805 (policita
1241 2764 1329 2793 non
1360 2753 1706 2809 rescendenslin
1727 2754 1933 2796 senatorii
1963 2752 2128 2798 ordinis

367 2822 408 2858 et
428 2818 698 2859 cardinalum
726 2829 962 2858 numerum
978 2828 1040 2858 vn
1061 2818 1246 2858 marcias
1281 2819 1428 2858 retulit
1448 2819 1646 2871 insignes
1667 2819 1872 2871 prelatos,
1890 2820 2126 2875 archiepis-

367 2895 523 2934 copum
544 2883 918 2936 Burdegalensem
938 2884 1202 2923 Francorum
1216 2884 1334 2936 regis
1350 2884 1646 2924 consiliarium
1663 2884 1841 2925 natione
1859 2885 2045 2934 Gallum,
2059 2895 2126 2926 ar-

369 2948 690 2999 chiepiscopum
715 2949 1076 2988 Beneuentanum
1107 2949 1384 2988 Genuensem
1414 2948 1630 2989 datarium
1662 2948 1945 3001 gentiliozum
1962 2947 2125 2995 familia

369 3017 526 3062 ortum,
549 3012 895 3054 referendarium
916 3013 1169 3064 episcopum
1197 3013 1459 3053 aleriensem
1479 3013 1631 3053 italum
1656 3013 1965 3066 :presbyteros
1985 3013 2125 3054 cardi-

368 3079 491 3119 nales
509 3082 770 3130 petrumque
796 3079 1060 3118 Dauhusson
1082 3078 1219 3119 Rhodi
1239 3078 1498 3130 magistrum
1521 3078 1862 3119 lemouicensem
1889 3080 1931 3119 S.
1957 3078 2126 3127 adriani

368 3143 646 3184 cardinalem.
666 3144 724 3183 Eo
741 3143 871 3183 etiam
891 3143 986 3194 ipso
1003 3143 1072 3183 die
1087 3143 1331 3183 declaratus
1353 3146 1420 3183 est
1439 3143 1517 3183 sed
1531 3154 1618 3183 non
1630 3143 1876 3194 publicatus
1892 3143 2124 3184 cardinalis

370 3208 579 3249 diaconus
614 3211 746 3249 natus
783 3208 1010 3248 Laurencii
1036 3208 1210 3248 Medicis
1237 3208 1472 3248 Florentini
1502 3207 1680 3257 familia,
1717 3208 1797 3248 hac
1817 3207 1995 3259 quidem
2025 3206 2124 3259 lege

368 3277 490 3323 pacta
523 3277 699 3324 propter
734 3276 910 3325 etatem,
944 3284 1047 3313 nam
1088 3276 1294 3324 quartum
1328 3273 1542 3313 decimum
1579 3273 1740 3325 agebat
1776 3283 1942 3312 annum
1975 3272 2126 3324 galero

367 3338 552 3387 puniceo
575 3341 616 3378 et
633 3338 881 3378 cardinaliis
915 3338 1150 3389 insignitiis
1174 3338 1358 3378 trienino
1385 3348 1473 3377 non
1502 3340 1712 3387 uteretur,
1733 3340 1992 3388 vacaretque
2010 3336 2126 3377 edis-

370 3402 518 3442 cendis
539 3403 815 3443 cherimoniis
835 3406 878 3443 et
898 3403 1058 3443 diuinis
1079 3402 1246 3452 officiis,
1264 3403 1424 3443 exactis
1437 3402 1597 3454 quibus
1613 3403 1754 3444 tribus
1769 3403 1894 3443 annis
1914 3401 2128 3443 Florentia
