2262 3958
369 311 437 347 284
976 305 1208 342 JOHANle
1241 304 1534 352 eunomium,
1869 307 2022 348 [sanvier
2042 308 2133 350 1488]

370 412 428 459 de
452 411 631 474 Populo
659 410 706 456 in
733 423 824 471 quo
851 407 1125 471 precedenti
1156 411 1298 455 nocte
1326 398 1673 471 pernoctasset,
1707 409 1884 458 visitari
1912 414 1959 458 et
1986 409 2133 458 colle-

368 493 553 558 gialiter
573 493 631 541 ad
652 492 881 556 palatium
903 490 1221 555 apostolicum
1251 489 1501 550 associar13
1529 490 1606 539 alii
1631 492 1823 555 quidam
1845 492 2128 553 cardinales,

368 577 507 625 amici
539 575 607 623 sui
637 575 870 638 speciales
904 579 949 623 et
977 573 1311 637 compatriote,
1347 573 1490 621 etiam
1519 573 1567 620 in
1594 573 1669 621 die
1698 575 1926 623 adventus
1967 575 2038 622 sui
2075 575 2135 623 ad

369 659 549 707 dictum
571 658 832 707 claustrum
866 658 954 705 sibi
993 674 1079 722 per
1114 673 1262 706 unum
1289 660 1369 704 aut
1390 660 1458 703 tot
1492 661 1607 719 quot
1644 656 1711 705 eis
1746 657 1959 720 placeret
1987 657 2136 706 millia

367 757 596 806 passuum
636 744 770 788 extra
802 741 979 788 Urbem
1017 738 1333 804 personaliter
1367 739 1526 787 venire
1567 739 1754 787 obviam
1789 744 1868 787 aut
1907 739 2134 788 familiam

368 840 502 873 suam
541 823 729 872 mittere
752 827 798 871 et
819 823 990 872 deinde
1012 823 1185 887 ipsum,
1212 826 1264 870 ut
1295 822 1551 886 prefertur,
1581 822 1630 869 in
1654 838 1801 887 ‚mane
1822 822 1883 870 ad
1907 822 2135 886 palatium

368 908 605 956 associare
627 907 804 955 debere
821 910 867 954 et
886 922 1046 970 posse,
1070 906 1366 954 asserebant.
1391 906 1613 954 Decrevit
1637 909 1750 953 tunc
1779 907 1863 953 SS.
1887 907 1943 952 D.
1969 907 2024 954 N.
2048 919 2136 969 pro

369 992 506 1040 nobis
528 991 717 1039 mittere
740 994 803 1050 et,
831 990 960 1053 quod
985 990 1115 1038 circa
1134 990 1462 1054 receptionem
1489 1005 1720 1037 novorum
1749 988 2062 1036 cardinalium
2087 988 2136 1035 in

367 1075 499 1123 libris
531 1075 706 1123 nostris
745 1074 1019 1132 haberetur,
1056 1073 1170 1136 quid
1201 1073 1435 1121 hactenus
1475 1072 1777 1120 observatum
1815 1074 1903 1131 est,
1931 1086 1959 1118 a
1997 1069 2136 1118 nobis

368 1158 653 1221 intelligere.

435 1240 520 1287 Die
539 1239 684 1302 igitur
702 1253 840 1285 xxl111
858 1237 1063 1301 januarii
1086 1254 1247 1286 coram
1265 1238 1523 1286 Sanctitate
1551 1253 1635 1285 sua
1655 1236 1807 1285 Vocati
1830 1240 1879 1285 et'
1891 1237 2132 1286 constituti

368 1326 423 1370 R.
448 1322 497 1369 in
519 1321 705 1370 Christo
718 1324 770 1369 P.
796 1323 855 1369 D.
872 1320 1167 1385 Augustinus
1187 1321 1439 1384 episcopus
1461 1320 1704 1368 Pientinus
1724 1320 1967 1384 prefectus
1988 1319 2133 1368 officii

367 1405 750 1454 ceremoniarum
780 1409 828 1453 et
848 1419 956 1468 ego,
982 1404 1232 1452 retulimus
1261 1403 1507 1451 Sanctitati
1531 1419 1614 1451 sue
1635 1418 1728 1466 que
1750 1403 1999 1451 observata
2023 1407 2134 1451 sunt

367 1489 624 1552 antiquitus
653 1492 705 1536 et
730 1503 822 1551 que
844 1504 871 1535 a
898 1491 1114 1551 tempore
1138 1486 1289 1535 felicis
1312 1486 1654 1535 recordationis
1674 1485 1790 1534 Sixti
1809 1503 1930 1551 pape
1952 1487 2000 1534 in
2021 1484 2134 1535 abu-

367 1572 551 1620 sionem
573 1571 795 1619 deducta.
810 1570 1078 1634 Antiquitus
1100 1570 1245 1630 enim,
1265 1574 1404 1634 prout
1421 1569 1527 1617 libri
1548 1569 1717 1630 nostri,
1743 1570 1818 1633 qui
1836 1570 1942 1618 'fere
1965 1585 2134 1619 omnes

367 1655 414 1702 in
446 1654 642 1703 Francie
679 1654 893 1718 partibus
924 1670 1007 1702 seu
1034 1654 1282 1702 Avenione
1309 1653 1525 1701 fabricati
1553 1656 1679 1712 sunt,
1704 1653 1917 1701 referunt
1942 1672 1950 1701 :
1977 1652 2133 1702 cardi-

367 1739 488 1786 nalis
509 1734 659 1786 novus
681 1753 765 1785 seu
787 1738 845 1785 de
874 1738 1023 1785 latere
1056 1738 1243 1801 legatus
1272 1737 1331 1785 ad
1362 1737 1539 1785 Urbem
1568 1736 1762 1784 veniens
1791 1736 1887 1785 sive
1922 1736 2128 1797 rediens,

369 1838 456 1885 per
477 1821 656 1883 aliquot
676 1836 845 1883 pauca,
869 1820 1089 1868 videlicet
1109 1825 1312 1883 quatuor
1331 1823 1412 1867 aut
1433 1819 1642 1882 quinque
1673 1818 1910 1878 milliaria,
1933 1834 2134 1882 progre-

368 1903 527 1951 diebat
545 1907 679 1951 extra
706 1903 884 1952 Urbem
909 1906 955 1950 et
975 1903 1022 1949 in
1044 1918 1185 1950 mane
1207 1902 1297 1950 iter
1318 1901 1537 1965 capiebat
1556 1897 1721 1950 versus
1747 1901 1924 1949 Urbem
1946 1919 1955 1948 :
1982 1901 2134 1949 cardi-

366 1986 498 2033 nales
519 2001 631 2034 vero
654 2001 822 2033 omnes
850 1986 896 2033 in
930 1986 1090 2048 aliqua
1114 1985 1272 2049 platea
1300 1989 1435 2048 porte
1467 2000 1560 2047 qua
1586 2000 1733 2032 novus
1764 1983 2018 2032 cardinalis
2046 1999 2131 2031 seu

365 2068 550 2131 legatus
590 2067 911 2131 ingressurus,
952 2069 1124 2127 vicina,
1168 2067 1531 2127 conveniebant,
1565 2068 1644 2114 ubi
1684 2066 1867 2130 equites
1903 2066 2134 2114 ⁴eumdem

368 2151 705 2215 expectabant3
731 2167 825 2215 quo
851 2151 1278 2215 appropinquante,
1310 2150 1502 2198 exibant
1532 2150 1598 2197 illi
1630 2153 1677 2198 et
1709 2152 1956 2218 equestres
1977 2149 2133 2213 ipsum

367 2234 677 2297 collegialiter
704 2234 1000 2298 recipiebant
1022 2239 1067 2283 et
1083 2234 1222 2282 simul
1243 2235 1302 2281 ad
1321 2234 1549 2298 palatium
1579 2233 1926 2281 conducebant.
1951 2232 2023 2280 Ab
2047 2232 2134 2280 ali-

367 2321 481 2380 quot
502 2317 637 2364 annis
659 2333 769 2365 vero
795 2317 931 2377 citra,
963 2317 1227 2365 cardinales
1246 2316 1294 2364 in
1314 2316 1590 2380 hujusmodi
1606 2316 1819 2364 habenas
1841 2316 2129 2376 relaxarunt,

368 2404 416 2447 et
435 2398 568 2446 novis
587 2398 904 2447 cardinalibus
932 2415 1016 2446 seu
1036 2399 1204 2462 legatis
1231 2400 1528 2447 venientibus
1553 2401 1612 2447 ad
1639 2399 1834 2457 Urbem,
1859 2398 2004 2446 etiam
2025 2401 2132 2445 ante

367 2482 494 2532 diem
515 2482 759 2544 ingressus
776 2496 943 2530 eorum
962 2482 1021 2529 ad
1039 2482 1393 2540 consistorium,
1414 2484 1601 2531 obviam
1614 2485 1845 2530 venerunt
1859 2480 2132 2545 singillatim

369 2564 562 2628 quidam
583 2580 669 2628 per
690 2580 789 2623 sex,
812 2564 1021 2627 quinque
1045 2565 1119 2612 vel
1148 2565 1301 2628 plura,
1329 2565 1472 2628 aliqui
1505 2566 1597 2613 duo
1619 2566 1691 2614 vel
1713 2580 1862 2612 unum
1882 2563 2128 2612 milliaria:

369 2648 446 2696 alii
469 2663 605 2695 suam
625 2647 853 2695 familiam
874 2647 1123 2708 miserunt,
1164 2648 1292 2710 quod
1324 2663 1420 2696 non
1449 2648 1550 2696 sine
1571 2652 1684 2696 nota
1710 2647 1966 2711 gravitatis.
1997 2648 2134 2694 Tem-

370 2746 487 2795 pore
534 2734 697 2778 sancte
741 2730 1086 2778 recordationis
1138 2730 1206 2778 Pii
1248 2731 1463 2791 secundi,
1507 2746 1615 2778 cum
1660 2734 1825 2778 Rmus.
1874 2732 1931 2778 D.
1985 2729 2135 2776 cardi-

371 2813 491 2862 nalis
525 2812 752 2861 Senensis
790 2818 836 2860 et
861 2813 986 2861 bone
1020 2814 1251 2862 memorie
1273 2813 1527 2862 cardinalis
1549 2813 1797 2862 Rainutius
1818 2816 1931 2861 tunc
1952 2811 2137 2860 noviter

370 2897 516 2945 creati
537 2897 713 2945 Urbem
735 2901 896 2946 essent
917 2897 1154 2956 intraturi,
1178 2913 1322 2945 nemo
1349 2897 1660 2945 cardinalium
1689 2900 1769 2965 aut
1802 2911 1966 2944 eorum
1994 2894 2134 2942 fami-

369 2982 542 3030 liarum
575 2981 690 3045 ipsis
720 2982 907 3030 obviam
945 2997 1094 3044 usque
1129 2980 1189 3028 ad
1215 2995 1357 3028 mane
1391 2979 1518 3027 venit
1543 2998 1552 3026 ε
1579 2980 1662 3027 sed
1692 2979 1741 3026 in
1770 2994 1910 3026 mane
1938 2993 2048 3026 cum
2085 2977 2134 3024 in

372 3067 657 3115 consistorio
697 3066 888 3130 publico
928 3064 1077 3128 recipi
1106 3064 1355 3122 deberent,
1392 3063 1655 3111 cardinales
1697 3077 1864 3110 omnes
1900 3076 1982 3110 eos
2019 3075 2135 3108 con—-

373 3151 628 3199 duxerunt.
654 3146 785 3197 Idem
809 3149 897 3196 fuit
924 3151 1161 3196 servatum
1190 3161 1277 3210 pro
1311 3149 1447 3193 Rmo.
1483 3148 1540 3192 D.
1572 3145 1773 3193 Oliverio
1805 3144 2132 3208 Neapolitano,

373 3238 590 3296 tempore
636 3231 766 3280 Pauli
803 3230 1015 3290 secundi,
1066 3234 1113 3277 et
1151 3229 1369 3277 Johanne
1413 3227 1759 3276 Mediolanensi
1798 3225 2132 3283 cardinalibus,

373 3322 590 3379 tempore
614 3316 729 3364 Sixti
766 3315 966 3378 predicti
1000 3314 1059 3361 ad
1080 3313 1256 3362 Urbem
1276 3311 1601 3369 venientibus3
1644 3311 1729 3358 sed
1762 3326 1870 3358 cum
1890 3310 1949 3358 de
1969 3324 2134 3357 mense

372 3398 596 3446 februarii
614 3399 1048 3447 MCCCCLXXXVI
1066 3400 1227 3444 Rmus.
1240 3397 1295 3443 D.
1310 3394 1561 3444 cardinalis
1573 3391 1926 3456 Andegavensis
1940 3407 1996 3439 ex
2010 3391 2137 3454 lega-
