2262 3958
359 297 428 333 384
960 297 1192 334 JOHANNIS
1226 297 1519 346 BURCHARDI,
1866 301 2016 341 [Jauvier
2039 302 2131 343 149⁰]

357 398 569 447 medium
587 400 747 447 altaris
770 403 816 447 et
836 399 1116 463 pontificem
1136 415 1289 448 verso.
1316 400 1470 448 Finito
1492 401 1555 448 Te
1574 401 1748 463 Deum,
1765 402 1986 451 Pontifex
2005 402 2123 451 dixi-t

354 482 586 530 mediocri
606 498 722 531 voce
743 483 891 530 Pater
916 492 1086 543 noster,
1123 482 1252 546 quod
1284 488 1470 531 secreto
1503 483 1774 547 complevit,
1799 489 1901 533 tum
1922 484 2016 532 alta
2043 500 2127 539 seu

352 563 635 628 intelligibili
649 581 764 614 voce
787 566 903 614 dixit
925 585 934 616 :
959 568 1031 616 Et
1048 584 1106 615 ne
1136 583 1219 614 nos
1247 574 1355 626 ete„
1380 570 1602 615 cantores
1624 567 1978 631 responderunt
1999 583 2009 615 ε
2030 567 2131 615 Sed
2184 580 2192 587 ·

355 648 498 695 libera
524 665 624 709 nos,
650 658 735 698 ete.

421 733 469 791 ἲν.
493 732 550 779 M
554 749 679 796 aqna
694 741 741 781 et
755 735 987 783 mirabilia
1000 742 1114 782 sunt
1130 750 1267 798 opera
1283 742 1379 794 tua,
1398 733 1617 782 Domine.

419 815 470 874 lis.
493 815 624 864 Juste
651 825 698 864 et
715 833 817 865 vere
833 818 901 865 vie
927 826 1018 880 tue,
1037 819 1240 866 Domine
1262 818 1405 866 Deus.

420 900 470 958 71¹.
490 898 617 947 Date
639 902 1043 964 maqnifieentiam
1075 903 1169 951 Deo
1189 910 1364 950 nostro.

418 984 468 1043 ἢ.
490 983 582 1031 Dei
609 985 733 1032 enim
746 987 911 1050 perfec
923 994 967 1033 ta
993 995 1108 1034 sunt
1131 1003 1268 1050 opera
1293 994 1339 1034 et
1355 1002 1513 1034 omnes
1534 986 1603 1033 vie
1620 985 1726 1048 ejus
1749 984 1956 1048 judicia.

428 1067 479 1126 51.
499 1066 586 1114 Ad
602 1068 804 1115 nihilum
821 1069 981 1132 recliqe
1002 1070 1211 1118 inimicos
1233 1077 1411 1118 nostros
1422 1087 1443 1128 ,·

426 1150 477 1209 ιῆ.
502 1149 572 1196 Et
585 1158 747 1214 qerites
766 1167 856 1214 que
870 1167 964 1198 non
985 1160 1217 1200 noverunt
1232 1169 1400 1200 nomen
1416 1159 1548 1200 tuum
1562 1160 1792 1200 sanetum.

426 1235 475 1291 is.
499 1233 773 1283 Convertere
788 1236 1009 1299 petimus„
1042 1236 1254 1294 Domine,
1281 1242 1441 1298 {sentes
1463 1251 1552 1298 que
1576 1235 1847 1299 opprimunt
1866 1249 1968 1294 nos,

423 1319 474 1379 ἡ.
503 1318 606 1375 Que
618 1318 886 1382 yloriantur
903 1318 952 1365 in
968 1319 1183 1382 superbia
1204 1335 1306 1366 sua.

430 1405 478 1463 50‘.
503 1401 616 1449 Non
643 1402 793 1460 nobis,
814 1401 1028 1461 Domine,
1054 1418 1149 1449 non
1169 1402 1316 1460 nobis,

427 1489 477 1548 iz).
503 1486 603 1534 Sed
619 1486 800 1532 nomini
820 1493 896 1532 tuo
915 1485 974 1532 da
994 1485 1212 1548 yloriam.
2053 1539 2058 1542 ,

421 1572 469 1630 57.
491 1569 687 1617 Domine
716 1568 905 1626 eruzcdi,
944 1576 1050 1629 ete„
1076 1577 1122 1616 et
1147 1564 1338 1629 elamor,
1360 1577 1446 1618 ete.
1481 1568 1710 1617 Dominus
1745 1569 1994 1629 vobiscum,
2018 1575 2123 1628 eta,

358 1662 546 1712 etcum,
571 1660 654 1700 ete.

422 1740 642 1785 Oremus.
684 1736 985 1799 Omnipotens
1011 1738 1287 1800 sempiterne
1311 1737 1435 1786 Deus
1472 1737 1521 1784 in
1551 1737 1692 1800 eujus
1721 1751 1868 1784 manu
1898 1743 2014 1784 sunt
2033 1750 2128 1783 om-

353 1822 487 1869 nium
514 1827 766 1883 potestates
804 1827 850 1866 et
878 1820 1086 1867 omnium
1117 1820 1238 1882 jura
1274 1836 1555 1884 reynerum,
1601 1820 1774 1882 respice
1806 1819 1855 1866 in
1893 1818 2128 1875 auoeilium

352 1903 712 1952 christianorum
733 1909 787 1948 ut
810 1909 971 1965 yentes
998 1918 1304 1966 payanorum
1335 1918 1424 1966 que
1456 1903 1505 1949 in
1530 1918 1617 1949 sua
1641 1901 1833 1966 feritate
1859 1899 2119 1964 confidunt,

352 1988 537 2036 deoetere
562 1994 637 2033 tue
657 1986 869 2050 potentia
891 1993 1208 2046 conterantur,
1231 2002 1319 2048 per
1344 1985 1587 2033 Christum
1609 1984 1861 2033 Dominum
1887 1989 2117 2030 nostrum.

414 2069 465 2129 ἢ.
497 2070 672 2117 Amen.

409 2156 528 2202 Tum
548 2153 662 2201 dixit
678 2153 892 2217 pontifex
911 2169 921 2200 :
942 2152 1021 2200 Sit
1038 2144 1207 2200 nomen
1228 2153 1427 2201 Domini
1451 2154 1760 2214 benedictum,
1785 2161 1887 2212 etc„
1911 2156 1960 2202 et
1979 2151 2128 2201 bene-

350 2237 467 2285 dixit
486 2236 661 2301 populo
683 2251 819 2284 more
848 2236 1009 2285 solite.
1046 2238 1149 2292 Qua
1178 2237 1289 2285 data
1309 2237 1559 2286 celebrans
1592 2236 1849 2301 publicavit
1874 2234 2127 2299 indulgen—-

351 2321 438 2369 tias
465 2320 676 2383 quinque
711 2335 948 2367 annorum
972 2324 1020 2367 et
1042 2319 1241 2368 totidem
1274 2320 1693 2383 quadragenarum
1722 2318 1901 2383 populo
1926 2333 2014 2382 per
2036 2318 2122 2366 SS.

352 2407 408 2452 D.
433 2407 653 2451 nostrum
684 2416 956 2450 concessas,
983 2402 1167 2450 Deinde
1203 2402 1416 2466 pontifex
1446 2403 1586 2450 rediit
1619 2402 1679 2450 ad
1701 2400 2016 2449 faldistorium
2047 2397 2126 2446 uhi

352 2485 548 2534 dimisso
587 2484 796 2548 pluviali,
839 2485 1157 2547 reassumpsit
1187 2484 1476 2548 capucinum
1515 2485 1677 2532 album
1708 2489 1755 2532 et
1789 2499 1847 2532 eo
1875 2481 2043 2530 ordine
2078 2484 2126 2529 et

351 2568 426 2616 via
440 2567 612 2630 quibus
636 2571 847 2626 venerat,
870 2567 1009 2615 rediit
1030 2567 1090 2614 ad
1107 2567 1355 2630 palatium.
1381 2567 1654 2616 Cardinales
1676 2565 1854 2615 dimisit
1869 2568 2124 2628 postquam

354 2650 657 2715 pertransivit
682 2654 878 2713 pontem
895 2666 934 2697 s.
958 2649 1144 2712 Angeli.
1170 2650 1365 2699 Missam
1381 2650 1637 2699 celebravit
1655 2653 1710 2697 R.
1734 2652 1786 2698 P.
1804 2644 2124 2696 Bernardinus

357 2733 569 2796 Carvajal
599 2733 852 2796 episcopus
876 2732 1123 2792 Pacensis,
1159 2738 1320 2782 orator
1346 2733 1473 2798 regis
1497 2737 1543 2782 et
1566 2733 1731 2796 regine
1765 2728 2120 2795 Hispaniarum,

356 2833 449 2880 que
472 2815 531 2864 de
556 2815 734 2878 Spiritu
754 2822 921 2864 sancto
944 2816 1069 2864 dlota
1089 2821 1159 2864 est
1178 2833 1288 2864 cum
1315 2817 1456 2865 unica
1475 2802 1662 2865 tanturn
1687 2815 1920 2864 oratione.
1943 2812 2125 2861 Chorus

357 2905 518 2948 autem
554 2898 795 2963 pontificis
827 2898 921 2946 hoc
954 2898 1098 2945 modo
1128 2898 1375 2947 ordinatus
1409 2903 1539 2959 erat;
1570 2887 1679 2947 ante
1707 2897 1856 2946 altare
1884 2893 2124 2957 sepulture

359 2983 473 3030 olim
495 2981 847 3046 archiepiscopi
868 2980 1153 3029 Salernitani
1176 2987 1277 3030 erat
1301 2982 1472 3030 solium
1491 2985 1636 3044 Pape,
1665 2985 1822 3028 tamen
1845 2976 1947 3025 sine
1968 2974 2127 3038 gradi-

359 3066 447 3114 bus
469 3070 630 3130 preter
651 3058 851 3128 gradu'm
876 3063 1036 3112 altaris
1059 3065 1275 3128 predicti.
1299 3066 1340 3111 A
1360 3065 1538 3113 dextris
1568 3068 1695 3129 Pape
1722 3068 1857 3113 erant
1878 3065 2016 3114 sedes
2037 3077 2123 3128 pro

361 3148 598 3212 episcopis
618 3153 663 3197 et
677 3148 967 3213 presbyteris
990 3148 1326 3206 cardinalibus,
1345 3163 1374 3195 a
1394 3147 1595 3195 sinistris
1617 3163 1725 3197 vero
1743 3165 1829 3212 pro
1844 3147 2056 3197 diaconis
2077 3149 2126 3195 et

362 3232 552 3297 residuo
600 3232 1010 3296 presbyterorum,
1050 3247 1255 3294 quorum
1290 3230 1469 3279 ibidem
1517 3237 1721 3294 quatuor
1769 3232 1973 3292 stabant,
2011 3244 2123 3278 nam

360 3313 523 3375 viginti
550 3329 671 3362 unus
698 3315 962 3364 cardinales
991 3314 1328 3373 interfuerunt,
1369 3313 1582 3377 episcopi
1619 3314 1829 3378 quinque
1866 3313 2084 3380 videlicet
2108 3327 2119 3358 ε

359 3394 798 3457 vicecancellarius,
841 3397 1199 3460 Neapolitanus,
1236 3414 1274 3445 s.
1308 3396 1471 3456 Marci,
1503 3412 1541 3444 s.
1577 3397 1703 3445 Petri
1735 3397 1795 3446 ad
1830 3396 2048 3454 Vincula,
2078 3411 2117 3442 s.
