2262 3958
162 247 380 291 [Anatilii-14]
605 246 776 284 RERUM
809 244 1117 284 URBANARUM
1151 244 1503 282 COMMENTARII.
1908 246 1953 281 15

227 350 368 399 Feria
394 349 554 408 tertia,
590 352 645 397 17
675 331 856 398 mensis
885 348 1093 412 augusti,
1122 351 1286 396 Rmus.
1318 351 1377 397 D.
1399 346 1664 395 Rodericus
1693 347 1949 411 episcopus

163 431 463 492 PortuensiS,
486 448 525 480 s,
548 448 587 480 r.
607 434 660 480 E.
681 430 1122 491 vicecancellariuS,
1144 431 1279 495 prior
1295 431 1639 496 episcoporum
1658 445 1713 478 ac
1733 430 1948 478 omnium

161 515 495 575 cardinalium,
525 515 575 563 in
607 516 807 564 basilica
833 515 987 563 sancti
1016 515 1163 574 Petri,
1191 515 1241 562 in
1266 515 1402 563 altari
1427 515 1568 563 beate
1599 513 1748 562 Marie
1776 530 1947 577 supra-

162 601 292 650 dicto
312 599 573 650 celebravit
593 600 801 665 primam
822 598 1020 646 missam
1041 598 1284 661 publicam
1310 598 1652 646 defunctorum
1679 613 1766 660 pro
1788 599 1951 647 anima

161 685 288 734 bone
332 684 571 734 memorie
624 684 740 733 Sixti
793 698 917 748 pape
966 682 1142 745 quarti,
1190 682 1480 730 ceremoniis
1529 681 1788 729 consuetis.
1835 685 1950 730 Post

101 787 103 789 ·
161 769 380 830 missam,
399 768 640 834 generalis
660 767 845 816 ordinis
863 766 1015 815 sancti
1034 764 1291 829 Augustini
1313 765 1426 814 fecit
1445 781 1722 814 sermonem
1743 782 1753 813 :
1777 767 1945 815 RRmi.

161 856 262 902 DD.
307 853 652 917 Neapolitanus
699 856 747 900 et
797 850 951 899 sancti
995 849 1142 897 Marci
1190 848 1424 912 episcopi,
1476 849 1852 897 Mediolanensis
1901 853 1949 898 et

159 936 530 986 Matisconensis
550 934 819 1001 presbyteri
847 933 1136 992 cardinales,
1158 948 1255 980 una
1275 948 1386 980 cum
1414 932 1692 981 celebrante
1723 933 1949 983 absolve—

159 1025 271 1070 runt
293 1035 429 1069 more
452 1024 704 1069 consueto.
725 1018 1052 1068 Interfuerunt
1070 1016 1236 1064 RRmi.
1262 1018 1363 1064 DD.
1385 1016 1742 1077 Ulixbonensis,
1766 1017 1950 1066 Recha-

157 1103 391 1165 naten‘siS,
422 1105 689 1169 Agriensis,
731 1103 886 1152 sancti
914 1100 1194 1162 ClementiS,
1229 1100 1492 1164 Aragonia,
1530 1101 1589 1150 de
1623 1103 1851 1162 FoscarO,
1889 1103 1948 1151 de

157 1188 442 1249 ComitibuS,
483 1188 830 1248 GerundensiS,
875 1186 1175 1245 ParmensiS,
1214 1185 1517 1250 presbyteri3
1564 1187 1718 1235 sancti
1756 1188 1948 1252 Georgii
1988 1174 1995 1180 ⁶

157 1277 207 1323 et
232 1273 293 1323 de
323 1273 528 1334 Ursinis,
559 1273 751 1322 diaconi
777 1270 1064 1327 cardinales,
1092 1270 1218 1318 ultra
1245 1269 1364 1317 alios
1396 1269 1609 1333 quinque
1643 1271 1946 1335 supradictos

157 1357 239 1421 qui
265 1357 316 1406 in
341 1357 550 1406 ecclesia
573 1357 672 1405 suis
698 1356 818 1405 locis
842 1354 1094 1403 sedebant.
1126 1352 1360 1401 Homines
1387 1353 1594 1417 lugubre
1623 1355 1780 1404 vestiti
1810 1356 1946 1404 fuere

157 1457 362 1492 numero
385 1445 479 1492 300
499 1442 573 1492 vel
592 1442 738 1491 circa.
1068 1430 1071 1433 Α

156 1562 159 1564 —
225 1525 365 1576 Feria
385 1530 573 1591 quarta,
603 1530 660 1575 18
691 1526 901 1590 augusti,
930 1529 1099 1574 Rmus.
1125 1527 1181 1573 D.
1205 1523 1463 1573 cardinalis
1490 1523 1739 1588 Agriensis
1760 1523 1809 1572 in
1835 1525 1944 1575 loco

158 1610 437 1676 supradicto
466 1609 726 1659 celebravit
752 1610 952 1658 missam
976 1608 1219 1673 publicam
1244 1623 1332 1672 pro
1357 1607 1520 1656 anima
1543 1607 1697 1657 felicis
1719 1609 1946 1658 recorda-

161 1693 303 1744 tionis
333 1693 454 1742 Sixti
481 1693 686 1757 predicti
715 1712 725 1741 ε
760 1698 870 1757 post
896 1694 1114 1752 missam,
1142 1691 1346 1741 absolvit
1373 1692 1476 1756 ipse
1505 1708 1617 1740 cum
1652 1697 1860 1757 quatuor
1887 1710 1946 1743 ex

159 1774 578 1825 reverendissimis
599 1774 808 1823 dominis
829 1775 1128 1840 presbyteris
1149 1776 1495 1825 cardinalibus·

217 1858 359 1909 Feria
390 1859 575 1923 quinta,
605 1862 661 1909 19
693 1860 875 1908 mensis
900 1861 1110 1924 augusti,
1132 1860 1182 1908 in
1209 1860 1348 1910 altari
1377 1861 1654 1926 supradicto
1684 1865 1851 1910 Rmus.
1885 1865 1941 1911 D.

154 1943 415 1994 cardinalis
447 1945 819 1994 Matisconensis
854 1945 1116 1994 celebravit
1145 1945 1346 1993 missam
1382 1946 1629 2010 publicam
1664 1961 1752 2010 pro
1786 1946 1948 1995 anima

153 2027 396 2092 ejusdem,
430 2032 480 2078 et
510 2033 622 2093 post
648 2028 848 2077 missam
876 2029 1080 2078 absolvit
1100 2029 1204 2094 ipse
1229 2045 1340 2077 cum
1362 2033 1569 2093 quatuor
1592 2030 1698 2078 aliis
1726 2046 1786 2078 ex
1812 2046 1947 2079 reve-

151 2111 457 2161 rendissimis
475 2112 687 2162 dominis
708 2113 1007 2178 presbyteris
1030 2113 1376 2162 cardinalibus.

218 2194 359 2244 Faria
384 2198 537 2253 sexta,
566 2198 628 2242 20
661 2196 872 2259 augusti,
904 2196 954 2243 in
990 2196 1164 2244 eodem
1198 2197 1355 2256 altari,
1388 2200 1555 2244 Rmus.
1587 2200 1645 2245 D.
1681 2198 1940 2246 cardinalis

91 2275 98 2278 ”
153 2276 496 2345 Ulixbonensis
534 2278 795 2327 celebravit
823 2279 1025 2327 missam
1058 2279 1303 2344 publicam
1337 2296 1425 2345 pro
1448 2280 1610 2329 anima
1647 2281 1870 2345 ejusdem
1898 2287 1946 2331 et

150 2365 264 2427 post
293 2362 513 2422 missam,
547 2363 751 2412 absolvit
793 2364 895 2428 ipse
930 2379 1042 2412 cum
1064 2369 1274 2428 quatuor
1303 2364 1408 2412 aliis
1443 2380 1502 2412 ex
1524 2366 1946 2415 reverendissimis

155 2445 365 2495 dominis
387 2447 682 2513 presbyteris
705 2447 1048 2497 cardinalibus

219 2529 450 2591 Sabbato,
489 2535 544 2580 21
582 2532 793 2596 augusti,
825 2533 875 2581 in
911 2533 1049 2582 altari
1085 2533 1359 2598 supradicto
1395 2537 1560 2582 Rmus,
1598 2536 1654 2582 D.
1690 2534 1947 2583 cardinalis

156 2615 433 2665 Parmensis
473 2616 736 2665 celebravit
777 2617 977 2665 missam
1015 2618 1259 2682 publicam
1295 2634 1383 2681 pro
1425 2620 1587 2668 anima
1622 2620 1862 2684 ejusdem,
1899 2625 1947 2670 et

150 2702 262 2763 post
293 2699 495 2748 missam
529 2700 737 2748 absolvit
770 2701 873 2766 ipse
910 2717 1022 2758 cum
1061 2706 1266 2765 quatuor
1299 2702 1496 2752 aliisex
1530 2705 1946 2754 reverendissimis

155 2782 498 2832 cardinalibus.

221 2867 495 2925 Dominica,
521 2871 580 2916 22
605 2870 814 2933 augusti,
836 2870 884 2918 in
905 2871 1077 2919 eodem
1094 2872 1232 2921 altari
1255 2876 1418 2922 Rmus.
1445 2874 1668 2922 dominus
1690 2873 1944 2923 cardinalis

152 2950 404 3016 Agriensis
426 2951 688 3002 celebravit
706 2954 906 3002 missam
933 2955 1177 3018 publicam
1198 2973 1285 3021 pro
1315 2958 1478 3006 anima
1499 2959 1736 3023 ejusdem,
1762 2963 1809 3006 et
1835 2961 1944 3020 post

152 3146 252 3183 niere
272 3146 434 3195 depeche
453 3148 502 3184 du
526 3148 570 3184 18
586 3151 685 3194 aosst,
708 3149 889 3198 Vespucci
921 3151 1054 3188 mande
1079 3153 1101 3188 a
1121 3163 1186 3189 son
1213 3157 1500 3201 gouvernemcnt
1520 3153 1572 3189 les
1591 3152 1781 3189 tentatives
1805 3152 1850 3189 de
1869 3164 1946 3190 001·-

154 3206 298 3255 ruption
318 3206 422 3244 faites
444 3219 507 3244 sur
526 3220 586 3246 ses
615 3208 800 3258 collegues
820 3221 887 3259 par
914 3210 1072 3248 Roderic
1097 3211 1245 3261 Borgia,
1279 3213 1341 3261 qui
1372 3213 1521 3260 aspirait
1548 3215 1570 3248 a
1602 3212 1636 3248 la
1656 3211 1866 3249 succession
1899 3213 1943 3250 (le

153 3266 258 3304 Sixte
279 3266 364 3311 IV.)

200 3327 294 3375 Voy.
318 3327 418 3364 aussi
437 3327 624 3366 Infessura
645 3330 813 3378 (Eccard,
834 3335 859 3367 t.
877 3331 923 3376 ΙΙ,
940 3331 1007 3368 col.
1027 3333 1120 3368 1942
1139 3335 1174 3369 et
1194 3332 1303 3379 suiv.)
1319 3336 1354 3368 et
1368 3331 1400 3367 lc
1417 3333 1556 3367 Dim-io
1577 3333 1620 3367 di
1634 3332 1755 3368 Roma
1769 3334 1832 3369 del
1846 3333 1938 3368 Noe.

154 3387 218 3423 del
236 3388 492 3434 Nantiporto,
514 3390 607 3427 dans
628 3391 777 3436 Murat.,
801 3391 870 3428 col.
893 3392 986 3428 1089
1005 3395 1041 3429 et
1055 3391 1148 3428 suiv.
