2262 3958
330 317 378 352 72
939 309 1170 348 JoHANNJS
1204 306 1496 355 BURCHARDI,
1878 311 1985 354 [Aout
2005 312 2099 354 1484]

330 449 392 456 --
425 419 649 468 Croculas
679 417 844 466 habuit
877 419 1042 464 Rmus.
1083 417 1139 463 D.
1177 414 1438 463 Cardinalis
1469 415 1849 474 MatisconensiS.
1876 442 1940 450 -
1963 415 2097 462 Anu-

329 504 428 552 lum
451 519 650 552 aureum
669 501 729 549 ad
750 499 1051 563 sigillandum
1072 497 1239 547 habuit
1260 501 1315 548 D.
1338 498 1611 548 Balthassar
1631 499 1690 548 de
1714 498 1983 547 Blandrate.
2036 521 2039 523 ·

395 586 706 636 Vendidimus
731 588 892 633 autem
915 588 1068 633 totum
1087 586 1330 645 conclave,
1353 585 1446 632 hoc
1474 582 1782 642 est'lecticaS‚
1806 582 2019 631 banchas
2041 587 2090 631 et

329 671 460 734 ligna
481 670 651 733 quibus
674 684 864 718 camere
887 669 1031 718 divise
1051 674 1203 729 erant,
1226 669 1415 718 cuidam
1447 667 1673 730 magistro
1695 666 1752 714 de
1780 668 2092 715 Petrasancta

331 753 629 816 carpentario
659 768 745 816 pro
785 752 892 801 duc.
918 768 1042 812 xnu,
1078 743 1163 800 sed
1190 752 1325 801 solvit
1357 757 1544 800 tantum
1570 766 1652 799 ΧΠ.
1688 752 1899 798 Fuerunt
1928 754 2092 799 autem

331 836 613 900 consignata
632 851 745 885 vasa
772 840 1000 902 argentea
1019 835 1321 899 infrascripta
1346 854 1354 883 :
1384 835 1559 892 Quadri
1579 851 1642 883 VI.
1666 863 1729 870 -—-
1745 833 1953 883 Scutelle
1976 849 2008 882 1.
2034 862 2097 869 --

332 921 477 967 Tasse
513 934 563 966 111
603 919 829 982 ponderis
864 919 946 967 lib.
986 936 1050 968 xv
1082 935 1192 968 cum
1232 919 1449 978 dimidio,
1480 918 1651 967 valoris
1681 918 1741 967 ad
1769 917 2003 966 rationem
2033 932 2092 965 vn

334 1002 638 1051 carlenorum
657 1018 766 1051 cum
789 1002 984 1051 dimidio
1006 1019 1091 1067 pro
1114 1003 1254 1051 uncia
1279 1004 1327 1051 in
1350 1007 1521 1051 totum.
1545 1031 1608 1037 —
1631 1001 1805 1050 Bucale
1833 1017 1864 1048 1.
1888 1029 1951 1036 —
1978 1002 2094 1049 Scu-

333 1085 483 1134 tellini
523 1102 570 1134 11,
610 1114 675 1121 —
714 1086 894 1135 Platelli
929 1087 1055 1150 parvi
1089 1103 1137 1134 11.
1180 1115 1242 1123 -
1281 1090 1400 1134 Duc.
1437 1101 1614 1134 cxxxtx
1652 1100 1762 1134 cum
1803 1083 1999 1133 dimidio
2037 1083 2098 1132 ad

334 1169 569 1218 rationem
589 1185 621 1217 x
642 1169 946 1218 carlenorum
967 1186 1052 1234 pro
1075 1170 1288 1234 quolibet
1311 1170 1469 1219 ducat.

398 1253 555 1301 Bacile
580 1269 610 1300 1.
635 1283 698 1290 —-
723 1254 861 1302 Platti
886 1254 1046 1317 magni
1073 1270 1124 1301 11.
1153 1283 1216 1290 --
1242 1253 1472 1302 Cocliaria
1496 1281 1560 1288 —
1584 1252 1799 1301 Furcelle
1824 1280 1886 1287 —-
1913 1250 2094 1300 Saleria

332 1365 394 1371 -——
421 1336 680 1384 Mochetta.
717 1336 946 1386 Ponderis
973 1337 1055 1384 lib.
1084 1353 1133 1385 xi
1168 1337 1282 1384 duc.
1318 1336 1463 1384 valor.
1496 1335 1556 1383 ad
1589 1335 1823 1383 rationem
1859 1350 1900 1381 Vl
1937 1333 2090 1382 carle-

333 1433 507 1466 norum
541 1423 586 1467 et
628 1436 660 1467 x
695 1423 932 1483 quattren.
967 1435 1053 1484 pro
1083 1420 1224 1468 unica
1252 1420 1299 1467 in
1335 1424 1490 1468 totum
1517 1419 1625 1467 duc.
1666 1431 1864 1466 Lxxxun
1897 1416 2089 1466 baioch.

332 1516 418 1548 va
439 1500 500 1548 ad
521 1501 757 1549 rationem
779 1502 1061 1565 predictam.
1883 1509 1887 1511 “
2068 1511 2071 1515 ’

401 1585 501 1640 Que
527 1585 688 1632 omnia
714 1600 798 1648 pro
826 1586 980 1648 pretio
1012 1586 1227 1649 predicto
1254 1585 1574 1643 vendidimus;
1605 1588 1652 1633 et
1679 1583 1738 1632 de
1767 1582 1906 1631 bonis
1937 1596 2100 1646 supra-

334 1666 488 1725 dictis,
520 1683 612 1729 que
646 1671 702 1716 D.
738 1668 998 1732 Sinulphus
1027 1669 1195 1717 habuit
1225 1673 1272 1717 et
1301 1671 1358 1717 D.
1399 1667 1798 1724 Colathomasius,
1832 1666 1917 1714 fuit
1956 1665 2097 1714 etiam

333 1749 470 1796 nobis
500 1749 818 1810 satisfactum3
850 1751 909 1799 (16
934 1752 1036 1800 aliis
1064 1757 1224 1800 autem
1251 1767 1349 1799 non
1377 1752 1517 1799 ultra.
1554 1753 1655 1807 Que
1688 1751 1879 1798 fuerunt
1909 1753 1957 1797 et
1986 1748 2095 1807 alia,

333 1836 504 1891 vesteS,
542 1831 754 1895 diploidi,
800 1835 968 1899 calige,
1018 1835 1212 1884 camisie
1259 1839 1305 1884 et
1346 1837 1497 1884 multa
1537 1835 1630 1883 alia
1670 1834 1717 1881 in
1754 1832 1962 1896 quodam
2005 1831 2098 1880 alio

332 1914 595 1963 inventario
629 1920 856 1966 contenta
887 1937 895 1966 ε
931 1919 1093 1967 omnia
1125 1923 1180 1969 D.
1215 1921 1459 1968 Johannes
1491 1906 1641 1967 Maria
1668 1917 1826 1966 socius
1857 1931 1992 1964 meus
2012 1929 2098 1979 pro

334 2002 443 2049 duc.
489 2016 598 2052 xxv1
633 2002 692 2050 ad
728 2002 962 2051 rationem
997 2003 1206 2052 vendidit
1244 2003 1532 2067 predictam,
1577 2002 1637 2050 ad
1672 2015 1818 2064 quam
1857 2013 2098 2048 summam

332 2085 459 2133 bona
478 2086 581 2149 ipsa
605 2086 798 2135 fuerunt
819 2086 1061 2135 extimata.
1524 2100 1527 2104 ¹

330 2186 332 2189 ·
402 2188 423 2212 «
446 2171 603 2217 Tenor
631 2168 799 2218 cedule
819 2184 962 2232 super
982 2168 1292 2233 deputatione
1317 2169 1569 2217 custodum
1591 2166 1846 2226 conclavis,
1875 2179 2098 2213 reveren-

333 2251 530 2299 dissimo
555 2251 750 2299 domino
786 2251 1175 2300 vicecancellario
1196 2267 1283 2315 per
1309 2267 1386 2300 me
1414 2251 1541 2311 date,
1565 2251 1624 2299 de
1647 2266 1740 2313 qua
1761 2265 1903 2314 supra
1919 2248 2031 2297 folio
2051 2264 2099 2297 xl

333 2334 385 2382 fit
405 2334 587 2382 mentio
610 2334 669 2382 de
690 2334 834 2382 verbo
859 2334 919 2382 ad
937 2336 1134 2383 verbum
1153 2322 1385 2398 sequitur,
1411 2339 1456 2383 et
1475 2339 1548 2383 est
1568 2334 1690 2382 talis.

400 2419 451 2464 ln
481 2417 654 2480 palatio
686 2417 921 2465 conclavis
954 2417 1175 2466 habende
1209 2422 1319 2465 sunt
1351 2421 1554 2480 quatuor
1586 2415 1819 2465 custodie.
1859 2415 2016 2463 Prima
2047 2414 2096 2461 in

332 2504 469 2564 porta
494 2500 672 2563 palatii,
703 2516 795 2563 que
819 2501 1077 2550 commissa
1103 2504 1175 2549 est
1202 2503 1240 2549 R
1292 2502 1347 2548 D.
1377 2499 1604 2564 episcopo
1633 2497 1871 2547 Cerviensi
1901 2502 1948 2545 et
1974 2499 2097 2560 Mag.

334 2587 389 2633 D.
416 2584 475 2633 de
500 2584 777 2633 Comitib'uS.
1275 2582 1278 2585 ’

401 2668 622 2716 Secunda
640 2668 726 2716 erit
745 2668 793 2716 in
814 2673 952 2732 porta
972 2684 1067 2732 qua
1087 2668 1360 2717 ascenditur
1383 2667 1444 2715 ad
1460 2682 1700 2716 cameram
1719 2668 2030 2731 apostolicam
2052 2673 2100 2718 et

335 2750 425 2799 hec
448 2751 791 2800 committenda
818 2752 906 2800 erit
934 2742 1344 2800 conservatoribus
1367 2755 1413 2799 et
1437 2750 1539 2798 aliis
1562 2751 1800 2800 nobilibus
1821 2753 2031 2801 romanis
2048 2756 2100 2801 'et

336 2833 595 2882 baronibus
615 2834 675 2882 ad
708 2849 964 2883 numerum
987 2838 1128 2897 prout
1155 2833 1360 2898 placebit
1382 2836 1519 2881 Rmo.
1542 2833 1744 2897 collegio
1767 2834 2095 2883 cardinalium,
2118 2823 2127 2838 ⁸

402 2918 559 2966 Tertia
583 2917 670 2965 erit
692 2917 741 2964 in
758 2922 896 2980 porta
916 2933 1064 2982 prope
1096 2933 1337 2966 cameram
1358 2916 1671 2980 apostolicam
1693 2921 1740 2966 et
1759 2919 1850 2966 hec
1875 2918 2099 2966 commit-

336 3001 480 3051 tenda
501 3001 590 3049 erit
611 3001 879 3050 oratoribus
899 3001 1030 3050 laicis
1050 3001 1324 3064 principum
1339 3004 1545 3062 quatuor
1562 3000 1809 3048 nationum
1831 2999 1880 3046 in
1901 3014 2099 3061 romana

338 3084 470 3133 curia
488 3084 816 3145 existenti-bus,
841 3086 941 3148 pari
962 3100 1164 3134 numero
1182 3100 1210 3132 a
1229 3088 1366 3132 Rmo.
1393 3082 1595 3145 collegio
1614 3082 1925 3130 cardinalium
1946 3099 2098 3147 usque

339 3166 398 3213 ad
423 3183 680 3216 numerum
710 3167 775 3216 iiii
804 3168 878 3216 vel
908 3168 985 3217 viii
1011 3166 1291 3231 deputandis
1318 3166 1390 3216 vel
1416 3166 1650 3230 majorem
1682 3182 1691 3214 :
1723 3169 1831 3213 sunt
1861 3171 2023 3216 autem
2051 3167 2100 3215 in

338 3265 376 3295 r.
400 3251 531 3298 curia
550 3251 635 3310 hii,
659 3251 879 3300 videlicet
903 3270 912 3299 :
1657 3295 1659 3297 .
1725 3258 1728 3262 ’

372 3349 374 3351 ’
406 3334 776 3382 Ex'Germanis.
815 3337 984 3383 Orator
1008 3314 1284 3397 imperialis,
1313 3337 1473 3381 orator
1508 3333 1796 3396 Sigismundi
1833 3333 2100 3381 archiducis

338 3415 544 3474 Austrie,
570 3422 730 3465 orator
747 3417 886 3466 electi
905 3416 1187 3480 Moguntini.
