2262 3958
151 309 232 352 [Mai
249 309 338 351 ¹489]
601 306 770 344 RERUM
803 304 1106 342 URBANARUM
1141 304 1404 341 COMMENTA
1411 303 1491 341 1311.
1736 343 1738 345 a
1865 305 1935 342 353

145 411 284 475 juxta
303 408 586 468 Minervam,
605 413 698 457 ete.
733 411 880 457 Facta
901 408 1115 457 oratione
1135 411 1245 456 ante
1264 407 1432 468 altare,
1458 406 1656 456 dimisso
1675 408 1931 471 capucino,

147 492 334 558 accepit
366 492 590 557 pluviale,
631 493 746 542 fecit
779 492 1157 552 confessionem,
1192 492 1398 540 accessit
1430 492 1489 540 ad
1516 491 1710 552 solium,
1745 493 1932 557 accepit

143 577 414 627 cardinales
455 579 514 626 ad
561 577 899 635 reverentiam,
943 580 990 624 et
1037 576 1130 624 alia
1158 592 1293 625 more
1337 575 1478 624 solito
1519 580 1630 624 sunt
1663 577 1929 626 observata.

143 659 340 710 Missam
374 661 636 710 celebravit
668 664 723 708 R.
759 663 811 708 P.
850 663 907 718 D,
937 660 1261 725 Hieronymus
1283 660 1536 724 episcopus
1574 660 1793 709 Chiensis
1827 660 1888 726 (1)
1916 680 1925 709 z

143 744 261 793 dixit
290 760 437 793 unam
466 744 737 793 orationem
770 747 970 795 tantum*
988 747 1036 791 et
1063 743 1384 806 prefationem
1406 743 1465 791 de
1493 744 1741 807 apostolis,
1763 750 1812 793 et
1831 761 1929 795 non

143 827 229 877 fuit
248 844 427 878 sermo.
462 827 635 877 Prelati
666 842 837 875 omnes
865 824 1218 889 archiepiscopi
1247 829 1295 873 et
1325 825 1558 889 episcopi,
1592 828 1927 890 protonotarii,

145 912 447 972 subdiaconi,
485 911 746 970 auditoreS,
781 908 940 958 clerici
976 924 1168 957 camere
1199 913 1247 957 et
1279 908 1490 973 acolythi
1518 908 1843 959 interfuerunt
1881 911 1930 959 in

142 995 308 1061 cappis
336 994 487 1045 etalii
525 994 575 1042 in
610 993 778 1041 habitu
818 997 1052 1041 consueto
1088 1009 1182 1056 quo
1216 992 1419 1056 quisque
1459 992 1508 1040 in
1543 993 1728 1057 capella
1758 994 1925 1043 utitur.

141 1079 416 1131 Cardinales
446 1076 661 1142 episcopi
689 1080 737 1126 et
762 1076 1031 1142 presbyteri
1065 1077 1300 1126 sedebant
1329 1076 1378 1124 in
1408 1077 1634 1125 scammis
1660 1078 1927 1127 muralibus

137 1163 199 1215 ad
225 1163 446 1213 dextram
474 1163 579 1211 solii
607 1166 754 1227 Pape‚
780 1162 908 1226 quod
935 1162 996 1210 ad
1022 1161 1265 1211 sinistram
1289 1161 1423 1209 chori
1456 1161 1676 1210 intrantis
1705 1167 1927 1226 paratum

136 1252 261 1309 erat,
281 1248 408 1298 inter
424 1263 545 1312 quos
566 1247 744 1297 mansit
773 1242 912 1311 'prior
943 1246 1336 1312 presbyterorum
1371 1245 1451 1310 qui
1480 1245 1654 1294 deinde
1677 1246 1738 1295 ad
1757 1247 1927 1296 minis-

136 1333 361 1382 trandum
396 1335 595 1381 vocatus
624 1330 863 1380 veniebat.
899 1330 1099 1379 Diaconi
1133 1334 1294 1379 autem
1323 1329 1556 1378 sedebant
1586 1331 1646 1378 ad
1683 1330 1924 1380 sinistram

140 1418 267 1481 Pape
283 1417 373 1465 sub
394 1416 585 1465 tribuno
610 1415 772 1464 altaris
796 1415 844 1463 in
880 1415 1064 1464 eisdem
1099 1415 1292 1464 sedibus
1323 1414 1588 1462 muralibus
1613 1419 1742 1463 retro
1779 1416 1925 1464 assis—

137 1503 296 1549 tentes
315 1515 466 1566 prope
486 1499 696 1565 prelatos
714 1499 793 1563 qui
813 1500 1047 1549 sedebant
1079 1499 1127 1547 in
1160 1498 1388 1547 scammis
1421 1498 1576 1547 bassis
1603 1498 1663 1547 ad
1681 1499 1924 1549 sinistram

139 1585 285 1648 Papa,
308 1583 358 1632 in
387 1583 530 1649 plano
563 1583 746 1648 capelle
784 1584 846 1632 ad
881 1583 1105 1632 dextram
1138 1582 1359 1631 intrantis
1394 1582 1596 1631 chorum
1629 1583 1919 1647 predictum.

137 1667 190 1715 ln
212 1669 535 1716 transversum
568 1667 711 1731 positi
746 1671 884 1716 erant
907 1667 1047 1715 banci
1076 1666 1222 1731 lignei
1253 1681 1340 1730 pro
1373 1665 1588 1730 prelatis,
1629 1667 1677 1714 in
1714 1684 1922 1731 quorum

132 1749 291 1814 primo
332 1750 555 1800 videlicet
586 1751 830 1800 anteriore
882 1751 1111 1800 sederunt
1143 1749 1461 1815 protonotarii
1489 1766 1498 1798 :
1524 1749 1768 1814 digniores
1807 1769 1921 1802 vero

131 1832 302 1898 prelati
320 1833 539 1883 videlicet
574 1839 792 1884 oratores
827 1840 875 1884 et
903 1835 982 1883 alii
1017 1835 1243 1884 sederunt
1272 1834 1320 1881 in
1342 1833 1512 1882 ultimo
1536 1835 1708 1884 murali
1734 1835 1916 1897 banco,

134 1916 310 1968 deinde
331 1917 409 1967 alii
432 1922 542 1968 ante
565 1934 649 1968 eos
671 1924 815 1984 prout
832 1920 881 1968 in
903 1920 1090 1985 capella
1110 1924 1294 1968 nostra.
1318 1917 1627 1978 Subdiaconi,
1649 1919 1913 1981 auditoreS,

131 2000 297 2052 clerici
339 2018 551 2063 camere,
598 2004 834 2070 acolythi,
886 2003 1167 2053 cubicularii
1206 2007 1340 2052 extra
1379 2018 1625 2051 cameram
1660 2008 1707 2052 et
1739 2019 1917 2068 procu-

130 2087 314 2135 ratores
360 2087 590 2136 sederunt
631 2089 680 2136 in
719 2092 851 2138 terra
903 2088 1030 2136 inter
1072 2088 1245 2136 solium
1289 2090 1417 2150 Pape
1464 2090 1512 2134 et
1552 2087 1731 2136 bancos
1763 2089 1918 2152 prela-

130 2171 307 2229 torum,
349 2169 498 2219 facies
547 2173 674 2236 Pape
712 2176 953 2221 vertentes
994 2188 1003 2220 :
1045 2176 1263 2220 oratores
1295 2187 1409 2219 vero
1444 2171 1554 2219 laici
1595 2171 1827 2220 sederunt
1866 2171 1913 2219 in

128 2251 285 2302 banco
320 2254 491 2302 murali
521 2255 659 2320 juxta
691 2255 869 2304 ostium
903 2255 964 2304 ad
1002 2256 1220 2305 dextram
1243 2245 1731 2320 ‘intrantis'quorum
1767 2255 1915 2305 facies

123 2339 365 2398 vertentes
387 2338 542 2399 altari,
582 2343 727 2404 caput
757 2344 859 2409 erat
881 2341 1020 2405 juxta
1047 2340 1241 2388 ostium.
1278 2341 1555 2390 Cardinales
1586 2344 1819 2388 venerunt
1855 2339 1917 2388 ad

122 2419 358 2485 circulum
379 2437 469 2471 suo
499 2427 741 2488 tempore.
772 2423 995 2472 Scutiseri
1031 2426 1158 2488 Pape
1187 2439 1285 2473 non
1317 2425 1589 2473 habuerunt
1621 2424 1802 2483 locum,
1829 2423 1914 2472 sed

119 2506 358 2553 steterunt
386 2509 522 2554 extra
553 2506 775 2555 chorum.
800 2509 851 2554 ln
883 2506 980 2556 fine
1017 2507 1183 2566 misse,
1212 2509 1340 2571 Papa
1369 2507 1501 2556 dedit
1522 2507 1911 2556 benedictionem

118 2590 167 2636 et
187 2587 510 2654 indulgentias
541 2590 782 2655 plenarias
805 2607 924 2655 quas
965 2591 1219 2656 publicavit
1250 2591 1531 2650 celebrans;
1567 2591 1742 2641 deinde
1769 2593 1914 2640 Sanc-

119 2670 229 2719 titas
269 2687 357 2720 sua
395 2673 574 2722 creavit
610 2674 659 2722 in
699 2675 921 2735 militem,
968 2672 1154 2725 Sixtum
1195 2677 1320 2726 Rmi.
1367 2679 1424 2724 D.
1467 2675 1724 2727 cardinalis
1759 2675 1910 2726 sancti
1986 2667 1989 2671 ’

121 2752 250 2802 Petri
272 2754 333 2802 ad
352 2754 559 2805 Vincula
588 2773 648 2805 ex
684 2773 851 2807 sorore
886 2775 972 2815 sua
1007 2766 1256 2825 nepotem,
1292 2761 1369 2810 cui
1401 2760 1448 2808 in
1487 2761 1583 2809 fine
1611 2760 1831 2809 habitum
1867 2778 1904 2808 s,

120 2835 353 2885 ‚lobannis
389 2837 812 2905 Hierosolymitaui
846 2841 1098 2907 imposuit3
1145 2843 1337 2904 deinde,
1382 2845 1592 2894 dimissis
1621 2850 1731 2894 ante
1759 2846 1908 2894 altare

122 2919 282 2981 mitra,
325 2921 519 2986 pluviali
552 2927 599 2972 et
635 2923 776 2983 stola,
819 2930 1020 2990 accepto
1057 2928 1322 2991 capuccino
1351 2933 1399 2977 et
1432 2929 1527 2977 alia
1562 2929 1707 2989 stola,
1742 2934 1908 2993 porta-

120 3009 198 3052 tus
219 3007 293 3053 est
311 3004 371 3053 ad
397 3005 627 3070 palatium
658 3007 915 3056 cardinalis
948 3009 1151 3072 predicti
1177 3011 1315 3075 juxta
1338 3012 1588 3061 basilicam
1615 3013 1902 3077 predictam,

120 3087 198 3135 ubi
220 3088 333 3138 fecit
350 3089 603 3153 prandium
626 3095 672 3139 et
693 3091 856 3155 plures
874 3092 1142 3142 cardinales
1164 3110 1275 3143 cum
1299 3111 1373 3144 eo.

188 3171 370 3220 Eodem
392 3172 486 3234 die,
509 3173 639 3223 circa
658 3174 833 3224 horam
857 3192 935 3237 xx,
965 3176 1223 3241 episcopus
1245 3178 1325 3242 qui
1348 3178 1493 3227 hodie
1522 3180 1803 3236 celebravit,
1829 3196 1909 3228 os-

126 3255 278 3303 tendit
298 3256 521 3320 reliquias
539 3257 588 3306 in
603 3258 802 3309 basilica
821 3261 1040 3325 predicta
1066 3262 1348 3322 existentes,
1376 3267 1505 3328 Papa
1525 3269 1571 3312 ct
1593 3265 1913 3313 cardinalibus

119 3338 168 3386 in
209 3340 430 3404 opposito
471 3357 765 3407 organorum
802 3346 1008 3395 ecclesie
1044 3346 1120 3394 ubi
1150 3351 1371 3396 cantores
1402 3348 1496 3397 hoc
1527 3365 1671 3399 mane
1698 3349 1910 3399 osticium

170 3441 202 3476 1.
231 3441 279 3477 Ile
299 3440 343 3478 de
364 3440 467 3479 Chio.

309 3530 342 3556 T.
371 3531 395 3556 1.
1670 3529 1716 3568 23
