<?xml version="1.0" encoding="UTF-8"?>
<!DOCTYPE html PUBLIC "-//W3C//DTD XHTML 1.0 Transitional//EN"
    "http://www.w3.org/TR/xhtml1/DTD/xhtml1-transitional.dtd">
<html xmlns="http://www.w3.org/1999/xhtml" xml:lang="en" lang="en">
 <head>
  <title>
</title>
<meta http-equiv="Content-Type" content="text/html;charset=utf-8" />
  <meta name='ocr-system' content='tesseract 3.04.00' />
  <meta name='ocr-capabilities' content='ocr_page ocr_carea ocr_par ocr_line ocrx_word'/>
</head>
<body>
  <div class='ocr_page' id='page_1' title='image "./diariumsivererum01burcuoft_0185.png"; bbox 0 0 2262 3958; ppageno 0'>
   <div class='ocr_carea' id='block_1_1' title="bbox 156 301 1952 344">
    <p class='ocr_par' dir='ltr' id='par_1_1' title="bbox 156 301 1952 344">
     <span class='ocr_line' id='line_1_1' title="bbox 156 301 1952 344; baseline -0.004 0"><span class='ocrx_word' id='word_1_1' title='bbox 156 302 271 344; x_wconf 66' lang='lat' dir='ltr'>[Mars</span> <span class='ocrx_word' id='word_1_2' title='bbox 287 301 384 344; x_wconf 63' lang='lat'><strong>1486]</strong></span> <span class='ocrx_word' id='word_1_3' title='bbox 614 301 783 339; x_wconf 85' lang='lat' dir='ltr'>RERUM</span> <span class='ocrx_word' id='word_1_4' title='bbox 816 301 1121 340; x_wconf 86' lang='lat' dir='ltr'>URBANARUM</span> <span class='ocrx_word' id='word_1_5' title='bbox 1154 301 1505 339; x_wconf 83' lang='lat' dir='ltr'><strong>COMMENTARII.</strong></span> <span class='ocrx_word' id='word_1_6' title='bbox 1905 301 1952 336; x_wconf 85' lang='lat'>75</span> 
     </span>
    </p>
   </div>
   <div class='ocr_carea' id='block_1_2' title="bbox 98 399 1958 3493">
    <p class='ocr_par' dir='ltr' id='par_1_2' title="bbox 149 399 1955 1041">
     <span class='ocr_line' id='line_1_2' title="bbox 159 399 1934 468; baseline -0.005 -14"><span class='ocrx_word' id='word_1_7' title='bbox 159 404 346 462; x_wconf 64' lang='lat' dir='ltr'>nahum</span> <span class='ocrx_word' id='word_1_8' title='bbox 379 419 475 468; x_wconf 91' lang='lat' dir='ltr'>qua</span> <span class='ocrx_word' id='word_1_9' title='bbox 506 408 715 468; x_wconf 90' lang='lat' dir='ltr'>recepta,</span> <span class='ocrx_word' id='word_1_10' title='bbox 762 404 844 453; x_wconf 86' lang='lat' dir='ltr'>ivit</span> <span class='ocrx_word' id='word_1_11' title='bbox 879 405 950 454; x_wconf 91' lang='lat' dir='ltr'>ad·</span> <span class='ocrx_word' id='word_1_12' title='bbox 978 405 1300 453; x_wconf 74' lang='lat' dir='ltr'>faldistorium</span> <span class='ocrx_word' id='word_1_13' title='bbox 1330 403 1428 463; x_wconf 91' lang='lat' dir='ltr'>ubi,</span> <span class='ocrx_word' id='word_1_14' title='bbox 1465 401 1686 467; x_wconf 89' lang='lat' dir='ltr'>deposita</span> <span class='ocrx_word' id='word_1_15' title='bbox 1721 399 1934 464; x_wconf 86' lang='lat' dir='ltr'>planeta,</span> 
     </span>
     <span class='ocr_line' id='line_1_3' title="bbox 160 485 1943 553; baseline -0.004 -16"><span class='ocrx_word' id='word_1_16' title='bbox 160 487 348 552; x_wconf 86' lang='lat' dir='ltr'>accepit</span> <span class='ocrx_word' id='word_1_17' title='bbox 386 503 607 552; x_wconf 88' lang='lat' dir='ltr'>cappam,</span> <span class='ocrx_word' id='word_1_18' title='bbox 651 493 754 537; x_wconf 89' lang='lat' dir='ltr'>tum</span> <span class='ocrx_word' id='word_1_19' title='bbox 796 489 1011 537; x_wconf 87' lang='lat' dir='ltr'>sandalia</span> <span class='ocrx_word' id='word_1_20' title='bbox 1054 493 1102 538; x_wconf 88' lang='lat' dir='ltr'>et</span> <span class='ocrx_word' id='word_1_21' title='bbox 1147 491 1428 553; x_wconf 89' lang='lat' dir='ltr'>paramenta</span> <span class='ocrx_word' id='word_1_22' title='bbox 1471 502 1557 551; x_wconf 93' lang='lat' dir='ltr'>pro</span> <span class='ocrx_word' id='word_1_23' title='bbox 1599 485 1763 543; x_wconf 89' lang='lat' dir='ltr'>missa,</span> <span class='ocrx_word' id='word_1_24' title='bbox 1806 497 1943 531; x_wconf 91' lang='lat' dir='ltr'>more</span> 
     </span>
     <span class='ocr_line' id='line_1_4' title="bbox 149 555 1941 621; baseline -0.003 -1"><span class='ocrx_word' id='word_1_25' title='bbox 149 555 412 621; x_wconf 46' lang='lat' dir='ltr'>&#39;consueta</span> <span class='ocrx_word' id='word_1_26' title='bbox 444 574 500 620; x_wconf 91' lang='lat' dir='ltr'>D.</span> <span class='ocrx_word' id='word_1_27' title='bbox 535 572 859 620; x_wconf 89' lang='lat' dir='ltr'>Bernardinus</span> <span class='ocrx_word' id='word_1_28' title='bbox 895 572 1219 621; x_wconf 89' lang='lat' dir='ltr'>cubicularius</span> <span class='ocrx_word' id='word_1_29' title='bbox 1250 577 1466 621; x_wconf 90' lang='lat' dir='ltr'>secretus</span> <span class='ocrx_word' id='word_1_30' title='bbox 1492 570 1700 620; x_wconf 83' lang='lat' dir='ltr'>debebat</span> <span class='ocrx_word' id='word_1_31' title='bbox 1727 567 1941 617; x_wconf 84' lang='lat' dir='ltr'>tenuisse</span> 
     </span>
     <span class='ocr_line' id='line_1_5' title="bbox 160 652 1946 720; baseline -0.002 -16"><span class='ocrx_word' id='word_1_32' title='bbox 160 670 354 720; x_wconf 83' lang='lat' dir='ltr'>parvam</span> <span class='ocrx_word' id='word_1_33' title='bbox 395 655 647 704; x_wconf 89' lang='lat' dir='ltr'>candelam</span> <span class='ocrx_word' id='word_1_34' title='bbox 687 659 814 720; x_wconf 90' lang='lat' dir='ltr'>Pape</span> <span class='ocrx_word' id='word_1_35' title='bbox 845 671 1103 704; x_wconf 80' lang='lat' dir='ltr'>accensam</span> <span class='ocrx_word' id='word_1_36' title='bbox 1136 656 1196 704; x_wconf 86' lang='lat' dir='ltr'>ab</span> <span class='ocrx_word' id='word_1_37' title='bbox 1227 656 1475 719; x_wconf 87' lang='lat' dir='ltr'>evaugelio</span> <span class='ocrx_word' id='word_1_38' title='bbox 1509 671 1660 718; x_wconf 89' lang='lat' dir='ltr'>usque</span> <span class='ocrx_word' id='word_1_39' title='bbox 1697 657 1807 718; x_wconf 80' lang='lat' dir='ltr'>post</span> <span class='ocrx_word' id='word_1_40' title='bbox 1846 652 1946 701; x_wconf 90' lang='lat' dir='ltr'>ele-</span> 
     </span>
     <span class='ocr_line' id='line_1_6' title="bbox 158 735 1951 804; baseline -0.002 -17"><span class='ocrx_word' id='word_1_41' title='bbox 158 738 420 799; x_wconf 83' lang='lat' dir='ltr'>vationem,</span> <span class='ocrx_word' id='word_1_42' title='bbox 452 739 584 804; x_wconf 91' lang='lat' dir='ltr'>quod</span> <span class='ocrx_word' id='word_1_43' title='bbox 610 754 707 789; x_wconf 89' lang='lat' dir='ltr'>non</span> <span class='ocrx_word' id='word_1_44' title='bbox 726 739 864 798; x_wconf 79' lang='lat' dir='ltr'>fecit,</span> <span class='ocrx_word' id='word_1_45' title='bbox 899 739 985 786; x_wconf 92' lang='lat' dir='ltr'>sed</span> <span class='ocrx_word' id='word_1_46' title='bbox 1020 755 1166 802; x_wconf 91' lang='lat' dir='ltr'>super</span> <span class='ocrx_word' id='word_1_47' title='bbox 1186 739 1335 787; x_wconf 88' lang='lat' dir='ltr'>altare</span> <span class='ocrx_word' id='word_1_48' title='bbox 1373 739 1634 787; x_wconf 78' lang='lat' dir='ltr'>extinctam</span> <span class='ocrx_word' id='word_1_49' title='bbox 1654 736 1813 800; x_wconf 85' lang='lat' dir='ltr'>posuit</span> <span class='ocrx_word' id='word_1_50' title='bbox 1844 752 1854 784; x_wconf 91' lang='lat'>:</span> <span class='ocrx_word' id='word_1_51' title='bbox 1890 735 1951 784; x_wconf 90' lang='lat' dir='ltr'>ad</span> 
     </span>
     <span class='ocr_line' id='line_1_7' title="bbox 161 821 1951 888; baseline -0.002 -16"><span class='ocrx_word' id='word_1_52' title='bbox 161 823 466 888; x_wconf 81' lang='lat' dir='ltr'>evangelium</span> <span class='ocrx_word' id='word_1_53' title='bbox 497 827 658 872; x_wconf 90' lang='lat' dir='ltr'>autem</span> <span class='ocrx_word' id='word_1_54' title='bbox 687 826 735 871; x_wconf 89' lang='lat' dir='ltr'>et</span> <span class='ocrx_word' id='word_1_55' title='bbox 775 821 1095 871; x_wconf 79' lang='lat' dir='ltr'>elevationem</span> <span class='ocrx_word' id='word_1_56' title='bbox 1139 823 1432 872; x_wconf 87' lang='lat' dir='ltr'>sacramenti</span> <span class='ocrx_word' id='word_1_57' title='bbox 1479 827 1609 887; x_wconf 90' lang='lat' dir='ltr'>Papa</span> <span class='ocrx_word' id='word_1_58' title='bbox 1647 839 1755 872; x_wconf 91' lang='lat' dir='ltr'>eam</span> <span class='ocrx_word' id='word_1_59' title='bbox 1795 821 1951 872; x_wconf 88' lang='lat' dir='ltr'>tenuit</span> 
     </span>
     <span class='ocr_line' id='line_1_8' title="bbox 161 904 1955 967; baseline -0.002 -11"><span class='ocrx_word' id='word_1_60' title='bbox 161 906 432 967; x_wconf 81' lang='lat' dir='ltr'>ardentem,</span> <span class='ocrx_word' id='word_1_61' title='bbox 463 907 593 955; x_wconf 93' lang='lat' dir='ltr'>idem</span> <span class='ocrx_word' id='word_1_62' title='bbox 638 905 858 955; x_wconf 88' lang='lat' dir='ltr'>fecerunt</span> <span class='ocrx_word' id='word_1_63' title='bbox 897 904 1043 953; x_wconf 92' lang='lat' dir='ltr'>etiem</span> <span class='ocrx_word' id='word_1_64' title='bbox 1085 905 1200 964; x_wconf 90' lang='lat' dir='ltr'>alii;</span> <span class='ocrx_word' id='word_1_65' title='bbox 1237 910 1418 966; x_wconf 90' lang='lat' dir='ltr'>cetera,</span> <span class='ocrx_word' id='word_1_66' title='bbox 1455 909 1505 953; x_wconf 92' lang='lat' dir='ltr'>ut</span> <span class='ocrx_word' id='word_1_67' title='bbox 1540 906 1687 954; x_wconf 92' lang='lat' dir='ltr'>moris</span> <span class='ocrx_word' id='word_1_68' title='bbox 1715 910 1804 965; x_wconf 89' lang='lat' dir='ltr'>est,</span> <span class='ocrx_word' id='word_1_69' title='bbox 1845 909 1955 953; x_wconf 88' lang='lat' dir='ltr'>sunt</span> 
     </span>
     <span class='ocr_line' id='line_1_9' title="bbox 163 989 432 1041; baseline -0.007 -2"><span class='ocrx_word' id='word_1_70' title='bbox 163 989 432 1041; x_wconf 82' lang='lat' dir='ltr'>observata.</span> 
     </span>
    </p>

    <p class='ocr_par' dir='ltr' id='par_1_3' title="bbox 98 1073 1956 1477">
     <span class='ocr_line' id='line_1_10' title="bbox 225 1073 1953 1140; baseline -0.001 -17"><span class='ocrx_word' id='word_1_71' title='bbox 225 1074 262 1123; x_wconf 84' lang='lat' dir='ltr'><strong>F</strong></span> <span class='ocrx_word' id='word_1_72' title='bbox 265 1073 365 1123; x_wconf 82' lang='lat' dir='ltr'>eria</span> <span class='ocrx_word' id='word_1_73' title='bbox 383 1078 571 1138; x_wconf 89' lang='lat' dir='ltr'>quarta,</span> <span class='ocrx_word' id='word_1_74' title='bbox 600 1077 628 1122; x_wconf 89' lang='grc'>8</span> <span class='ocrx_word' id='word_1_75' title='bbox 651 1074 898 1136; x_wconf 86' lang='lat' dir='ltr'>februarii,</span> <span class='ocrx_word' id='word_1_76' title='bbox 930 1075 1006 1124; x_wconf 90' lang='lat' dir='ltr'>die</span> <span class='ocrx_word' id='word_1_77' title='bbox 1030 1075 1268 1133; x_wconf 84' lang='lat' dir='ltr'>cinerum,</span> <span class='ocrx_word' id='word_1_78' title='bbox 1296 1078 1424 1140; x_wconf 88' lang='lat' dir='ltr'>Papa</span> <span class='ocrx_word' id='word_1_79' title='bbox 1451 1075 1500 1123; x_wconf 90' lang='lat' dir='ltr'>in</span> <span class='ocrx_word' id='word_1_80' title='bbox 1525 1075 1712 1140; x_wconf 86' lang='lat' dir='ltr'>capella</span> <span class='ocrx_word' id='word_1_81' title='bbox 1736 1074 1953 1139; x_wconf 88' lang='lat' dir='ltr'>predicta</span> 
     </span>
     <span class='ocr_line' id='line_1_11' title="bbox 161 1156 1956 1223; baseline -0.002 -16"><span class='ocrx_word' id='word_1_82' title='bbox 161 1156 407 1208; x_wconf 73' lang='lat' dir='ltr'>benedixit</span> <span class='ocrx_word' id='word_1_83' title='bbox 427 1157 617 1208; x_wconf 88' lang='lat' dir='ltr'>cineres</span> <span class='ocrx_word' id='word_1_84' title='bbox 646 1174 766 1223; x_wconf 87' lang='lat' dir='ltr'>quas</span> <span class='ocrx_word' id='word_1_85' title='bbox 792 1159 1049 1207; x_wconf 88' lang='lat' dir='ltr'>cardinalis</span> <span class='ocrx_word' id='word_1_86' title='bbox 1083 1175 1123 1207; x_wconf 89' lang='lat' dir='ltr'>S.</span> <span class='ocrx_word' id='word_1_87' title='bbox 1149 1158 1277 1208; x_wconf 87' lang='lat' dir='ltr'>Petri</span> <span class='ocrx_word' id='word_1_88' title='bbox 1307 1158 1369 1207; x_wconf 93' lang='lat' dir='ltr'>ad</span> <span class='ocrx_word' id='word_1_89' title='bbox 1394 1158 1603 1209; x_wconf 82' lang='lat' dir='ltr'>Vincula</span> <span class='ocrx_word' id='word_1_90' title='bbox 1623 1158 1956 1207; x_wconf 78' lang='lat' dir='ltr'>celebraturus</span> 
     </span>
     <span class='ocr_line' id='line_1_12' title="bbox 98 1241 1955 1308; baseline -0.002 -15"><span class='ocrx_word' id='word_1_91' title='bbox 98 1287 104 1293; x_wconf 87' lang='lat'><strong>.</strong></span> <span class='ocrx_word' id='word_1_92' title='bbox 161 1243 288 1306; x_wconf 83' lang='lat' dir='ltr'>Pape</span> <span class='ocrx_word' id='word_1_93' title='bbox 309 1242 518 1308; x_wconf 86' lang='lat' dir='ltr'>primum</span> <span class='ocrx_word' id='word_1_94' title='bbox 544 1242 792 1308; x_wconf 82' lang='lat' dir='ltr'>imposuit,</span> <span class='ocrx_word' id='word_1_95' title='bbox 823 1242 998 1292; x_wconf 91' lang='lat' dir='ltr'>deinde</span> <span class='ocrx_word' id='word_1_96' title='bbox 1027 1245 1157 1307; x_wconf 89' lang='lat' dir='ltr'>Papa</span> <span class='ocrx_word' id='word_1_97' title='bbox 1179 1242 1286 1302; x_wconf 89' lang='lat' dir='ltr'>sibi,</span> <span class='ocrx_word' id='word_1_98' title='bbox 1313 1246 1414 1291; x_wconf 85' lang='lat' dir='ltr'>tum</span> <span class='ocrx_word' id='word_1_99' title='bbox 1438 1242 1542 1291; x_wconf 87' lang='lat' dir='ltr'>aliis</span> <span class='ocrx_word' id='word_1_100' title='bbox 1561 1241 1883 1291; x_wconf 80' lang='lat' dir='ltr'>cardinalibus</span> <span class='ocrx_word' id='word_1_101' title='bbox 1906 1245 1955 1290; x_wconf 86' lang='lat' dir='ltr'>et</span> 
     </span>
     <span class='ocr_line' id='line_1_13' title="bbox 158 1325 1951 1387; baseline 0 -13"><span class='ocrx_word' id='word_1_102' title='bbox 158 1325 352 1387; x_wconf 88' lang='lat' dir='ltr'>ceteris,</span> <span class='ocrx_word' id='word_1_103' title='bbox 379 1342 515 1376; x_wconf 88' lang='lat' dir='ltr'>more</span> <span class='ocrx_word' id='word_1_104' title='bbox 537 1327 697 1376; x_wconf 86' lang='lat' dir='ltr'>solito.</span> <span class='ocrx_word' id='word_1_105' title='bbox 731 1329 1020 1376; x_wconf 88' lang='lat' dir='ltr'>Sermonem</span> <span class='ocrx_word' id='word_1_106' title='bbox 1051 1326 1165 1376; x_wconf 90' lang='lat' dir='ltr'>fecit</span> <span class='ocrx_word' id='word_1_107' title='bbox 1187 1329 1242 1374; x_wconf 92' lang='lat' dir='ltr'>D.</span> <span class='ocrx_word' id='word_1_108' title='bbox 1273 1327 1519 1376; x_wconf 88' lang='lat' dir='ltr'>Johannes</span> <span class='ocrx_word' id='word_1_109' title='bbox 1541 1326 1825 1375; x_wconf 87' lang='lat' dir='ltr'>Franciscus</span> <span class='ocrx_word' id='word_1_110' title='bbox 1847 1328 1951 1374; x_wconf 92' lang='lat' dir='ltr'>Ma-</span> 
     </span>
     <span class='ocr_line' id='line_1_14' title="bbox 160 1410 1364 1477; baseline -0.004 -14"><span class='ocrx_word' id='word_1_111' title='bbox 160 1410 351 1472; x_wconf 78' lang='lat' dir='ltr'>rascha,</span> <span class='ocrx_word' id='word_1_112' title='bbox 377 1412 632 1477; x_wconf 85' lang='lat' dir='ltr'>acolythus</span> <span class='ocrx_word' id='word_1_113' title='bbox 654 1415 802 1476; x_wconf 90' lang='lat' dir='ltr'>Pape,</span> <span class='ocrx_word' id='word_1_114' title='bbox 826 1411 875 1459; x_wconf 90' lang='lat' dir='ltr'>in</span> <span class='ocrx_word' id='word_1_115' title='bbox 902 1411 1104 1460; x_wconf 88' lang='lat' dir='ltr'>rocheto</span> <span class='ocrx_word' id='word_1_116' title='bbox 1129 1415 1176 1459; x_wconf 90' lang='lat' dir='ltr'>et</span> <span class='ocrx_word' id='word_1_117' title='bbox 1193 1426 1364 1475; x_wconf 89' lang='lat' dir='ltr'>cappa.</span> 
     </span>
    </p>

    <p class='ocr_par' dir='ltr' id='par_1_4' title="bbox 158 1493 1958 1965">
     <span class='ocr_line' id='line_1_15' title="bbox 227 1493 1955 1560; baseline -0.001 -17"><span class='ocrx_word' id='word_1_118' title='bbox 227 1494 482 1544; x_wconf 90' lang='lat' dir='ltr'>Dominica</span> <span class='ocrx_word' id='word_1_119' title='bbox 511 1496 668 1560; x_wconf 91' lang='lat' dir='ltr'>prima</span> <span class='ocrx_word' id='word_1_120' title='bbox 697 1495 1087 1560; x_wconf 83' lang='lat' dir='ltr'>quadragesime,</span> <span class='ocrx_word' id='word_1_121' title='bbox 1119 1497 1174 1542; x_wconf 80' lang='lat' dir='ltr'>R.</span> <span class='ocrx_word' id='word_1_122' title='bbox 1208 1497 1262 1542; x_wconf 91' lang='lat' dir='ltr'>P.</span> <span class='ocrx_word' id='word_1_123' title='bbox 1289 1497 1345 1542; x_wconf 89' lang='lat' dir='ltr'>D.</span> <span class='ocrx_word' id='word_1_124' title='bbox 1369 1494 1654 1544; x_wconf 90' lang='lat' dir='ltr'>Eustachius</span> <span class='ocrx_word' id='word_1_125' title='bbox 1675 1493 1955 1559; x_wconf 86' lang='lat' dir='ltr'>Archiepis—</span> 
     </span>
     <span class='ocr_line' id='line_1_16' title="bbox 160 1578 1954 1644; baseline -0.002 -16"><span class='ocrx_word' id='word_1_126' title='bbox 160 1593 312 1644; x_wconf 81' lang='lat' dir='ltr'>copus</span> <span class='ocrx_word' id='word_1_127' title='bbox 337 1579 651 1640; x_wconf 76' lang='lat' dir='ltr'>ArelatensiS,</span> <span class='ocrx_word' id='word_1_128' title='bbox 686 1580 918 1629; x_wconf 85' lang='lat' dir='ltr'>assistens</span> <span class='ocrx_word' id='word_1_129' title='bbox 948 1582 1095 1644; x_wconf 90' lang='lat' dir='ltr'>Pape,</span> <span class='ocrx_word' id='word_1_130' title='bbox 1129 1578 1387 1628; x_wconf 84' lang='lat' dir='ltr'>celebravit</span> <span class='ocrx_word' id='word_1_131' title='bbox 1414 1578 1612 1628; x_wconf 88' lang='lat' dir='ltr'>missam</span> <span class='ocrx_word' id='word_1_132' title='bbox 1633 1579 1877 1644; x_wconf 87' lang='lat' dir='ltr'>publicam</span> <span class='ocrx_word' id='word_1_133' title='bbox 1906 1578 1954 1626; x_wconf 91' lang='lat' dir='ltr'>in</span> 
     </span>
     <span class='ocr_line' id='line_1_17' title="bbox 161 1662 1957 1729; baseline -0.002 -17"><span class='ocrx_word' id='word_1_134' title='bbox 161 1662 347 1727; x_wconf 83' lang='lat' dir='ltr'>capella</span> <span class='ocrx_word' id='word_1_135' title='bbox 367 1663 659 1728; x_wconf 89' lang='lat' dir='ltr'>supradicta,</span> <span class='ocrx_word' id='word_1_136' title='bbox 698 1666 827 1728; x_wconf 88' lang='lat' dir='ltr'>Papa</span> <span class='ocrx_word' id='word_1_137' title='bbox 854 1667 1099 1729; x_wconf 83' lang='lat' dir='ltr'>presente.</span> <span class='ocrx_word' id='word_1_138' title='bbox 1137 1666 1424 1712; x_wconf 89' lang='lat' dir='ltr'>Sermonem</span> <span class='ocrx_word' id='word_1_139' title='bbox 1455 1663 1571 1712; x_wconf 85' lang='lat' dir='ltr'>fecit</span> <span class='ocrx_word' id='word_1_140' title='bbox 1592 1663 1786 1727; x_wconf 90' lang='lat' dir='ltr'>quidam</span> <span class='ocrx_word' id='word_1_141' title='bbox 1808 1663 1957 1711; x_wconf 88' lang='lat' dir='ltr'>frater</span> 
     </span>
     <span class='ocr_line' id='line_1_18' title="bbox 158 1746 1956 1812; baseline 0 -18"><span class='ocrx_word' id='word_1_142' title='bbox 158 1746 520 1810; x_wconf 76' lang='lat' dir='ltr'>predicatorum</span> <span class='ocrx_word' id='word_1_143' title='bbox 565 1763 652 1812; x_wconf 90' lang='lat' dir='ltr'>per</span> <span class='ocrx_word' id='word_1_144' title='bbox 694 1752 1062 1812; x_wconf 87' lang='lat' dir='ltr'>procuratorem</span> <span class='ocrx_word' id='word_1_145' title='bbox 1112 1747 1332 1812; x_wconf 87' lang='lat' dir='ltr'>ejusdem</span> <span class='ocrx_word' id='word_1_146' title='bbox 1380 1747 1585 1796; x_wconf 89' lang='lat' dir='ltr'>ordinis.</span> <span class='ocrx_word' id='word_1_147' title='bbox 1638 1748 1745 1796; x_wconf 88' lang='lat' dir='ltr'>Alia</span> <span class='ocrx_word' id='word_1_148' title='bbox 1792 1746 1956 1796; x_wconf 89' lang='lat' dir='ltr'>omnia</span> 
     </span>
     <span class='ocr_line' id='line_1_19' title="bbox 160 1829 1958 1897; baseline 0 -18"><span class='ocrx_word' id='word_1_149' title='bbox 160 1829 414 1894; x_wconf 85' lang='lat' dir='ltr'>observata</span> <span class='ocrx_word' id='word_1_150' title='bbox 430 1836 544 1880; x_wconf 86' lang='lat' dir='ltr'>sunt</span> <span class='ocrx_word' id='word_1_151' title='bbox 560 1832 770 1897; x_wconf 90' lang='lat' dir='ltr'>proutin</span> <span class='ocrx_word' id='word_1_152' title='bbox 789 1833 1107 1883; x_wconf 89' lang='lat' dir='ltr'>ceremoniali</span> <span class='ocrx_word' id='word_1_153' title='bbox 1125 1833 1395 1893; x_wconf 81' lang='lat' dir='ltr'>ordinatur,</span> <span class='ocrx_word' id='word_1_154' title='bbox 1427 1848 1519 1897; x_wconf 90' lang='lat' dir='ltr'>que</span> <span class='ocrx_word' id='word_1_155' title='bbox 1545 1835 1657 1880; x_wconf 88' lang='lat' dir='ltr'>sunt</span> <span class='ocrx_word' id='word_1_156' title='bbox 1671 1831 1958 1880; x_wconf 91' lang='lat' dir='ltr'>duodecima</span> 
     </span>
     <span class='ocr_line' id='line_1_20' title="bbox 160 1913 1168 1965; baseline 0.001 -2"><span class='ocrx_word' id='word_1_157' title='bbox 160 1913 410 1965; x_wconf 87' lang='lat' dir='ltr'>februarii.</span> <span class='ocrx_word' id='word_1_158' title='bbox 1150 1925 1168 1933; x_wconf 81' lang='grc'><em>“</em></span> 
     </span>
    </p>

    <p class='ocr_par' dir='ltr' id='par_1_5' title="bbox 161 2000 1958 2316">
     <span class='ocr_line' id='line_1_21' title="bbox 229 2000 1957 2067; baseline 0.001 -19"><span class='ocrx_word' id='word_1_159' title='bbox 229 2000 483 2051; x_wconf 87' lang='lat' dir='ltr'>Dominica</span> <span class='ocrx_word' id='word_1_160' title='bbox 531 2002 746 2051; x_wconf 89' lang='lat' dir='ltr'>secunda</span> <span class='ocrx_word' id='word_1_161' title='bbox 791 2003 1179 2067; x_wconf 87' lang='lat' dir='ltr'>quadragesime,</span> <span class='ocrx_word' id='word_1_162' title='bbox 1243 2006 1299 2052; x_wconf 88' lang='lat'>18</span> <span class='ocrx_word' id='word_1_163' title='bbox 1340 2001 1586 2060; x_wconf 86' lang='lat' dir='ltr'>februarii,</span> <span class='ocrx_word' id='word_1_164' title='bbox 1642 2003 1699 2049; x_wconf 90' lang='lat' dir='ltr'>D.</span> <span class='ocrx_word' id='word_1_165' title='bbox 1746 2000 1957 2049; x_wconf 91' lang='lat' dir='ltr'>Thomas</span> 
     </span>
     <span class='ocr_line' id='line_1_22' title="bbox 161 2082 1958 2152; baseline 0.001 -21"><span class='ocrx_word' id='word_1_166' title='bbox 161 2082 420 2149; x_wconf 84' lang='lat' dir='ltr'>episcopus</span> <span class='ocrx_word' id='word_1_167' title='bbox 440 2085 683 2145; x_wconf 80' lang='lat' dir='ltr'>DolensiS,</span> <span class='ocrx_word' id='word_1_168' title='bbox 709 2086 942 2136; x_wconf 84' lang='lat' dir='ltr'>assistens</span> <span class='ocrx_word' id='word_1_169' title='bbox 973 2089 1119 2152; x_wconf 88' lang='lat' dir='ltr'>Pape,</span> <span class='ocrx_word' id='word_1_170' title='bbox 1150 2087 1287 2136; x_wconf 89' lang='lat' dir='ltr'>celeb</span> <span class='ocrx_word' id='word_1_171' title='bbox 1300 2086 1415 2135; x_wconf 85' lang='lat' dir='ltr'>ravit</span> <span class='ocrx_word' id='word_1_172' title='bbox 1431 2085 1629 2134; x_wconf 90' lang='lat' dir='ltr'>missam</span> <span class='ocrx_word' id='word_1_173' title='bbox 1650 2085 1891 2150; x_wconf 86' lang='lat' dir='ltr'>publicam</span> <span class='ocrx_word' id='word_1_174' title='bbox 1908 2084 1958 2133; x_wconf 91' lang='lat' dir='ltr'>in</span> 
     </span>
     <span class='ocr_line' id='line_1_23' title="bbox 162 2166 1957 2234; baseline 0 -16"><span class='ocrx_word' id='word_1_175' title='bbox 162 2166 348 2230; x_wconf 72' lang='lat' dir='ltr'>capella</span> <span class='ocrx_word' id='word_1_176' title='bbox 369 2169 662 2232; x_wconf 87' lang='lat' dir='ltr'>supradicta,</span> <span class='ocrx_word' id='word_1_177' title='bbox 701 2172 831 2233; x_wconf 87' lang='lat' dir='ltr'>Papa</span> <span class='ocrx_word' id='word_1_178' title='bbox 862 2175 1108 2234; x_wconf 82' lang='lat' dir='ltr'>presente,</span> <span class='ocrx_word' id='word_1_179' title='bbox 1154 2170 1400 2220; x_wconf 88' lang='lat' dir='ltr'>consuetis</span> <span class='ocrx_word' id='word_1_180' title='bbox 1424 2169 1732 2220; x_wconf 86' lang='lat' dir='ltr'>ceremoniis.</span> <span class='ocrx_word' id='word_1_181' title='bbox 1760 2172 1957 2219; x_wconf 91' lang='lat' dir='ltr'>Sermo-</span> 
     </span>
     <span class='ocr_line' id='line_1_24' title="bbox 163 2249 1884 2316; baseline 0.005 -19"><span class='ocrx_word' id='word_1_182' title='bbox 163 2263 279 2298; x_wconf 89' lang='lat' dir='ltr'>nem</span> <span class='ocrx_word' id='word_1_183' title='bbox 294 2249 408 2299; x_wconf 82' lang='lat' dir='ltr'>fecit</span> <span class='ocrx_word' id='word_1_184' title='bbox 427 2256 711 2316; x_wconf 89' lang='lat' dir='ltr'>procurator</span> <span class='ocrx_word' id='word_1_185' title='bbox 733 2253 916 2301; x_wconf 90' lang='lat' dir='ltr'>ordinis</span> <span class='ocrx_word' id='word_1_186' title='bbox 938 2254 1199 2303; x_wconf 90' lang='lat' dir='ltr'>minorum.</span> <span class='ocrx_word' id='word_1_187' title='bbox 1869 2255 1884 2276; x_wconf 67' lang='lat'>⁸</span> 
     </span>
    </p>

    <p class='ocr_par' dir='ltr' id='par_1_6' title="bbox 159 2323 1958 3309">
     <span class='ocr_line' id='line_1_25' title="bbox 228 2323 1957 2404; baseline 0.003 -22"><span class='ocrx_word' id='word_1_188' title='bbox 228 2333 369 2383; x_wconf 87' lang='lat' dir='ltr'>Feria</span> <span class='ocrx_word' id='word_1_189' title='bbox 400 2335 560 2395; x_wconf 88' lang='lat' dir='ltr'>tertia,</span> <span class='ocrx_word' id='word_1_190' title='bbox 604 2339 658 2384; x_wconf 78' lang='lat'>21</span> <span class='ocrx_word' id='word_1_191' title='bbox 708 2323 959 2397; x_wconf 74' lang='lat' dir='ltr'>februarii,</span> <span class='ocrx_word' id='word_1_192' title='bbox 1004 2338 1052 2386; x_wconf 90' lang='lat' dir='ltr'>in</span> <span class='ocrx_word' id='word_1_193' title='bbox 1094 2338 1302 2388; x_wconf 88' lang='lat' dir='ltr'>ecclesia</span> <span class='ocrx_word' id='word_1_194' title='bbox 1344 2339 1596 2404; x_wconf 88' lang='lat' dir='ltr'>hospitalis</span> <span class='ocrx_word' id='word_1_195' title='bbox 1631 2338 1957 2403; x_wconf 88' lang='lat' dir='ltr'>Hispanorum</span> 
     </span>
     <span class='ocr_line' id='line_1_26' title="bbox 162 2415 1958 2488; baseline 0.003 -22"><span class='ocrx_word' id='word_1_196' title='bbox 162 2415 324 2467; x_wconf 83' lang='lat' dir='ltr'>habite</span> <span class='ocrx_word' id='word_1_197' title='bbox 358 2424 469 2467; x_wconf 91' lang='lat' dir='ltr'>sunt</span> <span class='ocrx_word' id='word_1_198' title='bbox 506 2421 707 2484; x_wconf 83' lang='lat' dir='ltr'>exequie</span> <span class='ocrx_word' id='word_1_199' title='bbox 746 2421 872 2470; x_wconf 89' lang='lat' dir='ltr'>bone</span> <span class='ocrx_word' id='word_1_200' title='bbox 906 2423 1142 2472; x_wconf 88' lang='lat' dir='ltr'>memorie</span> <span class='ocrx_word' id='word_1_201' title='bbox 1185 2426 1242 2472; x_wconf 92' lang='lat' dir='ltr'>D.</span> <span class='ocrx_word' id='word_1_202' title='bbox 1266 2423 1521 2487; x_wconf 91' lang='lat' dir='ltr'>Alphonsi‚</span> <span class='ocrx_word' id='word_1_203' title='bbox 1546 2423 1761 2488; x_wconf 91' lang='lat' dir='ltr'>episcopi</span> <span class='ocrx_word' id='word_1_204' title='bbox 1789 2422 1958 2472; x_wconf 87' lang='lat' dir='ltr'>Civita—</span> 
     </span>
     <span class='ocr_line' id='line_1_27' title="bbox 162 2501 1951 2571; baseline 0.003 -22"><span class='ocrx_word' id='word_1_205' title='bbox 162 2501 330 2550; x_wconf 73' lang='lat' dir='ltr'>tensis.</span> <span class='ocrx_word' id='word_1_206' title='bbox 367 2502 565 2552; x_wconf 84' lang='lat' dir='ltr'>Missam</span> <span class='ocrx_word' id='word_1_207' title='bbox 594 2505 838 2568; x_wconf 90' lang='lat' dir='ltr'>publicam</span> <span class='ocrx_word' id='word_1_208' title='bbox 869 2506 1128 2555; x_wconf 89' lang='lat' dir='ltr'>celebravit</span> <span class='ocrx_word' id='word_1_209' title='bbox 1153 2510 1207 2556; x_wconf 89' lang='lat' dir='ltr'>R.</span> <span class='ocrx_word' id='word_1_210' title='bbox 1242 2511 1293 2556; x_wconf 88' lang='lat' dir='ltr'>P.</span> <span class='ocrx_word' id='word_1_211' title='bbox 1325 2511 1383 2556; x_wconf 92' lang='lat' dir='ltr'>D.</span> <span class='ocrx_word' id='word_1_212' title='bbox 1416 2507 1666 2571; x_wconf 89' lang='lat' dir='ltr'>Philippus</span> <span class='ocrx_word' id='word_1_213' title='bbox 1685 2507 1951 2571; x_wconf 89' lang='lat' dir='ltr'>archiepis-</span> 
     </span>
     <span class='ocr_line' id='line_1_28' title="bbox 160 2586 1951 2657; baseline 0.004 -25"><span class='ocrx_word' id='word_1_214' title='bbox 160 2599 326 2650; x_wconf 89' lang='lat' dir='ltr'>copus.</span> <span class='ocrx_word' id='word_1_215' title='bbox 361 2586 696 2637; x_wconf 90' lang='lat' dir='ltr'>Antibarensis</span> <span class='ocrx_word' id='word_1_216' title='bbox 730 2588 811 2654; x_wconf 93' lang='lat' dir='ltr'>qui</span> <span class='ocrx_word' id='word_1_217' title='bbox 842 2589 992 2649; x_wconf 81' lang='lat' dir='ltr'>soluS,</span> <span class='ocrx_word' id='word_1_218' title='bbox 1022 2595 1132 2654; x_wconf 87' lang='lat' dir='ltr'>post</span> <span class='ocrx_word' id='word_1_219' title='bbox 1160 2607 1438 2641; x_wconf 88' lang='lat' dir='ltr'>sermonem</span> <span class='ocrx_word' id='word_1_220' title='bbox 1462 2608 1607 2656; x_wconf 91' lang='lat' dir='ltr'>quem</span> <span class='ocrx_word' id='word_1_221' title='bbox 1635 2592 1747 2641; x_wconf 87' lang='lat' dir='ltr'>fecit</span> <span class='ocrx_word' id='word_1_222' title='bbox 1773 2607 1951 2657; x_wconf 89' lang='lat' dir='ltr'>procu-</span> 
     </span>
     <span class='ocr_line' id='line_1_29' title="bbox 162 2669 1945 2743; baseline 0.006 -29"><span class='ocrx_word' id='word_1_223' title='bbox 162 2669 498 2720; x_wconf 86' lang='lat' dir='ltr'>rator.ordinis</span> <span class='ocrx_word' id='word_1_224' title='bbox 526 2672 732 2743; x_wconf 86' lang='lat' dir='ltr'>fratrum</span> <span class='ocrx_word' id='word_1_225' title='bbox 757 2674 1106 2724; x_wconf 89' lang='lat' dir='ltr'>heremitarum</span> <span class='ocrx_word' id='word_1_226' title='bbox 1129 2692 1168 2723; x_wconf 90' lang='lat' dir='ltr'>s.</span> <span class='ocrx_word' id='word_1_227' title='bbox 1192 2676 1463 2740; x_wconf 84' lang='lat' dir='ltr'>Augustini,</span> <span class='ocrx_word' id='word_1_228' title='bbox 1496 2676 1756 2726; x_wconf 85' lang='lat' dir='ltr'>benedixit.</span> <span class='ocrx_word' id='word_1_229' title='bbox 1774 2680 1945 2725; x_wconf 92' lang='lat' dir='ltr'>Rmus.</span> 
     </span>
     <span class='ocr_line' id='line_1_30' title="bbox 162 2752 1944 2824; baseline 0.006 -25"><span class='ocrx_word' id='word_1_230' title='bbox 162 2753 220 2799; x_wconf 90' lang='lat' dir='ltr'>D.</span> <span class='ocrx_word' id='word_1_231' title='bbox 245 2752 501 2803; x_wconf 86' lang='lat' dir='ltr'>cardinalis</span> <span class='ocrx_word' id='word_1_232' title='bbox 524 2757 753 2805; x_wconf 88' lang='lat' dir='ltr'>Senensis</span> <span class='ocrx_word' id='word_1_233' title='bbox 772 2773 827 2806; x_wconf 92' lang='lat' dir='ltr'>ac</span> <span class='ocrx_word' id='word_1_234' title='bbox 849 2759 1156 2823; x_wconf 87' lang='lat' dir='ltr'>quamplures</span> <span class='ocrx_word' id='word_1_235' title='bbox 1177 2760 1346 2823; x_wconf 90' lang='lat' dir='ltr'>prelati</span> <span class='ocrx_word' id='word_1_236' title='bbox 1372 2764 1418 2809; x_wconf 91' lang='lat' dir='ltr'>et</span> <span class='ocrx_word' id='word_1_237' title='bbox 1439 2760 1758 2824; x_wconf 90' lang='lat' dir='ltr'>quorumdam</span> <span class='ocrx_word' id='word_1_238' title='bbox 1787 2761 1944 2809; x_wconf 90' lang='lat' dir='ltr'>cardi-</span> 
     </span>
     <span class='ocr_line' id='line_1_31' title="bbox 163 2833 1946 2909; baseline 0.006 -27"><span class='ocrx_word' id='word_1_239' title='bbox 163 2834 341 2883; x_wconf 82' lang='lat' dir='ltr'>nalium</span> <span class='ocrx_word' id='word_1_240' title='bbox 371 2833 550 2887; x_wconf 84' lang='lat' dir='ltr'>familie</span> <span class='ocrx_word' id='word_1_241' title='bbox 571 2839 911 2890; x_wconf 80' lang='lat' dir='ltr'>interfuerunt.</span> <span class='ocrx_word' id='word_1_242' title='bbox 941 2841 1078 2891; x_wconf 88' lang='lat' dir='ltr'>Circa</span> <span class='ocrx_word' id='word_1_243' title='bbox 1104 2844 1391 2893; x_wconf 85' lang='lat' dir='ltr'>catalectum</span> <span class='ocrx_word' id='word_1_244' title='bbox 1412 2845 1570 2909; x_wconf 92' lang='lat' dir='ltr'>posita</span> <span class='ocrx_word' id='word_1_245' title='bbox 1592 2845 1786 2894; x_wconf 88' lang='lat' dir='ltr'>fuerunt</span> <span class='ocrx_word' id='word_1_246' title='bbox 1812 2861 1946 2893; x_wconf 78' lang='lat' dir='ltr'>xxiiii</span> 
     </span>
     <span class='ocr_line' id='line_1_32' title="bbox 162 2913 1946 2991; baseline 0.005 -25"><span class='ocrx_word' id='word_1_247' title='bbox 162 2913 418 2980; x_wconf 86' lang='lat' dir='ltr'>intorticia,</span> <span class='ocrx_word' id='word_1_248' title='bbox 442 2937 492 2969; x_wconf 80' lang='lat' dir='ltr'>xi</span> <span class='ocrx_word' id='word_1_249' title='bbox 509 2922 645 2971; x_wconf 82' lang='lat' dir='ltr'>circa</span> <span class='ocrx_word' id='word_1_250' title='bbox 673 2924 983 2988; x_wconf 88' lang='lat' dir='ltr'>sepulchrum</span> <span class='ocrx_word' id='word_1_251' title='bbox 1011 2930 1059 2974; x_wconf 90' lang='lat' dir='ltr'>et</span> <span class='ocrx_word' id='word_1_252' title='bbox 1083 2942 1130 2974; x_wconf 76' lang='lat' dir='ltr'>vi</span> <span class='ocrx_word' id='word_1_253' title='bbox 1156 2927 1266 2975; x_wconf 88' lang='lat' dir='ltr'>data</span> <span class='ocrx_word' id='word_1_254' title='bbox 1287 2944 1375 2991; x_wconf 89' lang='lat' dir='ltr'>per</span> <span class='ocrx_word' id='word_1_255' title='bbox 1398 2928 1686 2977; x_wconf 88' lang='lat' dir='ltr'>sacramenti</span> <span class='ocrx_word' id='word_1_256' title='bbox 1718 2927 1946 2976; x_wconf 85' lang='lat' dir='ltr'>elevatio-</span> 
     </span>
     <span class='ocr_line' id='line_1_33' title="bbox 163 3004 1941 3070; baseline 0.005 -20"><span class='ocrx_word' id='word_1_257' title='bbox 163 3018 275 3051; x_wconf 91' lang='lat' dir='ltr'>nem</span> <span class='ocrx_word' id='word_1_258' title='bbox 292 3019 302 3063; x_wconf 89' lang='lat'>;</span> <span class='ocrx_word' id='word_1_259' title='bbox 320 3004 517 3068; x_wconf 87' lang='lat' dir='ltr'>prelatis</span> <span class='ocrx_word' id='word_1_260' title='bbox 534 3011 582 3054; x_wconf 88' lang='lat' dir='ltr'>et</span> <span class='ocrx_word' id='word_1_261' title='bbox 596 3006 797 3057; x_wconf 85' lang='lat' dir='ltr'>funestis</span> <span class='ocrx_word' id='word_1_262' title='bbox 813 3008 922 3057; x_wconf 91' lang='lat' dir='ltr'>date</span> <span class='ocrx_word' id='word_1_263' title='bbox 937 3015 1046 3058; x_wconf 90' lang='lat' dir='ltr'>sunt</span> <span class='ocrx_word' id='word_1_264' title='bbox 1062 3010 1260 3059; x_wconf 89' lang='lat' dir='ltr'>candele</span> <span class='ocrx_word' id='word_1_265' title='bbox 1275 3012 1416 3059; x_wconf 89' lang='lat' dir='ltr'>unius</span> <span class='ocrx_word' id='word_1_266' title='bbox 1431 3011 1570 3068; x_wconf 89' lang='lat' dir='ltr'>libre,</span> <span class='ocrx_word' id='word_1_267' title='bbox 1589 3012 1692 3060; x_wconf 90' lang='lat' dir='ltr'>aliis</span> <span class='ocrx_word' id='word_1_268' title='bbox 1711 3011 1941 3070; x_wconf 90' lang='lat' dir='ltr'>minores;</span> 
     </span>
     <span class='ocr_line' id='line_1_34' title="bbox 161 3084 1943 3144; baseline 0.006 -13"><span class='ocrx_word' id='word_1_269' title='bbox 161 3084 389 3134; x_wconf 86' lang='lat' dir='ltr'>cardinali</span> <span class='ocrx_word' id='word_1_270' title='bbox 411 3088 675 3138; x_wconf 86' lang='lat' dir='ltr'>celebranti</span> <span class='ocrx_word' id='word_1_271' title='bbox 698 3097 745 3139; x_wconf 91' lang='lat' dir='ltr'>et</span> <span class='ocrx_word' id='word_1_272' title='bbox 767 3091 920 3139; x_wconf 86' lang='lat' dir='ltr'>oranti</span> <span class='ocrx_word' id='word_1_273' title='bbox 948 3092 1059 3140; x_wconf 88' lang='lat' dir='ltr'>data</span> <span class='ocrx_word' id='word_1_274' title='bbox 1083 3097 1190 3141; x_wconf 92' lang='lat' dir='ltr'>sunt</span> <span class='ocrx_word' id='word_1_275' title='bbox 1211 3094 1468 3144; x_wconf 87' lang='lat' dir='ltr'>intorticia.</span> <span class='ocrx_word' id='word_1_276' title='bbox 1489 3098 1637 3143; x_wconf 90' lang='lat' dir='ltr'>Arma</span> <span class='ocrx_word' id='word_1_277' title='bbox 1658 3094 1872 3143; x_wconf 88' lang='lat' dir='ltr'>defuncti</span> <span class='ocrx_word' id='word_1_278' title='bbox 1895 3093 1943 3141; x_wconf 92' lang='lat' dir='ltr'>in</span> 
     </span>
     <span class='ocr_line' id='line_1_35' title="bbox 160 3169 1944 3242; baseline 0.006 -26"><span class='ocrx_word' id='word_1_279' title='bbox 160 3169 304 3217; x_wconf 87' lang='lat' dir='ltr'>cartis</span> <span class='ocrx_word' id='word_1_280' title='bbox 334 3169 522 3235; x_wconf 84' lang='lat' dir='ltr'>depicta</span> <span class='ocrx_word' id='word_1_281' title='bbox 554 3176 706 3224; x_wconf 89' lang='lat' dir='ltr'>muris</span> <span class='ocrx_word' id='word_1_282' title='bbox 740 3180 788 3224; x_wconf 91' lang='lat' dir='ltr'>et</span> <span class='ocrx_word' id='word_1_283' title='bbox 821 3176 1059 3224; x_wconf 89' lang='lat' dir='ltr'>columnis</span> <span class='ocrx_word' id='word_1_284' title='bbox 1101 3177 1306 3226; x_wconf 84' lang='lat' dir='ltr'>ecclesie</span> <span class='ocrx_word' id='word_1_285' title='bbox 1349 3179 1494 3227; x_wconf 85' lang='lat' dir='ltr'>affixa</span> <span class='ocrx_word' id='word_1_286' title='bbox 1528 3180 1734 3236; x_wconf 86' lang='lat' dir='ltr'>fuerunt,</span> <span class='ocrx_word' id='word_1_287' title='bbox 1779 3183 1944 3242; x_wconf 89' lang='lat' dir='ltr'>preter</span> 
     </span>
     <span class='ocr_line' id='line_1_36' title="bbox 159 3251 1432 3309; baseline 0.005 -9"><span class='ocrx_word' id='word_1_288' title='bbox 159 3251 512 3302; x_wconf 86' lang='lat' dir='ltr'>ordinationem</span> <span class='ocrx_word' id='word_1_289' title='bbox 530 3273 708 3307; x_wconf 88' lang='lat' dir='ltr'>meam.</span> <span class='ocrx_word' id='word_1_290' title='bbox 730 3259 836 3307; x_wconf 88' lang='lat' dir='ltr'>Alia</span> <span class='ocrx_word' id='word_1_291' title='bbox 854 3274 990 3308; x_wconf 91' lang='lat' dir='ltr'>more</span> <span class='ocrx_word' id='word_1_292' title='bbox 1013 3259 1153 3308; x_wconf 87' lang='lat' dir='ltr'>solito</span> <span class='ocrx_word' id='word_1_293' title='bbox 1173 3266 1276 3309; x_wconf 87' lang='lat' dir='ltr'>acta</span> <span class='ocrx_word' id='word_1_294' title='bbox 1299 3267 1432 3309; x_wconf 89' lang='lat' dir='ltr'>sunt.</span> 
     </span>
    </p>

    <p class='ocr_par' dir='ltr' id='par_1_7' title="bbox 164 3337 1949 3493">
     <span class='ocr_line' id='line_1_37' title="bbox 225 3337 1949 3406; baseline 0.005 -21"><span class='ocrx_word' id='word_1_295' title='bbox 225 3337 479 3406; x_wconf 90' lang='lat' dir='ltr'>Dominica</span> <span class='ocrx_word' id='word_1_296' title='bbox 498 3340 640 3388; x_wconf 88' lang='lat' dir='ltr'>tertia</span> <span class='ocrx_word' id='word_1_297' title='bbox 659 3341 1046 3406; x_wconf 88' lang='lat' dir='ltr'>quadragesime,</span> <span class='ocrx_word' id='word_1_298' title='bbox 1074 3345 1132 3389; x_wconf 75' lang='lat'>26</span> <span class='ocrx_word' id='word_1_299' title='bbox 1158 3342 1401 3402; x_wconf 86' lang='lat' dir='ltr'>februarii,</span> <span class='ocrx_word' id='word_1_300' title='bbox 1428 3346 1482 3390; x_wconf 88' lang='lat' dir='ltr'>R.</span> <span class='ocrx_word' id='word_1_301' title='bbox 1511 3345 1563 3391; x_wconf 84' lang='lat' dir='ltr'>P.</span> <span class='ocrx_word' id='word_1_302' title='bbox 1590 3346 1645 3391; x_wconf 89' lang='lat' dir='ltr'>D.</span> <span class='ocrx_word' id='word_1_303' title='bbox 1675 3344 1949 3394; x_wconf 87' lang='lat' dir='ltr'>Leonardus</span> 
     </span>
     <span class='ocr_line' id='line_1_38' title="bbox 164 3421 1949 3493; baseline 0.004 -23"><span class='ocrx_word' id='word_1_304' title='bbox 164 3421 420 3487; x_wconf 89' lang='lat' dir='ltr'>episcopus</span> <span class='ocrx_word' id='word_1_305' title='bbox 458 3423 859 3489; x_wconf 84' lang='lat' dir='ltr'>AlbenganensiS,</span> <span class='ocrx_word' id='word_1_306' title='bbox 908 3426 1110 3476; x_wconf 90' lang='lat' dir='ltr'>vicarius</span> <span class='ocrx_word' id='word_1_307' title='bbox 1152 3429 1296 3492; x_wconf 85' lang='lat' dir='ltr'>Pape,</span> <span class='ocrx_word' id='word_1_308' title='bbox 1337 3427 1596 3476; x_wconf 87' lang='lat' dir='ltr'>celebravit</span> <span class='ocrx_word' id='word_1_309' title='bbox 1628 3427 1825 3476; x_wconf 92' lang='lat' dir='ltr'>missam</span> <span class='ocrx_word' id='word_1_310' title='bbox 1859 3445 1949 3493; x_wconf 92' lang='lat' dir='ltr'>pu-</span> 
     </span>
    </p>
   </div>
  </div>
 </body>
</html>
