2262 3958
164 338 448 384 [Octobr01485]
604 334 774 371 RERUM
806 332 1113 371 URBANARUM
1147 331 1500 370 COMMENTARII.
1886 336 1953 372 153

228 442 368 491 Feria
387 439 561 505 prima,
588 442 638 486 11
669 436 783 485 dicti
806 436 988 484 mensis
1010 436 1316 500 septembris,
1349 435 1727 485 anniversarium
1746 453 1952 487 corona-

162 526 307 576 tionis
329 527 414 574 SS.
437 527 494 573 D.
528 526 583 572 N.
620 520 883 570 Innocentii
911 535 1034 584 pape
1064 521 1170 569 VIII
1204 523 1366 568 Rmus.
1398 522 1452 567 D.
1485 520 1740 569 cardinalis
1767 522 1953 570 Medio-

158 607 373 658 lanensis
427 608 476 655 in
532 607 717 671 capella
776 603 1050 668 supradicta
1108 603 1370 651 celebravit
1427 604 1625 652 missam
1679 605 1947 654 solemnem

159 692 403 742 consuetis
428 690 736 748 ceremoniis,
768 691 896 751 Papa
928 690 1175 750 presente.
1215 689 1446 735 Cantores
1479 687 1703 736 dixerunt
1731 705 1946 752 prosam,

160 781 209 826 et
237 775 331 824 alia
358 791 494 824 more
526 773 683 823 solit0.
730 774 844 819 Post
878 769 1153 833 prandium,
1187 773 1410 818 cantores
1443 776 1677 820 venerunt
1706 773 1767 820 ad
1796 774 1952 837 ponti-

158 859 302 908 ficem
321 859 403 923 qui
424 858 617 907 cuilibet
644 869 812 903 eorum
843 856 891 900 et
919 851 1063 899 etiam
1091 852 1298 899 Johanni
1329 852 1480 900 Marie
1511 853 1644 901 socio
1680 871 1788 903 meo
1817 856 1949 905 dedit

157 958 306 991 unum
332 942 557 1004 ducatum
584 938 687 987 auri
714 937 773 985 de
804 951 999 985 camera
1024 951 1203 984 novum
1218 951 1305 1000 pro
1323 936 1541 999 jucundo
1573 939 1771 985 secundi
1790 941 1951 1002 ponti-

161 1027 330 1075 ficatus
349 1024 423 1072 sui
444 1023 662 1072 introitu.

222 1109 276 1155 In
310 1110 454 1156 nocte
485 1105 723 1169 sequenti,
746 1104 822 1153 die
852 1103 1096 1152 dominica
1122 1107 1179 1151 16
1208 1103 1391 1152 mensis
1414 1104 1627 1171 octobris
1650 1106 1780 1154 circa
1803 1107 1952 1171 septi-

155 1206 285 1240 mam
312 1191 485 1239 horam
517 1189 674 1237 noctis
704 1191 760 1236 R.
797 1187 848 1235 in
884 1187 1073 1235 Christo
1111 1190 1164 1235 P.
1195 1191 1243 1236 et
1264 1190 1333 1235 D.
1370 1191 1582 1237 Joannes
1615 1189 1673 1237 de
1709 1190 1952 1254 Aragonia

157 1274 340 1324 titulis.
365 1274 540 1323 Sabine
566 1273 822 1337 presbyter
847 1271 977 1334 regis
1004 1271 1304 1335 Neapolitani
1335 1271 1482 1331 filius,
1513 1275 1664 1320 Rome
1694 1272 1740 1320 in
1773 1274 1950 1338 palatio

158 1373 264 1419 suo,
288 1356 416 1423 apud
435 1355 694 1405 ecclesiam
720 1354 873 1402 sancti
898 1353 1142 1402 Laurentii
1174 1354 1223 1401 in
1249 1355 1429 1404 Lucina
1456 1355 1583 1403 diem
1608 1356 1777 1404 clausit
1799 1361 1952 1404 extre-

158 1458 310 1500 mum,
335 1425 472 1506 cujus
491 1439 653 1488 anima
676 1438 948 1503 requiescat
970 1437 1018 1485 in
1039 1454 1160 1502 pace
1183 1438 1263 1504 (1).
1403 1492 1406 1494 ,

227 1525 315 1575 Die
341 1524 488 1590 igitur
513 1523 734 1587 sequenti
752 1522 811 1588 {in
843 1537 986 1570 mane
1013 1523 1074 1570 ad
1112 1523 1397 1571 mandatum
1438 1525 1566 1573 Rmi.
1603 1528 1660 1573 D.
1696 1525 1950 1574 cardinalis

161 1609 463 1674 Neapolitani
485 1607 699 1657 ordinavi
719 1623 807 1671 pro
828 1607 996 1654 funere
1014 1607 1309 1656 necessaria.
1334 1608 1506 1658 Vocati
1529 1609 1723 1657 fuerunt
1744 1608 1951 1672 capitula

163 1710 204 1742 s.
225 1693 460 1742 Johannis
481 1691 820 1740 Lateranensis
857 1694 905 1738 et
934 1707 974 1738 s.
1005 1690 1152 1750 Petri,
1183 1707 1222 1739 s.
1253 1691 1404 1740 Marie
1430 1693 1644 1756 Majoris,
1671 1709 1707 1741 s.
1742 1691 1867 1742 Celsi
1904 1697 1950 1742 et

163 1794 203 1826 s.
228 1776 474 1825 Eustachii
501 1775 819 1825 ecclesiarum
849 1790 906 1822 ac
937 1791 976 1822 s.
1012 1775 1256 1823 Laurentii
1283 1775 1332 1823 in
1361 1778 1594 1836 Damaso,
1623 1777 1878 1825 comitatus
1908 1794 1946 1825 s.

162 1860 312 1910 Marie
339 1860 399 1908 de
432 1859 662 1918 Minerva,
704 1874 743 1906 S.
789 1858 985 1918 Sabine,
1021 1864 1298 1906 sanctorum
1332 1860 1679 1924 apostolorum,
1720 1877 1759 1908 s.
1802 1860 1950 1909 Marie

161 1943 371 2003 Araceli,
393 1961 432 1993 s.
460 1942 737 2006 Augustini,
769 1959 807 1991 s.
829 1942 979 1991 Marie
1010 1943 1069 1991 de
1098 1943 1301 2007 Populo,
1327 1960 1366 1992 s.
1399 1944 1614 1993 Marcelli
1631 1948 1678 1992 et
1700 1961 1739 1992 s.
1758 1944 1951 1994 Martini

162 2029 212 2077 in
239 2029 502 2090 montibus,
533 2028 954 2078 confraternitates
984 2027 1241 2076 Salvatoris
1273 2027 1322 2077 ‘et
1357 2045 1395 2076 s.
1440 2028 1590 2077 Marie
1626 2029 1947 2089 Annunciate,

163 2113 302 2177 cujus
323 2112 569 2162 confrater
596 2113 700 2177 ipse
734 2112 800 2159 sui
830 2116 878 2160 et
909 2105 1206 2160 camerarius
1234 2112 1350 2160 cleri
1382 2112 1522 2161 Urbis
1556 2128 1668 2161 cum
1696 2112 1796 2160 suis
1822 2128 1955 2176 pres-

165 2196 345 2262 byteris
381 2211 588 2259 quorum
631 2211 801 2244 omnes
843 2199 1098 2254 venerunt,
1137 2195 1345 2259 demptis
1382 2196 1601 2260 capitulis
1637 2213 1676 2244 s.
1717 2196 1953 2244 Johannis

167 2279 524 2340 Lateranensis,
548 2295 586 2327 s.
608 2279 756 2328 Marie
769 2279 966 2342 maj0ris
981 2283 1086 2327 ets.
1106 2280 1351 2327 Eustachii
1367 2295 1423 2328 ac
1443 2283 1682 2328 conventu
1698 2295 1737 2327 s.
1763 2279 1952 2328 Martini

166 2363 216 2411 in
245 2363 508 2424 montibus,
546 2368 714 2412 vocate
748 2362 894 2411 etiam
931 2363 1124 2411 fuerunt
1157 2362 1336 2412 familie
1371 2365 1589 2413 omnium
1619 2364 1950 2423 cardinalium,

166 2447 359 2509 deinde,
411 2448 542 2496 circa
588 2447 760 2496 horam
806 2462 1121 2511 vesperorum
1167 2449 1398 2497 defuncto
1449 2449 1692 2498 cardinale
1747 2450 1796 2497 in
1848 2449 1955 2497 aula

165 2547 343 2596 magna
360 2531 474 2580 dicti
493 2531 659 2596 palatii
680 2531 860 2596 posit0,
894 2535 940 2580 et
968 2531 1099 2580 circa
1127 2532 1285 2597 ipsum
1309 2533 1475 2597 viginti
1499 2533 1753 2582 intorticiis
1775 2549 1830 2582 ac
1852 2533 1955 2581 aliis

168 2631 228 2664 ex
247 2630 383 2664 more
400 2616 597 2679 paratis,
627 2615 818 2679 incepte
843 2620 953 2664 sunt
981 2619 1028 2664 et
1050 2620 1242 2665 cantate
1264 2617 1422 2681 vigilie
1444 2617 1616 2680 quibus
1639 2617 1956 2666 interfuerunt

170 2698 335 2747 RRmi.
350 2701 452 2747 DD.
470 2699 833 2764 Neapolitanus,
851 2700 1213 2764 Andegavensis
1235 2705 1283 2749 et
1304 2701 1364 2750 de
1383 2701 1650 2749 Comitibus
1667 2702 1951 2750 cardinales.

172 2781 341 2830 Finitis
359 2782 550 2846 vigiliis,
575 2783 778 2832 cadaver
796 2786 1040 2847 portatum
1063 2788 1136 2831 est
1163 2784 1223 2832 ad
1251 2784 1510 2833 ecclesiam
1529 2801 1568 2832 s.
1595 2784 1771 2833 Sabine
1794 2784 1843 2832 in
1864 2800 1958 2847 qua

172 2866 349 2930 deponi
369 2865 550 2914 debuit.
577 2868 680 2915 Hoc
699 2867 866 2915 ordine
888 2871 1234 2930 processerunt
1254 2869 1425 2916 fratres
1440 2868 1651 2916 Minerve
1671 2884 1730 2916 ex
1752 2883 1809 2915 eo
1828 2868 1958 2930 quod

174 2949 225 2997 in
246 2965 414 2997 eorum
437 2949 645 2997 ecclesia
674 2954 776 2998 erat
798 2949 1158 3013 deponendum,
1183 2951 1357 3000 deinde
1373 2952 1451 2999 alii
1474 2967 1561 2999 suo
1580 2951 1748 2999 ordine
1768 2967 1777 2999 :
1799 2950 1956 2998 nullus

177 3033 520 3082 canonicarum
566 3033 885 3101 ecclesiarum
947 3034 1331 3097 supradictarum
1388 3035 1622 3095 interfuit,
1680 3035 1765 3082 sed
1815 3033 1956 3097 pauci

175 3117 406 3166 duntaxat
426 3133 484 3166 ex
514 3118 844 3182 prebendariis
880 3119 1179 3166 earumdem.
1216 3121 1329 3167 Post
1352 3135 1522 3168 omnes
1551 3119 1773 3176 clericos,
1805 3117 1958 3165 inces-

176 3205 341 3249 serunt
360 3201 619 3265 portitores
647 3206 841 3250 centum
870 3203 1186 3266 quadraginta
1215 3203 1369 3251 unciis
1402 3203 1768 3261 intorticiarum,
1795 3205 1960 3265 preter

175 3284 256 3332 illa
276 3299 367 3348 que
396 3284 443 3332 in
473 3285 582 3334 aula
606 3285 826 3334 suerunt:
852 3290 961 3350 post
991 3303 1093 3345 eos,
1126 3286 1496 3335 confraternitas
1519 3285 1794 3346 Salvatoris,
1821 3285 1957 3350 cujus

222 3410 257 3447 1.
283 3408 438 3446 Suivant
464 3410 498 3446 la
516 3411 662 3459 plupart
680 3412 744 3449 des
765 3412 974 3456 historiens,
996 3412 1029 3449 le
1050 3412 1211 3449 cardinal
1238 3413 1420 3462 d’Aragon
1442 3414 1553 3451 serait
1572 3418 1667 3452 mort
1699 3415 1952 3464 empoisonne.

176 3469 268 3518 Voy.
294 3469 479 3506 Infessura
498 3470 590 3507 dans
610 3470 761 3516 Eceard,
784 3476 812 3510 t.
842 3472 888 3519 11,
905 3472 973 3509 col.
997 3473 1099 3509 1956.
