2262 3958
344 349 392 384 52
950 346 1181 383 JOHANNIS
1215 346 1509 393 BURCHARDI,
1896 348 2001 390 {Aout
2023 349 2113 390 1484]

346 448 405 495 ad
425 448 789 497 diminutionem
815 450 887 496 vol
912 449 1244 497 remissionem
1269 465 1440 497 census
1464 452 1696 497 terrarum
1717 450 1929 499 Ecclesie
1948 451 2109 511 faciet,

345 530 435 577 nisi
475 531 818 579 deliberatione
854 531 983 594 prius
1025 531 1188 579 habita
1227 530 1563 589 consistoriali,
1607 534 1654 578 et
1702 531 2122 579 consentientibus*

345 612 524 661 duabus
551 614 761 675 partibus
796 612 1106 660 cardinalium
1144 628 1253 660 cum
1285 612 1565 667 eorumdem
1593 612 2037 676 subscriptionibus,
2067 615 2115 661 et

341 695 407 742 ita
451 696 623 743 eodem
667 697 810 744 modo
856 697 914 744 (le
959 695 1142 743 noviter
1180 694 1423 758 acquisitis
1465 694 1515 742 in
1556 694 1775 752 Thuscia,
1814 694 2030 743 Marchia
2066 697 2115 743 et

344 778 676 827 Romandiola.

407 864 543 920 Item,
575 863 702 924 quod
731 861 845 908 nulli
873 861 990 925 regi,
1027 861 1153 920 duci,
1186 860 1407 924 principi,
1441 860 1635 908 domino
1667 863 1747 908 aut
1783 858 2114 909 communitati

340 960 437 992 non
472 945 658 992 subdite
693 945 798 1004 sibi,
837 945 1046 992 movebit
1076 960 1314 1008 guerram,
1353 947 1433 991 aut
1466 959 1575 992 cum
1603 943 1672 991 eis
1700 944 1845 1007 ligam
1875 943 2019 992 faciet
2054 942 2115 991 ad

341 1028 643 1075 inferendam
665 1028 800 1076 alicui
825 1044 1047 1091 guerram
1070 1028 1170 1075 sine
1190 1043 1419 1091 expresso
1433 1043 1672 1074 consensu
1695 1026 1895 1074 duarum
1907 1026 2112 1090 partium

342 1113 631 1159 RRmorum.
661 1113 761 1158 DD.
788 1111 1116 1159 cardinalium.

405 1198 543 1255 Item,
574 1195 701 1258 quod
721 1194 1012 1242 feudatarius
1036 1209 1297 1257 regnorum
1319 1197 1366 1242 et
1387 1193 1504 1242 alios
1526 1193 1745 1253 vicariOS,
1767 1209 1887 1256 quos
1908 1195 1967 1243 de
1989 1208 2112 1242 novo

338 1279 579 1339 investiet,
620 1277 919 1341 capitaneOS,
966 1278 1333 1340 gubernatores,
1373 1276 1658 1325 castellanos
1695 1292 1960 1340 omnesque
1993 1277 2113 1325 alios

339 1366 386 1410 et
413 1362 624 1426 singulos
650 1361 883 1409 officiales
909 1361 1184 1425 hujusmodi
1211 1361 1270 1408 de
1299 1360 1424 1408 Urbe
1453 1375 1653 1408 romana
1673 1363 1720 1408 et
1742 1360 1941 1408 aliarum
1967 1363 2115 1408 terra—

338 1462 442 1492 rum
462 1445 735 1509 patrimonii
757 1443 970 1492 Ecclesie
992 1460 1188 1492 romane
1219 1443 1278 1509 (1)
1311 1444 1455 1492 faciet
1479 1445 1641 1508 jurare
1665 1444 1713 1491 in
1735 1459 1902 1492 eorum
1930 1443 2116 1491 institu—

337 1528 466 1576 tione
499 1528 821 1576 obedientiam
856 1531 903 1574 et
942 1528 1221 1575 fidelitatem
1259 1543 1457 1575 romane
1497 1526 1728 1586 Ecclesie,
1772 1526 1993 1575 videlicet
2025 1525 2114 1575 sibi

337 1615 382 1657 et
411 1611 785 1659 successoribus.
820 1610 982 1658 Faciet
1012 1611 1209 1674 insuper
1232 1611 1394 1674 jurare
1425 1610 1720 1674 supradictos
1747 1610 2038 1658 feudatarius
2066 1614 2114 1659 et

334 1693 562 1741 officiales
613 1698 895 1756 ceterosque
946 1694 995 1740 in
1044 1694 1138 1741 hoc
1187 1694 1393 1757 capitulo
1442 1693 1738 1753 nominatOS,
1793 1693 1942 1755 quod,
1993 1693 2108 1741 sede

332 1779 546 1835 vacante,
576 1778 635 1823 ad
655 1777 934 1824 mandatum
951 1777 1164 1838 ipsorum
1187 1778 1288 1823 DD.
1323 1776 1656 1835 cardinalium,
1682 1775 1913 1836 civitates,
1934 1780 2107 1835 terras,

331 1859 456 1918 loca,
479 1874 633 1919 arceS,
658 1859 871 1906 fortilitia
892 1863 939 1906 et
969 1863 1126 1906 castra
1149 1858 1364 1906 Ecclesie
1392 1874 1589 1907 romane
1618 1858 1896 1907 immediate
1919 1859 2109 1907 tradent

332 1941 456 1989 cetui
486 1941 699 2003 ipsorum
731 1941 1043 1990 cardinalium
1073 1946 1120 1989 et
1150 1941 1406 2004 expedient
1434 1941 1584 1990 libere
1610 1941 1711 1989 sine
1741 1941 1836 1989 ulla
1861 1942 2106 1990 contradi-

331 2024 508 2084 ctione,
534 2028 581 2073 et
606 2025 666 2073 de
686 2026 779 2073 hoc
803 2025 983 2073 dabunt
1009 2025 1281 2073 cautionem
1303 2029 1350 2072 et
1373 2024 1736 2088 fidejussionem
1764 2024 2102 2073 sufficientem.

396 2110 533 2167 Item,
574 2109 702 2171 quod
733 2124 867 2156 arces
903 2124 937 2155 s.
963 2108 1151 2171 Angeli,
1187 2107 1393 2156 Civitatis
1425 2107 1615 2166 Vetule,
1648 2107 1867 2172 Tyburis,
1902 2107 2102 2171 Spoleti,

329 2190 481 2237 Phani
500 2194 562 2255 (2)
587 2196 633 2239 et
665 2194 846 2239 Cesene
870 2207 966 2237 non
993 2191 1227 2238 concedet
1243 2179 1384 2237 alicui
1411 2190 1469 2238 de
1497 2190 1745 2253 parentela
1763 2206 1863 2249 sua,
1887 2206 1978 2238 nec
1998 2207 2107 2254 pre-

328 2275 424 2322 lato
448 2291 537 2323 nec
563 2274 781 2334 seculari,
808 2275 892 2322 sed
912 2273 1014 2320 aliis
1034 2273 1227 2336 prelatis
1246 2277 1294 2321 et
1317 2273 1655 2321 ecclesiasticis
1681 2273 1899 2336 personis
1919 2273 2106 2337 illisque

327 2357 495 2404 nonin
522 2357 711 2419 longius
732 2360 921 2419 tempus
948 2357 1150 2403 duorum
1180 2371 1433 2415 annorum,
1465 2355 1553 2402 nisi
1582 2356 1640 2403 de
1672 2355 1872 2422 consilio
1899 2356 2103 2405 duarum

326 2439 534 2502 partium
567 2438 880 2486 cardinalium
920 2437 1058 2486 aliter
1092 2438 1196 2485 fieri
1237 2438 1475 2495 videatur3
1511 2453 1669 2499 neque
1701 2436 1844 2485 faciet
1879 2438 2103 2486 eumdem

327 2522 640 2571 castellanum
669 2525 715 2570 et
749 2522 1121 2584 gubernatorem
1154 2520 1353 2584 alicujus
1397 2520 1618 2584 civitatis;
1659 2520 2102 2584 gubernatoresque

327 2606 570 2654 civitatum
610 2604 804 2668 majoris
835 2603 1166 2667 importantie,
1212 2609 1378 2668 utpote
1414 2603 1595 2666 Spoleti
1625 2607 1672 2651 et
1703 2603 1905 2652 aliarum
1945 2604 2096 2653 civita-

330 2692 430 2736 tum
466 2687 711 2745 similium,
745 2690 885 2734 erunt
914 2685 1083 2748 prelati
1110 2689 1158 2733 et
1185 2685 1509 2734 ecclesiastice
1540 2702 1771 2750 persone;
1801 2703 1892 2735 nec
1921 2687 2101 2752 capita-

328 2774 494 2818 natum
538 2769 813 2833 generalem
849 2769 1061 2816 Ecclesie
1100 2768 1264 2832 nepoti
1299 2784 1390 2817 nec
1439 2769 1580 2817 alicui
1616 2769 1974 2833 consanguineo
2013 2786 2099 2819 suo

329 2852 587 2901 concedet.
2029 2898 2043 2902 ,

393 2938 531 2994 Item,
574 2934 702 2997 quod
744 2949 887 2997 super
925 2933 1146 2980 omnibus
1186 2937 1234 2981 et
1273 2932 1471 2997 singulis
1512 2933 1792 2998 supradictis
1832 2937 1879 2982 et
1917 2934 2099 2997 depen-

328 3018 548 3066 dentibus
576 3033 635 3066 ex
667 3017 735 3065 eis
773 3021 820 3064 et
847 3016 949 3064 aliis
982 3016 1030 3063 in
1061 3016 1228 3079 quibus
1264 3017 1516 3067 consilium
1545 3017 1850 3064 dominorum
1877 3015 2094 3064 cardina·

326 3102 442 3150 lium
474 3101 757 3165 requiratur,
793 3100 1173 3164 promotionibus
1201 3101 1260 3147 ad
1291 3100 1556 3162 prelaturas
1587 3099 1831 3147 dumtaxat
1860 3099 2090 3162 exceptis,

328 3185 507 3232 nullam
527 3184 707 3231 bullam
733 3199 944 3246 unquam
971 3181 1182 3245 expediri
1212 3181 1498 3240 consentiet,
1527 3181 1576 3228 in
1604 3197 1696 3244 qua
1721 3180 1832 3228 insit
1862 3181 2089 3240 clausula,

326 3266 544 3314 videlicet
572 3267 630 3314 de
661 3266 849 3314 consilio
868 3267 1077 3331 fratrum
1097 3271 1378 3322 nostrorum,
1409 3263 1499 3310 nisi
1530 3263 1659 3326 prius
1698 3263 1886 3311 realiter
1907 3267 1954 3312 et
1984 3278 2092 3311 cum

377 3406 408 3443 1.
437 3405 482 3443 Et
501 3406 661 3444 aliarium
683 3412 856 3445 terrarum
875 3406 1081 3455 patrimonii
1101 3404 1196 3442 Eccl.
1217 3404 1323 3440 Rom.
1339 3423 1381 3430 -
1405 3403 1562 3451 Manque
1585 3403 1674 3440 dans
1696 3403 1853 3440 Rinaldi.

374 3468 410 3503 2.
439 3466 569 3503 Phani.
591 3488 637 3494 —
657 3468 813 3514 Manque
833 3468 924 3504 dans
944 3466 1101 3503 Rinaldi.
