2262 3958
346 298 415 333 458
949 295 1182 331 JOHANNIS
1216 295 1511 343 BuncuAum,
1885 299 1991 342 [Avrn
2016 300 2107 342 1492]

345 399 471 457 nire3
503 397 632 461 quod
653 400 817 445 tamen
848 398 931 445 SS.
969 399 1026 444 D.
1057 399 1112 445 N.
1151 397 1309 445 facere
1343 413 1440 444 non
1471 399 1664 461 placuit.
1699 404 1946 452 Venerunt
1968 400 2113 463 igitur

345 486 561 530 oratores
582 479 782 544 predicti
804 479 865 527 ad
885 479 1080 539 Urbem,
1111 495 1139 527 a
1165 479 1344 528 familia
1373 478 1498 528 Rmi.
1531 480 1709 530 domini
1733 481 2110 532 vicecancellarii

347 565 608 622 dumtaxat,
633 566 680 610 et
712 561 969 610 curialibus
1003 562 1137 625 regni
1184 563 1379 611 Polonie
1421 564 1660 625 associati,
1702 567 1760 614 ad
1799 567 1994 615 domum
2024 581 2111 630 pro

344 647 558 709 ipsorum
578 644 874 692 habitatione
892 647 1127 708 paratam,
1148 644 1314 693 ordine
1338 650 1589 693 consueto,

409 727 546 775 Feria
576 731 726 786 sexta,
753 730 813 776 30
844 727 1062 790 ejusdem
1083 727 1263 776 mensis
1289 728 1463 788 martii,
1498 731 1663 776 RmuS.
1689 731 1746 776 D.
1768 729 2020 778 cardinalis
2052 732 2111 780 de

344 810 543 859 Medicis
575 810 625 857 in
654 825 796 859 mane
824 814 933 858 ante
954 811 1208 874 prandium
1234 811 1437 859 visitavit
1474 815 1679 859 RRmos.
1710 813 1811 859 DD.
1848 811 2114 861 cardinales

346 894 737 953 Ulixbonensem,
760 908 904 956 quem
934 892 1112 956 reperit
1143 892 1191 939 in
1213 892 1417 941 ecclesia
1432 893 1582 941 sancti
1604 892 1846 940 Laurentii
1867 892 1916 940 in
1936 892 2116 942 Lucina

344 976 481 1024 titulo
504 976 592 1023 sibi
614 975 970 1035 commendato,
1003 978 1311 1035 Januensem,
1336 977 1395 1024 de
1417 976 1665 1036 Columna,
1690 975 1748 1024 de
1772 975 2036 1024 Comitibus
2067 980 2115 1025 et

343 1059 400 1107 de
428 1059 647 1118 Sabellis,
673 1063 719 1106 et
739 1058 1119 1122 pertranseundo
1146 1059 1322 1122 palatia
1350 1059 1662 1106 cardinalium
1691 1059 1841 1106 sancti
1868 1059 2037 1122 Angeli
2067 1063 2115 1108 et

343 1142 496 1190 sancti
533 1142 659 1190 Petri
692 1141 752 1188 ad
789 1141 1009 1201 Vincula,
1044 1146 1095 1188 ut
1125 1156 1208 1189 eos
1237 1156 1428 1204 quoque
1465 1141 1693 1201 visitaret,
1734 1141 1910 1205 reperit
1941 1155 2026 1190 eos
2063 1141 2113 1189 in

342 1225 561 1272 domibus
586 1239 753 1272 eorum
774 1239 870 1271 non
893 1239 1024 1282 esse;
1057 1223 1289 1272 retardavi
1317 1228 1479 1271 autem
1510 1224 1784 1288 hujusmodi
1817 1224 2112 1273 visitationes

341 1323 491 1370 usque
513 1307 677 1367 modo,
697 1321 785 1370 pro
808 1322 864 1355 eo
886 1306 1016 1370 quod
1037 1322 1065 1354 a
1084 1307 1159 1354 die
1183 1309 1241 1353 26
1265 1306 1377 1354 dicti
1400 1306 1580 1353 mensis
1608 1306 1742 1366 citra,
1765 1311 1964 1371 propter
1976 1307 2115 1357 labo-

337 1408 413 1440 res
434 1406 555 1455 quos
575 1390 624 1437 in
643 1390 876 1438 visitando
898 1389 1016 1437 alios
1038 1392 1241 1438 RRmoS.
1269 1392 1370 1437 DD.
1407 1389 1671 1437 cardinales
1698 1389 1883 1448 habuit,
1906 1389 1996 1437 fuit
2016 1390 2106 1438 ali-

338 1475 619 1538 quantulum
654 1474 901 1522 alteratus
932 1474 1045 1520 Post
1077 1471 1331 1535 prandium
1362 1471 1492 1518 venit
1519 1474 1656 1519 extra
1684 1474 1874 1535 portam
1907 1471 2112 1520 ecclesie

340 1562 503 1607 sancte
525 1557 674 1605 Marie
695 1556 743 1603 in
769 1555 1019 1604 Dominica
1047 1554 1134 1602 sibi
1155 1554 1432 1615 commisse,
1457 1557 1509 1601 ut
1531 1569 1637 1603 eam
1666 1554 1892 1615 visitaret,
1920 1554 2008 1603 sed
2032 1570 2112 1604 re·-

335 1641 459 1705 perit
470 1642 642 1704 januas
658 1640 862 1688 clausas.

400 1723 651 1772 Dominica
681 1723 848 1781 letare,
879 1726 1050 1786 quarta
1069 1720 1452 1785 quadragesime,
1483 1724 1499 1768 1
1529 1720 1710 1768 mensis
1728 1720 1906 1785 apriliS,
1932 1722 2017 1770 SS.
2043 1723 2104 1770 D.

337 1801 503 1854 noster
529 1806 579 1853 in
596 1821 789 1854 camera
818 1821 919 1866 sua,
956 1806 1090 1870 juxta
1120 1820 1361 1852 cameram
1395 1803 1630 1868 papagalli
1662 1804 1711 1851 in
1741 1803 1855 1852 sede
1883 1803 2108 1852 camerali

340 1889 513 1938 sedens
536 1904 591 1937 ac
613 1889 782 1937 stolam
805 1905 950 1953 supra
977 1889 1264 1952 capucinum
1286 1892 1334 1935 et
1360 1888 1611 1935 rochetum
1640 1887 1843 1945 habens,
1866 1886 2110 1935 benedixit

337 1986 497 2019 rosam
523 1987 667 2034 quam
701 1973 757 2018 D.
797 1971 1022 2019 Nicolaus
1056 1970 1376 2019 Ferrariensis
1404 1970 1654 2035 acolythus
1683 1969 1990 2033 apostolicus,
2020 1986 2108 2034 pro

339 2069 397 2103 eo
422 2055 549 2119 quod
578 2054 736 2102 nullus
772 2053 975 2102 clericus
1006 2069 1196 2102 camere
1228 2052 1404 2101 ibidem
1434 2068 1633 2116 presens
1667 2057 1786 2112 erat,
1823 2052 2109 2116 genuflexus

336 2152 501 2185 coram
523 2153 581 2185 eo
599 2137 794 2186 tenebat
820 2137 868 2184 in
897 2139 1186 2184 RRmorum.
1213 2138 1313 2184 DD.
1341 2153 1380 2184 s.
1404 2136 1655 2184 Anastasie
1677 2140 1723 2185 et
1747 2136 1974 2185 Senensis
2006 2151 2110 2197 car-

336 2220 565 2268 dinalium
595 2219 855 2284 presentia.
898 2221 1002 2275 Qua
1022 2219 1291 2279 benedicta,
1315 2223 1693 2283 supervenerunt
1726 2224 1774 2267 et
1807 2219 1969 2268 RRmi.
2003 2220 2103 2267 DD.

339 2304 719 2361 Beneventanus,
742 2301 1035 2348 camerarius
1051 2301 1167 2349 etde
1183 2301 1397 2349 Medicis,
1420 2304 1538 2348 Tum
1552 2306 1748 2350 vocatus
1768 2305 1823 2350 D.
1850 2301 2107 2365 Sinulphus

336 2385 690 2448 protonotarius
712 2384 1002 2447 apostolicus
1025 2389 1072 2432 et
1099 2400 1289 2432 camere
1318 2385 1578 2447 apostolice
1605 2386 1823 2446 clericus,
1848 2387 2013 2450 jussus
2033 2390 2107 2434 est

337 2485 364 2516 a
384 2470 467 2516 SS.
499 2470 557 2515 D.
588 2471 752 2515 nostro
780 2482 940 2515 rosam
962 2467 1021 2514 ad
1042 2467 1275 2530 capellam
1302 2471 1492 2530 portare
1527 2467 1654 2529 quod
1674 2471 1721 2514 et
1745 2467 1875 2526 fecit,
1900 2482 2106 2530 sequen-

337 2550 461 2598 tibus
481 2549 639 2613 ipsum
669 2548 857 2596 RRmis.
892 2551 991 2596 DD.
1014 2549 1223 2612 quinque
1251 2548 1569 2596 cardinalibus
1585 2549 1802 2613 superius
1823 2549 2100 2598 nominatis.

336 2632 532 2680 Interim
551 2632 679 2680 venit
700 2632 843 2679 etiam
865 2632 925 2679 ad
944 2632 1178 2695 capellam
1203 2632 1524 2695 supradictam
1545 2632 1798 2680 cardinalis
1818 2649 1856 2680 s,
1882 2632 2104 2681 Clemen-
2171 2651 2178 2656 j

338 2716 395 2762 tis
430 2715 756 2764 celebraturus
793 2719 840 2763 et
872 2715 1057 2779 accepit
1089 2719 1370 2778 paramenta
1406 2719 1637 2763 consueta
1666 2721 1714 2764 et
1744 2715 1859 2764 fecit
1888 2715 2100 2764 officium

337 2813 470 2847 more
507 2799 684 2846 solito:
714 2813 987 2847 sermonem
1025 2798 1138 2846 fecit
1171 2803 1457 2862 procurator
1499 2797 1679 2846 ordinis
1722 2798 2094 2848 carmelitarum.

337 2882 491 2930 Finita
510 2882 673 2940 missa,
698 2881 894 2929 dimissa
913 2881 962 2928 in
980 2881 1114 2929 altari
1136 2897 1263 2940 rosa,
1281 2885 1589 2930 recesserunt
1606 2896 1774 2929 omnes
1795 2880 2059 2929 cardinales
2082 2898 2092 2929 ε

333 2969 443 3028 post
462 2980 668 3027 quorum
689 2979 933 3012 recessum
954 2979 1063 3013 rosa
1083 2964 1188 3028 ipsa
1203 2964 1289 3012 fuit
1313 2964 1373 3012 ad
1393 2979 1634 3012 cameram
1655 2966 1740 3012 SS.
1765 2967 1822 3011 D.
1847 2964 1998 3012 nostri
2016 2979 2096 3012 re-

332 3050 521 3110 portata
549 3047 728 3110 absque
747 3047 1035 3095 ceremoniis
1056 3064 1065 3106 3
1091 3063 1234 3111 quam
1256 3047 1428 3095 deinde
1460 3047 1694 3095 Sanctitas
1714 3063 1799 3095 sua
1818 3046 1947 3094 misit
1965 3042 2088 3096 illus,

333 3132 390 3177 D.
413 3129 628 3189 Alberto‚
653 3146 712 3178 ex
733 3130 934 3179 ducibus
965 3132 1193 3192 Saxonie,
1225 3131 1530 3180 Maximiliani
1553 3134 1878 3178 Romanorum
1898 3131 2024 3194 regis
2044 3131 2093 3178 in

331 3211 550 3259 Flandria
579 3213 828 3276 capitaneo
861 3214 1072 3277 generali
1093 3230 1180 3278 per
1206 3213 1545 3279 D.‘Henricum
1573 3214 1723 3262 Meier
1745 3213 2090 3262 cubicularium

331 3309 468 3342 suum
507 3295 586 3357 qui
624 3295 827 3343 recessit
867 3312 926 3344 ex
968 3297 1094 3347 Urbe
1127 3313 1236 3346 cum
1274 3297 1424 3344 tribus
1459 3296 1770 3345 familiaribus
1790 3297 1866 3344 die
1889 3295 2087 3354 sabbati,

332 3380 356 3423 7
382 3378 597 3440 ejusdem
619 3379 799 3427 mensis
819 3379 999 3442 aprilis.
