2262 3958
894 305 1053 343 APPEN
1057 306 1086 343 D
1093 305 1178 345 [ΟΕ.
1855 310 1926 346 573

135 405 246 448 (11018
271 404 428 447 (110030
459 415 549 445 303
580 404 773 446 arrivera
805 416 831 446 a
863 417 982 448 meza
1015 406 1151 448 notte.
1180 409 1240 448 Le
1265 409 1397 448 Terra
1418 419 1498 459 per
1517 410 1676 460 questo
1695 407 1718 449 3
1740 411 1857 450 13013
1880 410 1925 450 13

133 481 259 512 armo
279 473 322 512 et
343 470 449 524 ogni
465 470 597 511 homo
619 474 685 512 sta
707 483 730 511 a
747 471 932 525 guardia
962 472 1077 514 delle
1102 484 1204 514 cose
1235 484 1329 514 sue.
1352 473 1475 514 Fassi
1504 473 1618 514 bene
1649 473 1768 515 delle
1787 486 1922 526 ques-

134 537 255 579 tione
273 537 394 578 assai
412 548 493 588 per
512 537 696 589 qualche
713 537 924 579 vendecta
945 540 1011 580 tra
1032 539 1175 591 questi
1197 540 1396 590 Romani,
1413 549 1536 580 come
1552 539 1596 579 in
1616 539 1759 581 simile
1774 543 1924 625 tempo

139 603 173 643 e
182 606 396 645 consueto
420 601 478 657 (1)
484 631 566 644 .....

193 670 396 720 «Rome,
419 668 491 710 die
507 681 592 711 xxv
605 667 707 710 sulii
725 669 844 711 1492.

1052 739 1068 758 ι
1103 725 1161 764 S‘.
1184 724 1282 765 Pur.
1306 725 1523 774 Vnomus,
1548 725 1716 767 Orator.
1744 742 1760 761 ι

194 825 332 879 (Arc-ll.
355 825 547 868 Fiorem.
571 827 728 866 Lettere
746 824 838 876 aylz'
855 826 948 864 Otto
968 823 1224 875 (ΙίΡναιίσα,
1248 825 1385 866 Class.
1410 825 1586 874 Χ,[)181.
1614 825 1653 876 6,
1678 826 1790 866 Filza
1811 826 1868 878 8.)

999 1044 1052 1091 52

185 1177 244 1219 Le
263 1187 378 1230 pape
397 1179 467 1218 est
486 1180 617 1218 mort.
641 1178 838 1219 Mesures
858 1178 1001 1230 prises
1018 1190 1100 1230 par
1118 1178 1184 1220 les
1204 1179 1445 1220 cardinaux
1466 1193 1474 1220 :
1499 1180 1629 1221 offres
1648 1180 1728 1221 des
1746 1182 1922 1222 ambas-

138 1242 339 1285 sadours.
371 1245 429 1284 Le
449 1241 628 1296 College
655 1242 760 1284 s'est
779 1243 952 1285 montre
984 1245 1061 1284 uni
1083 1247 1125 1285 et
1145 1244 1325 1297 dispose
1351 1243 1376 1285 3
1404 1245 1500 1298 3811
1523 1246 1577 1287 (13
1598 1249 1800 1299 concert:
1825 1250 1922 1288 tout

133 1306 213 1350 fait
232 1306 412 1362 esperer
426 1320 514 1362 que
530 1309 596 1350 les
613 1309 770 1351 choses
792 1321 842 1351 se
858 1309 1002 1351 feront
1021 1309 1379 1364 regulierement.
1397 1313 1453 1352 Le
1467 1311 1683 1352 territoire
1705 1311 1760 1352 de
1781 1313 1920 1354 Rome

134 1376 203 1415 est
218 1384 274 1416 en
293 1385 457 1425 armes,
478 1374 593 1416 mais
614 1374 770 1416 calme.
797 1377 878 1416 Les
904 1375 1164 1428 patrouilles
1191 1379 1455 1428 parcourent
1481 1376 1522 1417 13
1549 1377 1664 1418 ville.
1689 1378 1770 1418 Les
1793 1378 1921 1420 obse-

131 1436 245 1491 ques
265 1439 327 1482 du
344 1451 460 1494 pape
480 1443 837 1482 commenceront
855 1441 1040 1483 samedi.
1062 1444 1118 1483 Le
1135 1441 1201 1493 10,
1222 1453 1279 1483 03
1300 1445 1474 1483 entrera
1491 1452 1546 1483 en
1563 1442 1785 1484 conclave.

836 1557 852 1580 c
876 1541 1107 1597 Maqnifi'ci,
1139 1548 1213 1585 etc.

187 1647 205 1669 ι
230 1633 394 1684 Questa
414 1633 600 1675 mattina
618 1632 676 1675 ad
694 1633 802 1675 hore
822 1645 912 1675 vnis
932 1643 1066 1674 sanza
1082 1633 1248 1674 intrare
1268 1633 1314 1674 in
1333 1633 1434 1674 altri
1454 1634 1735 1686 partichulari
1757 1633 1923 1689 signifi-

131 1695 229 1739 chai
247 1697 335 1741 alle
362 1699 406 1741 S.
434 1699 484 1740 V.
515 1699 558 1740 la
587 1702 731 1741 morte
761 1699 876 1741 della
909 1702 1060 1741 sancta
1090 1699 1303 1740 memoria
1338 1699 1382 1741 di
1412 1701 1680 1743 Innocentio.
1703 1703 1765 1743 Da
1784 1701 1857 1753 poi
1876 1701 1923 1741 in

129 1761 323 1807 mediate
354 1764 388 1806 il
418 1775 544 1806 sacro
587 1765 775 1818 collegio
818 1765 872 1807 de
904 1766 1056 1807 Revmi
1088 1765 1308 1807 Cardinali
1341 1766 1378 1806 81
1408 1766 1615 1808 transferi
1652 1767 1709 1809 ad
1749 1768 1919 1815 Palazo,

131 1831 176 1870 et
194 1839 320 1871 come
352 1826 378 1871 e
397 1833 611 1872 consueto
641 1831 744 1872 tutti
777 1842 801 1872 e
831 1831 1050 1873 cardinali
1076 1831 1210 1872 creati
1239 1831 1294 1872 da
1324 1833 1439 1884 Papa
1471 1833 1725 1873 Innocentio
1754 1843 1922 1873 accom-

127 1905 390 1949 pagnorono
414 1895 448 1937 11
477 1907 611 1949 corpo
644 1908 725 1938 suo
755 1897 801 1938 in
834 1898 921 1938 San
949 1897 1073 1938 Piero
1109 1908 1192 1938 con
1224 1900 1339 1939 tutto
1369 1898 1399 1938 il
1428 1898 1566 1939 Clero.
1603 1898 1730 1950 Dipoi
1753 1898 1919 1938 ristret·

127 1960 494 2015 tosissCouegio,
522 1963 667 2015 primo
695 1966 740 2004 ct
763 1965 866 2004 ante
893 1963 1039 2004 omnia
1060 1962 1108 2004 fu
1140 1963 1382 2004 deliberato
1415 1964 1494 2005 0113
1521 1964 1552 2005 11
1584 1966 1688 2006 Rev.
1725 1966 1921 2005 Vescovo

128 2025 434 2078 Malleaoense,
451 2039 532 2080 per
546 2029 698 2082 vigore
716 2028 831 2070 delle
846 2029 966 2070 Bolle
983 2029 1061 2070 che
1075 2029 1259 2079 haveva,
1282 2029 1480 2082 piglasse
1494 2030 1535 2070 13
1549 2030 1737 2083 1383833
1752 2030 1807 2071 (13
1821 2031 1919 2071 Car-

129 2090 293 2150 dinale,
316 2094 360 2134 et
377 2091 502 2146 fusse
521 2093 732 2135 admesso
751 2094 798 2135 in
823 2094 1019 2147 Collegio
1046 2106 1170 2136 come
1194 2095 1439 2146 Cardinale,
1469 2098 1511 2136 et
1540 2096 1631 2136 cosi
1651 2107 1674 2136 e
1696 2097 1916 2136 Reveren-

129 2155 302 2200 dissimi
321 2157 539 2200 Cardinali
559 2160 755 2202 Colonna
777 2163 819 2201 et
834 2161 1023 2202 Ascanio
1044 2161 1273 2202 andorono
1291 2161 1418 2212 peril
1435 2160 1604 2212 prefato
1627 2161 1917 2202 Malleacense

130 2225 175 2264 31
193 2234 275 2265 003
294 2223 338 2265 10
354 2223 506 2267 habito
526 2225 570 2268 lo
590 2226 862 2268 condussero
890 2238 916 2267 a
933 2227 1105 2276 Palazo,
1139 2226 1251 2268 dove
1277 2226 1324 2267 in
1345 2226 1536 2268 mediate
1563 2226 1611 2267 fu
1637 2227 1831 2268 ricevuto
1849 2226 1922 2267 dal

128 2287 323 2342 Collegio
339 2289 386 2331 in
405 2301 593 2332 numero
611 2290 798 2332 fratrum
818 2302 900 2332 con
922 2291 1288 2333 dimonstratione
1310 2295 1353 2333 et
1369 2291 1501 2334 carita
1523 2303 1612 2333 non
1632 2292 1819 2344 pichola.

186 2369 204 2390 ι
234 2354 440 2397 Preterea
458 2356 492 2398 il
509 2356 695 2410 collegio
713 2356 754 2398 fe
776 2357 1041 2398 comandare
1057 2357 1100 2398 31
1121 2358 1370 2399 (1381311330
1389 2358 1434 2399 (11
1449 2361 1601 2399 833010
1615 2358 1819 2411 Α383010
1841 2359 1920 2399 0113

130 2419 310 2462 subblto
330 2422 367 2463 si
387 2420 670 2464 transferisse
690 2423 735 2464 al
755 2423 910 2464 Palazo
943 2435 953 2463 :
984 2423 1026 2464 el
1054 2423 1200 2476 quale,
1231 2424 1394 2465 havuto
1415 2424 1446 2464 il
1466 2424 1848 2474 comandamento,
1871 2425 1917 2464 in

127 2486 319 2531 mediate
351 2487 484 2530 obedi
519 2500 531 2529 :
567 2491 611 2530 et
642 2489 815 2542 giumo,
851 2488 899 2530 fu
932 2488 1140 2530 admesso
1172 2489 1227 2530 da
1257 2489 1430 2542 Signori
1465 2489 1699 2540 cardinali,
1732 2501 1755 2531 e
1784 2490 1920 2542 quali,

129 2552 323 2595 secondo
343 2554 380 2595 81
397 2556 597 2595 costuma
613 2555 659 2595 in
676 2555 800 2596 obitu
814 2554 1048 2605 pontificis,
1065 2555 1095 2595 li
1111 2555 1438 2596 comandorono
1451 2555 1529 2596 che
1539 2556 1744 2608 giurasse
1759 2554 1921 2597 fedelta

127 2617 173 2659 al
190 2618 400 2672 (10113810.
423 2619 457 2660 11
477 2620 727 2662 (1381311330
758 2631 889 2662 sanza
915 2621 1028 2661 altra
1049 2621 1368 2662 contraditione
1385 2621 1514 2674 giuro
1533 2621 1578 2662 in
1599 2622 1807 2662 manibus
1830 2622 1922 2662 Col-

127 2683 234 2736 legii
253 2682 297 2725 di
317 2695 442 2726 esser
460 2683 604 2726 fedele
625 2689 669 2726 et
686 2688 838 2726 tenere
855 2686 886 2726 il
904 2687 1093 2727 (13813110
1118 2687 1175 2728 3(1
1199 2687 1303 2739 0831
1332 2687 1610 2739 beneplacito
1626 2687 1696 2728 del
1711 2687 1920 2738 collegio,

128 2751 173 2790 et
188 2748 336 2801 quello
355 2750 643 2804 consegniare
673 2754 793 2792 tante
821 2751 940 2793 volte
967 2755 1134 2803 quanto
1164 2763 1221 2794 ne
1252 2752 1374 2793 fusse
1394 2753 1596 2794 vicercho
1617 2753 1690 2793 dal
1712 2752 1920 2804 Collegio.

127 2813 163 2855 11
181 2812 418 2856 Cardinale
446 2815 490 2857 di
511 2817 766 2871 Benevento
795 2828 876 2868 per
906 2817 1138 2870 maggiore
1170 2817 1472 2859 satisfactione
1508 2820 1635 2859 entro
1661 2817 1923 2858 fideiussore

127 2890 210 2932 per
228 2879 260 2921 il
277 2880 545 2932 castellano,
578 2881 890 2934 promettendo
915 2882 961 2923 31
979 2883 1173 2936 collegio
1200 2884 1283 2924 sub
1305 2895 1420 2936 pena
1449 2883 1707 2936 privationis
1728 2882 1923 2934 Cappelli

127 2948 172 2986 et
191 2946 485 2999 separationis
515 2959 540 2989 a
570 2947 780 3000 (10113810,
811 2947 890 2988 che
921 2959 1003 2989 con
1033 2948 1184 2990 effecto
1213 2949 1539 2991 observerebbe
1560 2951 1727 3001 quanto
1747 2948 1917 2989 haveva

125 3011 302 3064 giurato
329 3015 373 3053 et
391 3013 639 3065 parimente
663 3014 706 3054 S.
737 3013 940 3066 Signoria
965 3013 1350 3055 Reverendissima
1374 3025 1504 3066 prese
1522 3014 1553 3054 11
1571 3014 1855 3067 giuramento
1877 3013 1922 3053 di

128 3077 368 3120 observare
385 3089 510 3120 come
530 3077 561 3118 il
578 3078 826 3119 Castellano
851 3091 860 3119 :
881 3082 924 3119 et
940 3079 1032 3119 cosi
1050 3079 1096 3118 in
1109 3079 1300 3120 mediate
1312 3079 1344 3119 il
1357 3079 1608 3121 Castellano
1625 3090 1680 3120 ne
1695 3078 1741 3119 fu
1760 3079 1923 3119 riman-

128 3141 231 3184 dato
248 3143 336 3184 alle
354 3143 543 3197 guardia
567 3143 640 3185 del
672 3144 878 3186 Castello.
914 3145 1078 3195 Questo
1100 3147 1196 3185 acto
1223 3145 1277 3185 ha
1305 3145 1564 3198 alleggerito
1599 3145 1717 3185 assai
1736 3145 1767 3185 li
1786 3144 1922 3185 animi

127 3207 172 3249 di
200 3208 325 3249 molti
351 3209 524 3262 Signori
557 3209 776 3251 Cardinali
797 3208 956 3262 perche
986 3221 1076 3250 non
1107 3212 1291 3251 stavano
1310 3221 1443 3251 sanza
1465 3210 1649 3262 qualche
1671 3211 1918 3262 suspitione

127 3273 243 3316 della
262 3273 362 3316 fede
382 3275 427 3317 di
446 3278 606 3327 questo
639 3275 906 3326 castellano,
930 3286 1114 3328 apresso
1136 3275 1167 3315 il
1188 3275 1334 3316 Priore
1354 3275 1398 3316 di
1420 3275 1615 3328 Langho‚
1639 3275 1770 3327 quale
1791 3274 1815 3316 e
1831 3275 1919 3316 alla

167 3401 197 3435 1.
222 3400 310 3443 Voy.
331 3399 509 3433 infessura
534 3401 623 3432 daus
646 3398 791 3439 Eccard,
813 3402 839 3433 t.
865 3400 907 3440 11,
928 3399 997 3433 001.
1016 3401 1110 3441 2306,
1127 3402 1161 3433 et
1182 3400 1214 3433 13
1230 3400 1406 3433 conclave
1427 3399 1662 3433 &Alexandro
1683 3399 1726 3434 Vl
1747 3399 1839 3433 daus
1862 3399 1915 3432 138

133 3453 299 3488 Conclavi
317 3453 370 3487 de'
386 3453 552 3496 Pontefici
572 3453 717 3486 Romani
735 3453 857 3496 (1657),
876 3463 910 3496 p.
931 3455 985 3487 73.
