2262 3958
351 341 396 376 64
964 339 1197 376 JOHANNIS
1231 340 1524 390 BURcHARm,
1905 350 2009 391 [Aoni
2030 351 2122 393 1484]

351 439 563 503 ipsorum
604 439 755 487 libere
796 439 974 502 absque
1016 440 1173 503 aliqua
1217 442 1456 491 solutione
1500 460 1584 494 seu
1621 449 1970 512 compositione
2011 469 2123 501 cum

354 523 533 571 datario
568 523 987 587 supplicationum,
1022 540 1109 588 per
1139 541 1246 585 nos,
1281 542 1366 575 seu
1397 527 1455 575 de
1486 531 1709 579 mandato
1743 537 1926 594 nostro,
1966 539 2046 584 aut
2076 536 2124 584 in

350 607 591 670 presentia
620 611 786 655 nostra
816 607 1034 671 signand,
1057 623 1191 656 arum
1213 613 1294 657 aut
1323 626 1625 675 quocumque
1662 613 1754 662 alio
1790 615 2013 665 facienda
2039 633 2127 682 per

349 705 437 737 nos
461 689 770 738 conferenda.

416 775 553 832 Item,
597 772 780 821 eisdem
814 773 1036 821 omnibus
1085 778 1132 823 et
1164 775 1363 840 singulis
1400 778 1681 842 ampliorem
1725 781 1926 844 gratiam
1961 783 2122 834 facere

350 856 583 917 volentes,
624 861 759 904 motu
791 856 952 918 simili,
983 875 1149 918 unum,
1179 860 1272 907 duo
1299 861 1372 908 vel
1410 862 1500 910 tria
1525 863 1818 912 beneficium
1855 881 1940 914 seu
1974 867 2122 916 bene-

348 939 458 987 ficia
492 939 872 988 ecclesiasticum
906 957 989 989 seu
1029 941 1371 1002 ecclesiastica,
1407 944 1550 992 etiam
1584 945 1623 993 si
1657 947 1749 995 duo
1781 964 1839 996 ex
1867 948 1984 1012 ipsis
2013 965 2122 998 cum

348 1037 477 1081 cura,
522 1025 602 1069 aut
635 1021 890 1085 dignitates
925 1023 999 1071 vel
1031 1028 1314 1088 personatus
1349 1031 1430 1074 aut
1466 1027 1643 1088 omnia,
1681 1030 2121 1082 administrationes

345 1105 419 1153 vel
458 1104 636 1165 officia,
667 1107 976 1156 canonicatus
1016 1112 1062 1156 et
1097 1109 1391 1171 prebendas,
1427 1113 1741 1175 prestimonia
1780 1119 1826 1162 et
1861 1115 2121 1179 prestimo-

345 1191 495 1239 niales
541 1193 814 1256 portiones,
869 1193 1107 1243 beneficia
1159 1196 1429 1256 servitoria,
1486 1202 1742 1261 perpetuas
1791 1199 2020 1260 vicarias,
2070 1200 2118 1248 in

346 1275 700 1324 cathedralibus
730 1276 874 1324 etiam
900 1279 1283 1343 metropolitanis
1303 1279 1377 1327 vel
1399 1279 1662 1344 collegiatis
1685 1282 1903 1330 ecclesiis
1924 1283 2116 1343 fuerint,

345 1363 392 1406 et
427 1359 488 1407 ad
527 1359 801 1424 dignitates,
833 1366 1135 1425 personatus,
1181 1363 1617 1411 administrationes
1653 1365 1726 1412 vel
1765 1365 1925 1413 officia
1955 1366 2121 1431 hujus-

343 1442 474 1491 modi
508 1445 846 1493 consueverint
884 1445 1029 1509 aliqui
1078 1462 1165 1510 per
1212 1446 1499 1495 electionem
1541 1448 1746 1507 assumi,
1791 1448 1955 1511 eisque
2004 1464 2118 1496 cura

342 1526 617 1576 immineret
676 1529 943 1577 animarum
1005 1529 1065 1577 ad
1129 1530 1435 1578 collationem
1498 1546 1912 1595 quorumcumque
1970 1531 2118 1580 colla-

345 1614 499 1660 torum
547 1629 632 1660 seu
679 1612 974 1661 collatricum
1027 1612 1076 1659 in
1119 1613 1421 1661 confectione
1464 1614 1709 1663 literarum
1765 1615 2114 1679 eligendorum,

344 1695 487 1743 etiam
523 1696 706 1744 ratione
748 1696 1049 1760 dignitatum,
1093 1696 1296 1744 comiter
1326 1697 1401 1745 vel
1431 1697 1617 1745 divisim
1648 1702 1919 1762 spectantes
1958 1714 2117 1747 reser-

340 1795 537 1838 vamus,
599 1779 872 1827 inhibentes
949 1795 1005 1827 ac
1057 1780 1393 1828 decernentes,
1455 1782 1511 1826 Et
1560 1784 1611 1828 ut
1661 1781 1945 1829 celeriorem
2005 1797 2114 1845 gra-

339 1862 513 1910 tiarum
563 1863 842 1926 hujusmodi
882 1867 1240 1925 consequantur
1285 1862 1534 1922 effectum,
1575 1863 1758 1911 eisdem
1793 1867 1927 1912 motu
1970 1863 2113 1912 simili

340 1945 679 2005 concedimus,
730 1945 1036 2009 indulgemus
1077 1961 1133 1993 ac
1182 1945 1399 1993 volumus
1448 1948 1494 1993 et
1531 1946 1836 1994 decernimus
1881 1947 2011 2010 quod
2063 1947 2111 1995 in

337 2029 618 2092 hujusmodi
651 2029 999 2077 beneficiorum
1039 2028 1401 2088 assicuratione,
1436 2029 1659 2077 omnibus
1695 2034 1742 2078 et
1775 2030 1972 2093 singulis
2005 2047 2112 2094 per-

339 2112 489 2171 sonis,
525 2112 667 2160 etiam
696 2112 903 2175 antiquis
937 2112 1248 2160 familiaribus
1281 2112 1458 2160 nostris
1486 2112 1761 2176 descriptis,
1793 2129 1877 2162 seu
1904 2129 1992 2178 per
2019 2130 2109 2162 nos

337 2199 417 2242 aut
456 2195 514 2243 de
556 2195 782 2243 mandato
830 2199 995 2243 nostro
1042 2194 1400 2254 describendis,
1449 2196 1792 2259 cujuscumque
1837 2195 2104 2260 dignitatis,

337 2282 517 2337 status,
573 2280 771 2342 gradus,
829 2279 1008 2327 ordinis
1058 2294 1142 2326 seu
1190 2277 1478 2326 conditionis
1524 2278 1732 2338 fuerint,
1779 2278 1924 2326 etiam
1973 2278 2012 2327 si
2058 2279 2106 2326 in

339 2359 599 2407 canonicos
646 2359 792 2407 creati
837 2363 884 2407 et
922 2361 1230 2424 processibus
1274 2360 1601 2423 diligentiores
1642 2360 1736 2408 sint
1772 2361 1968 2419 omnino
2001 2377 2108 2425 pre-

333 2441 451 2490 ferri
482 2442 689 2490 debeant
713 2446 760 2490 et
790 2441 1051 2501 anteferri;
1088 2457 1185 2489 non
1214 2442 1513 2488 obstantibus
1553 2441 1955 2504 quibuscumque,
1992 2446 2103 2491 ante

333 2525 589 2584 lationem,
639 2525 984 2589 prerogativiS,
1039 2523 1468 2582 declarationibus,
1514 2523 1796 2587 privilegiis,
1850 2525 2014 2588 gratiis
2057 2529 2104 2573 et

335 2608 531 2656 indultis
565 2624 620 2656 ac
653 2608 929 2667 unionibus,
969 2606 1248 2654 nominandi
1284 2610 1365 2654 aut
1396 2606 1679 2654 conferendi
1705 2606 2008 2655 facultatibus
2045 2623 2102 2656 ac

335 2692 621 2755 specialibus
641 2692 715 2740 vel
743 2691 1049 2755 generalibus
1077 2689 1479 2739 reservationibus
1507 2693 1555 2738 et
1573 2689 1813 2754 primariis
1832 2691 2102 2753 precibusa

332 2774 641 2822 familiaribus
669 2774 846 2823 nostris
883 2774 1134 2838 descriptis
1165 2789 1249 2821 seu
1282 2773 1608 2822 describendis
1639 2790 1695 2822 ac
1725 2773 1967 2837 quibusvis
1996 2774 2099 2822 aliis

331 2875 418 2922 per
443 2875 532 2906 nos
555 2858 698 2907 etiam
719 2862 851 2906 motu
874 2858 1013 2906 simili
1043 2863 1090 2906 et
1111 2875 1169 2906 ex
1190 2861 1321 2905 certa
1342 2857 1542 2905 scientia
1562 2872 1673 2906 cum
1694 2856 1933 2919 quibusvis
1955 2856 2098 2905 etiam

332 2941 716 3004 derogativarum
739 2940 1071 3003 derogatoriis,
1097 2945 1143 2988 et
1164 2940 1267 2987 aliis
1288 2939 1563 2987 fortioribus
1595 2943 1641 2988 et
1667 2939 2019 2988 efficacioribus
2041 2955 2097 2987 ac

329 3023 533 3072 insolitis
555 3023 795 3082 clausulis,
834 3023 977 3071 etiam
1010 3027 1143 3071 motu
1171 3027 1217 3071 et
1248 3022 1447 3070 scientia
1486 3022 1734 3081 similibus,
1777 3036 1863 3068 seu
1890 3020 1951 3068 ad
1981 3036 2097 3083 quo—

329 3123 645 3171 rumcumque
662 3107 1025 3170 imperatorum,
1054 3122 1241 3170 regum,
1272 3106 1468 3164 ducum,
1496 3103 1765 3168 principum
1786 3105 1866 3150 aut
1885 3101 2094 3166 prelato-

330 3207 436 3238 rum
474 3206 559 3238 seu
598 3189 805 3254 cujusvis
841 3190 1035 3238 alterius
1080 3189 1304 3237 instantia
1341 3187 1586 3237 concessis
1622 3203 1708 3236 seu
1747 3186 2089 3235 concedendis.

329 3275 430 3329 Que
471 3274 633 3322 omnia
670 3278 717 3322 et
756 3274 958 3337 singula,
1004 3272 1161 3335 quoad
1202 3271 1478 3335 hujusmodi
1525 3269 1761 3318 beneficia
1808 3286 1898 3334 per
1938 3270 2090 3318 dictos

328 3356 640 3406 conclavistas
679 3357 1010 3420 infrascriptos
1045 3355 1338 3419 acceptanda
1372 3358 1421 3402 et
1452 3353 1510 3401 de
1549 3353 1718 3416 quibus
1755 3353 1822 3402 eis
1852 3351 2090 3417 provideri

326 3439 602 3502 contigerit,
621 3440 839 3488 volumus
859 3455 957 3487 non
979 3438 1187 3498 extendi,
1206 3437 1349 3487 etiam
1362 3436 1400 3485 si
1421 3436 1480 3485 de
1493 3435 1796 3500 presentibus
1816 3449 2090 3499 expressam
