2262 3958
353 331 422 367 378
957 329 1143 366 JOHANN
1147 330 1190 366 IS
1224 329 1518 377 BURCHARDI,
1800 334 2007 377 [Decembre
2026 335 2118 379 149⁰]

354 433 496 482 certis
518 432 614 481 suis
633 431 982 480 assistentibus.
1009 434 1127 480 Octo
1146 431 1381 480 lectiones
1410 433 1631 482 dixerunt
1652 439 1873 484 cantores
1899 435 1948 484 in
1969 435 2120 485 choro

353 515 684 574 cardinalium,
713 530 892 563 nonam
927 514 1041 562 dixit
1080 515 1183 578 ipse
1221 515 1475 564 cardinalis
1511 517 1761 567 celebrans
1788 535 1922 569 more
1959 519 2117 581 solito,

353 600 451 664 qui,
486 604 532 648 et
558 599 749 662 incepto
777 601 1013 646 nocturno
1043 599 1234 658 s‘edenS,
1267 599 1452 663 accepit
1474 600 1703 660 sandalia,
1732 602 1896 652 dicens
1926 620 1938 653 z
1967 603 2122 661 Quam

351 685 532 744 dilecta,
561 692 672 743 etc.;
698 683 942 732 benedixit
974 681 1249 731 cantoribus
1283 682 1550 731 lectionum
1578 688 1630 732 ut
1655 683 1704 732 in
1733 685 1991 735 ordinario.
2022 685 2120 736 Sibi

353 771 515 816 autem
535 783 622 831 pro
640 783 768 815 nona
786 766 994 815 lectione
1016 765 1261 814 benedixit
1282 768 1448 814 Rmus,
1477 767 1732 816 cardinalis
1753 770 2122 818 Beneventanus

351 851 533 914 primus
563 850 815 915 presbyter
843 849 1096 897 cardinalis
1128 865 1186 896 ex
1213 849 1305 897 illis
1333 850 1413 913 qui
1441 849 1778 898 interfuerunt.
1816 850 1970 899 Finita
1994 865 2124 900 nona
2176 845 2180 848 ⁴

349 933 575 994 lectione,
617 934 720 998 ipse
756 933 1007 982 celebrans
1040 932 1217 996 incepit
1262 932 1325 980 Te
1358 932 1508 981 Deum
1544 933 1812 993 laudamm,
1847 933 2123 983 cantoribus

349 1017 767 1082 prosequentibus.
804 1018 904 1073 Quo
932 1016 1124 1080 incepto
1160 1016 1298 1075 sedit,
1333 1016 1445 1064 lavit
1474 1031 1645 1063 manus
1672 1020 1719 1064 et
1747 1017 1933 1081 accepit
1962 1016 2123 1065 omnia

349 1104 631 1163 paramenta
667 1100 834 1148 ordine
866 1102 1098 1147 consueto
1133 1099 1198 1147 ita
1226 1099 1355 1163 quod
1389 1103 1580 1163 paratus
1612 1103 1740 1148 esset
1768 1104 2025 1163 antequam
2060 1100 2124 1148 Te

349 1183 504 1231 Deum
529 1182 765 1230 finiretur.
792 1185 895 1239 Quo
925 1181 1078 1241 finito,
1103 1181 1219 1230 dixit
1247 1182 1473 1230 Dominus
1501 1182 1733 1230 vobiscum
1761 1186 1808 1230 et
1834 1183 2118 1243 orationem,

350 1267 533 1314 duobus
574 1266 672 1314 suis
713 1264 971 1330 capellanis
1012 1265 1107 1312 duo
1154 1265 1442 1313 candelabra
1485 1281 1595 1314 cum
1635 1264 1950 1313 luminaribus
1985 1267 2123 1330 juxta

350 1348 506 1412 ipsum
535 1349 824 1397 tenentibus.
863 1347 1063 1396 Diaconi
1101 1352 1148 1396 et
1181 1347 1459 1396 subdiaconi
1490 1348 1673 1411 capelle
1714 1351 2004 1411 acceperunt
2035 1364 2123 1398 sua

348 1435 631 1496 paramenta
663 1432 776 1479 dum
814 1445 943 1479 nona
975 1431 1119 1480 lectio
1154 1431 1410 1480 diceretur.
1447 1429 1716 1478 Duodecim
1747 1430 1959 1479 scutiferi
1991 1433 2119 1495 Pape

350 1519 607 1564 tenuerunt
635 1514 888 1563 duodecim
916 1512 1155 1562 intorticia
1175 1512 1298 1572 alba,
1330 1528 1413 1561 sex
1437 1515 1565 1560 retro
1581 1512 1790 1560 bancum
1812 1512 2137 1577 presbytero:

351 1614 457 1646 rum
486 1597 798 1646 cardinalium
825 1603 871 1647 et
897 1614 981 1647 sex
1007 1597 1055 1645 in
1081 1597 1235 1661 capite
1267 1601 1315 1645 et
1343 1600 1472 1644 retro
1500 1595 1549 1643 in
1577 1595 1784 1644 bancum
1812 1595 2123 1645 diaconorum

353 1681 685 1730 cardinalium.
730 1685 898 1731 Preter
944 1682 1270 1730 celebrantem
1312 1680 1632 1728 interfuerunt
1676 1683 1786 1727 octo
1828 1678 2120 1740 cardinaleS,

347 1764 565 1813 videlicet
600 1783 610 1814 t
650 1767 1035 1824 BeneventanUS,
1073 1762 1333 1811 Aleriensis
1373 1767 1420 1811 et
1460 1779 1498 1810 s.
1537 1762 1788 1811 Anastasie
1823 1762 2118 1827 presbyteri;

351 1847 596 1907 Senensis,
624 1848 682 1896 de
714 1850 863 1908 Fuxo,
901 1865 940 1895 s.
975 1848 1181 1912 Georgii,
1212 1846 1444 1895 Columna
1471 1849 1519 1894 et
1542 1845 1778 1893 Ascanius
1806 1845 2014 1906 diaconi,
2036 1846 2119 1909 qui

354 1945 542 1991 omnes,
566 1934 727 1994 preter
746 1931 1044 1980 Aleriensem
1063 1931 1113 1978 in
1138 1930 1315 1994 palatio
1344 1930 1436 1978 hac
1461 1931 1604 1978 nocte
1622 1929 1926 1992 quieverunt.
1955 1932 2009 1978 ln
2027 1929 2120 1978 hac

354 2014 517 2073 missa,
544 2014 705 2062 omnia
734 2017 841 2062 sunt
868 2030 1004 2063 more
1036 2013 1175 2062 solito
1197 2014 1464 2072 observata,
1497 2029 1588 2076 que
1618 2013 1751 2062 finita
1770 2017 1842 2063 est
1862 2013 1989 2062 inter
2007 2014 2123 2062 duo-

352 2097 589 2164 decimam
611 2101 656 2146 et
678 2097 916 2146 decimam
937 2097 1128 2146 tertiam
1145 2097 1307 2145 horas.
1335 2099 1435 2152 Qua
1455 2095 1608 2156 finita,
1632 2096 1898 2146 cardinales
1918 2097 2122 2161 predicti

352 2185 399 2228 et
432 2180 509 2228 alii
544 2196 711 2229 omnes
746 2181 994 2230 exiverunt
1029 2180 1281 2245 capellam,
1321 2183 1541 2228 cantores
1572 2180 1793 2228 dixerunt
1812 2180 1980 2229 laudes
2014 2180 2125 2228 sub-

352 2263 500 2312 missa
523 2279 640 2312 voce
666 2264 891 2328 legendo,
924 2264 1196 2313 Secundam
1222 2263 1420 2311 missam
1447 2263 1563 2312 dixit
1590 2265 1738 2313 abbas
1770 2281 1808 2312 s.
1835 2264 2119 2325 Sebastiani,

354 2347 552 2395 sacrista
571 2347 749 2410 palatii,
774 2348 849 2395 cui
870 2348 919 2395 in
938 2347 1097 2396 officio
1116 2347 1500 2396 ceremoniarum
1516 2348 1759 2396 Johannes
1774 2347 1923 2396 Maria
1939 2347 2124 2412 collega

353 2445 488 2478 meus
504 2430 631 2477 solus
643 2429 926 2478 ministravit
940 2429 1051 2492 quia
1068 2432 1124 2478 D.
1143 2430 1353 2478 Aldellus
1369 2434 1417 2477 et
1435 2444 1544 2492 ego,
1565 2433 1673 2492 post
1687 2429 1891 2492 primam
1902 2429 2119 2490 missam,

352 2513 547 2559 domum
581 2511 830 2559 rediimus.
868 2511 1066 2570 Forerii,
1090 2515 1349 2574 antequam
1385 2512 1598 2560 secunda
1629 2511 1776 2559 missa
1811 2511 2118 2576 inciperetur,

352 2596 678 2659 deposuerunt
711 2599 756 2642 et
790 2598 1071 2642 amoverunt
1101 2609 1286 2658 pannos
1318 2594 1490 2643 virides
1527 2610 1585 2643 ex
1617 2594 1801 2659 capella
1837 2599 1890 2643 ut
1918 2595 2122 2644 chorum

351 2677 548 2726 basilice
576 2694 615 2725 s.
653 2677 781 2726 Petri
810 2680 1035 2741 pararent
1067 2680 1115 2725 et
1147 2677 1270 2725 male
1311 2677 1423 2741 quia
1455 2677 1726 2742 potuissent
1757 2678 1806 2726 id
1834 2682 1943 2742 post
1973 2678 2122 2728 finem

355 2760 500 2808 misse
521 2760 713 2809 fecisse.

418 2843 612 2889 Festum
629 2841 883 2890 nativitatis
903 2842 1158 2892 Salvatoris
1181 2847 1234 2893 N.
1256 2847 1299 2893 J.
1323 2848 1396 2905 G„
1420 2844 1539 2893 feria
1559 2850 1709 2906 sexta,
1730 2849 1789 2894 25
1811 2845 1924 2894 dicti
1941 2845 2121 2894 mensis

354 2924 622 2973 decembris
642 2924 901 2988 incipiente
923 2941 951 2973 a
970 2926 1210 2975 nativitate
1227 2928 1444 2992 ejusdem
1465 2930 1868 2977 MCCCCLXXXX
1888 2929 1937 2976 in
1954 2943 2116 2988 mane,

356 3009 439 3055 SS.
474 3009 529 3055 D.
565 3009 623 3056 N.
667 3011 861 3071 paratus
890 3024 1024 3056 more
1059 3010 1218 3071 solito,
1245 3011 1682 3076 processionaliter
1711 3012 1799 3060 sub
1827 3011 2114 3060 baldachino

353 3090 480 3138 venit
496 3090 557 3138 ad
573 3089 819 3138 basilicam
842 3090 1068 3155 principis
1092 3094 1420 3157 apostolorum
1444 3094 1502 3142 de
1532 3094 1656 3143 Urbe
1682 3095 1781 3155 ubi,
1809 3095 1934 3143 facta
1961 3094 2011 3142 in
2030 3093 2117 3142 fal-

356 3172 552 3220 distorio
581 3189 640 3222 ex
664 3188 798 3221 more
828 3173 1062 3234 oratione,
1086 3176 1303 3225 ascendit
1324 3176 1488 3225 sedem
1509 3177 1698 3225 bassam
1719 3193 1807 3241 pro
1828 3176 2116 3241 recipiendis

354 3257 645 3318 paramentis
685 3256 951 3305 ordinatam
990 3258 1070 3305 ubi
1101 3259 1366 3307 cardinales
1409 3263 1456 3306 et
1486 3274 1654 3307 omnes
1684 3260 1893 3324 prelatos
1925 3261 2116 3323 paratos

353 3337 413 3384 ad
438 3339 753 3388 reverentiam
785 3341 983 3405 recepit.
1016 3341 1198 3405 Incepit
1223 3341 1396 3390 deinde
1421 3342 1629 3402 tertiam,
1657 3347 1705 3391 et
1725 3343 1817 3391 alia
1836 3357 1970 3391 more
1999 3356 2117 3389 con-

355 3422 489 3466 sueto
517 3425 626 3468 sunt
656 3422 918 3470 observata.
946 3427 1109 3471 Rmus.
1137 3424 1555 3473 vicecancellarius
1587 3426 1699 3474 fecit
1720 3426 1939 3491 'officium
1966 3424 2113 3472 assis-
