2262 3958
169 289 275 333 [Mars
295 288 387 329 1489]
626 283 795 322 RERUM
828 282 1135 322 URBANARUM
1172 280 1531 319 COMMENTARII.
1883 281 1952 317 331

229 391 352 439 Nota
371 387 500 452 quod
518 386 812 451 paucissima
834 386 943 434 date
967 389 1079 434 sunt
1106 384 1306 434 candele
1333 400 1421 448 per
1447 383 1730 449 pontificem
1752 387 1800 432 et
1814 383 1953 447 juxta

164 471 324 522 medie
343 470 467 536 parti
488 485 807 535 personarum
829 485 922 534 que
943 472 1053 533 post
1074 467 1330 517 scutiferos
1357 469 1485 532 Pape
1507 471 1837 527 accesserunt,
1863 483 1949 531 pro

163 554 452 620 recipiendis
470 554 702 614 candeliS,
727 553 929 602 candele
951 553 1062 601 date
1085 556 1194 600 sunt
1220 567 1230 599 ε
1256 552 1429 615 quibus
1452 551 1592 611 datis,
1620 554 1676 599 D.
1702 551 1950 600 Johannes

163 640 224 690 de
260 640 441 690 Staden
477 640 648 689 doctor
682 642 730 688 et
765 637 903 685 miles
945 635 1361 699 prestantissimus
1407 639 1571 684 orator
1618 651 1792 699 magne
1829 651 1950 684 nove

163 724 272 789 lege
292 722 572 772 Alamanice
589 721 720 770 dedit
743 734 916 783 aquam
944 718 1160 782 pontifici
1188 733 1275 782 pro
1298 719 1512 766 lavandis
1539 719 1780 779 manibuS,
1807 722 1946 768 Rm0.

162 805 560 857 vicecancellario
587 805 746 870 ipsum
783 803 1038 867 adjuvante
1079 801 1138 849 ad
1166 801 1468 864 evangelium
1501 818 1511 849 :
1543 804 1673 866 Papa
1709 807 1756 851 et
1793 804 1951 852 cardi-

163 892 317 953 nales,
357 890 608 940 celebrans
642 892 690 937 et
728 886 898 951 prelati
936 901 1106 934 omnes
1140 888 1400 933 tenuerunt
1436 885 1662 933 candelas
1698 901 1946 948 accensaS,

164 992 302 1042 quae,
342 973 479 1023 finito
519 971 788 1036 evangelie,
832 970 1088 1018 servitores
1129 968 1437 1017 extinxerunt
1478 970 1524 1015 et
1562 982 1648 1031 pro
1683 966 1950 1017 elevatione

163 1058 544 1109 reaccendat-unt
591 1059 640 1105 et
682 1070 914 1104 accensas
964 1053 1223 1102 servitores
1277 1051 1586 1100 retinuerunt
1631 1066 1783 1115 usque
1842 1057 1952 1115 post

161 1141 573 1192 communionem.
610 1142 738 1203 Papa
773 1138 905 1187 solus
935 1153 1072 1186 suam
1109 1136 1264 1185 tenuit
1291 1135 1418 1199 infra
1445 1134 1764 1183 elevationem
1794 1151 1953 1184 sacra-

160 1225 331 1286 menti,
356 1229 461 1274 tum
483 1240 592 1274 eam
613 1223 769 1273 tenuit
795 1225 859 1271 D.
890 1221 1216 1271 Bernardinus
1244 1224 1462 1270 secretus
1483 1218 1807 1269 cubicularius
1836 1236 1950 1268 suus

161 1325 317 1375 usque
339 1310 400 1359 ad
419 1313 530 1373 post
551 1307 968 1358 communionem.
993 1306 1191 1355 Missam
1213 1305 1473 1355 celebravit
1491 1307 1658 1353 Rmus,
1684 1305 1741 1351 D.
1774 1303 1949 1352 Hiero-

159 1409 336 1460 nymus
367 1393 623 1442 cardinalis
669 1391 1052 1441 Rechanatensis
1093 1395 1140 1439 et
1178 1405 1277 1439 non
1311 1389 1399 1438 suit
1438 1404 1616 1438 sermo.
1649 1387 1757 1437 Alia
1789 1387 1951 1435 omnia

162 1478 414 1527 observata
431 1480 541 1525 sunt
561 1492 696 1526 more
719 1475 878 1524 solito.

227 1559 368 1609 Feria
389 1563 577 1624 quarta,
610 1562 638 1606 4
661 1558 843 1606 mensis
870 1558 1049 1618 martii,
1080 1558 1156 1607 die
1185 1557 1423 1616 cinerum,
1455 1557 1539 1605 SS.
1572 1559 1630 1604 D.
1663 1558 1720 1604 N.
1752 1559 1949 1620 paratus

162 1659 299 1693 more
327 1643 469 1692 solito
509 1642 637 1692 venit
666 1643 727 1691 ad
772 1642 1007 1706 capellam
1040 1642 1278 1705 majorem
1308 1639 1471 1704 palatii
1506 1639 1579 1687 sui
1613 1638 1834 1703 predicti,
1868 1638 1949 1687 ubi

162 1726 291 1776 facta
311 1726 402 1774 sibi
418 1742 508 1790 per
533 1725 802 1774 cardinales
830 1725 1100 1774 reverentia
1126 1728 1359 1773 consueta
1387 1723 1437 1770 in
1467 1723 1651 1787 cappiS,
1681 1721 1950 1771 cardinales

161 1810 212 1858 in
231 1809 352 1859 locis
377 1809 476 1858 suis
507 1813 555 1857 et
586 1808 758 1873 prelati
792 1812 928 1857 extra
963 1809 1198 1873 capellam
1233 1810 1528 1870 acceperunt
1558 1810 1861 1870 paramenta,
1898 1811 1951 1854 ut

160 1891 312 1942 moris
343 1895 417 1941 est
441 1895 578 1941 :tum
618 1894 677 1940 D.
715 1891 1013 1957 Hieronymo
1048 1891 1313 1955 Calagrano
1351 1891 1647 1939 subdiacono
1682 1890 1948 1954 apostolico

159 1979 330 2042 parato
350 1975 506 2025 bacile
534 1975 755 2024 cinerum
782 1975 843 2023 ad
873 1976 1123 2025 dexteram
1143 1978 1270 2040 Pape
1294 1974 1552 2039 genuflexo
1580 1979 1797 2036 tenente,
1822 1978 1951 2040 Papa

161 2060 338 2110 sedens
366 2063 568 2125 propter
602 2059 902 2108 debilitatem
928 2059 1175 2108 benedixit
1206 2059 1415 2119 cineres„
1447 2059 1727 2108 cantoribus
1754 2060 1949 2108 interim

160 2143 467 2193 cantantibus
483 2142 686 2191 Exaudi
714 2150 822 2201 etc„
849 2143 1024 2207 quibus
1050 2141 1337 2200 benedictis,
1359 2141 1568 2205 aspersis
1596 2145 1644 2190 et
1664 2141 1945 2203 incensatis,

161 2231 328 2276 RmuS.
365 2229 422 2276 D.
459 2226 718 2276 cardinalis
758 2243 798 2275 s.
840 2226 969 2275 Petri
1012 2227 1074 2275 ad
1106 2225 1336 2285 Vincula,
1386 2223 1545 2287 major
1581 2224 1947 2287 penitentiarius

161 2310 512 2370 celebraturUS,
546 2310 772 2359 omnibus
803 2310 1014 2359 vestibus
1052 2310 1201 2358 sacris
1235 2315 1452 2374 paratUS,
1477 2309 1621 2358 anulo
1660 2308 1944 2373 pontificali,

160 2394 454 2444 chirothecis
476 2391 530 2443 *et
550 2394 694 2443 mitra
713 2394 938 2459 demptiS,
965 2394 1274 2458 discooperto
1292 2393 1467 2458 capite,
1493 2393 1700 2442 accessit
1715 2393 1776 2441 ad
1794 2393 1951 2457 ponti-

158 2478 322 2540 ficem,
341 2483 388 2528 et
405 2482 538 2527 stans
553 2493 719 2527 coram
732 2494 810 2539 ee,
830 2481 960 2543 Papa
972 2478 1204 2542 imposuit
1218 2478 1408 2527 cineres
1423 2477 1543 2525 nihil
1562 2477 1728 2526 dicens
1742 2493 1752 2536 3
1772 2477 1948 2526 deinde

159 2562 387 2628 imposita
406 2562 551 2611 mitra
571 2566 618 2611 et
639 2562 856 2627 gremiali
877 2562 1095 2627 pontifici
1118 2561 1248 2611 dedit
1274 2562 1378 2626 ipse
1408 2561 1597 2610 cineres
1630 2561 1786 2625 primo
1826 2562 1951 2611 cele-

161 2646 319 2695 branti
355 2651 529 2712 postea
571 2646 967 2696 vicecancellario
1012 2651 1060 2695 et
1102 2646 1206 2695 aliis
1244 2647 1468 2694 omnibus
1499 2661 1635 2694 more
1668 2651 1902 2695 consueto
1934 2666 1944 2696 :

162 2729 339 2795 quibus
367 2730 509 2791 datis,
543 2733 674 2795 Papa
700 2730 814 2779 lavit
840 2746 1030 2791 manus,
1072 2735 1264 2779 oratore
1296 2734 1596 2788 Venetorum
1632 2746 1808 2794 aquam
1845 2731 1950 2778 fun-

162 2813 306 2862 dente
329 2817 378 2861 et
397 2815 538 2861 Rm0.
572 2815 628 2861 D.
664 2813 909 2862 cardinale
941 2830 980 2861 s.
1008 2814 1182 2878 Angeli
1208 2815 1603 2879 presbyterorum
1632 2813 1948 2862 cardinalium

159 2897 320 2962 priore
342 2897 598 2945 assistente
620 2900 668 2945 et
687 2897 846 2960 ipsum
868 2897 1120 2960 adjuvante
1141 2914 1152 2957 3
1178 2898 1353 2946 deinde
1379 2900 1510 2962 Papa
1528 2902 1660 2945 stans
1681 2896 1784 2945 sine
1807 2897 1949 2945 mitra

159 2980 277 3030 dixit
312 2980 585 3029 orationem
625 2985 941 3039 consuetam3
976 2985 1078 3029 tum
1118 2981 1232 3029 fecit
1279 2981 1641 3030 confessionem
1677 2997 1787 3029 cum
1824 2981 1949 3030 cele-

158 3064 328 3112 brante
357 3066 404 3112 et
431 3064 767 3113 continuatum
801 3069 875 3114 est
902 3064 1138 3114 officium.
1175 3065 1371 3113 Missam
1402 3065 1660 3114 celebravit
1695 3069 1861 3113 Rmus.
1887 3067 1944 3113 D.

159 3147 415 3196 cardinalis
449 3164 489 3196 S.
527 3148 657 3197 Petri
690 3149 751 3197 ad
776 3149 999 3209 Vincula,
1028 3153 1076 3197 et
1104 3164 1202 3196 non
1237 3148 1325 3196 fuit
1354 3164 1516 3197 sermo
1550 3164 1611 3198 ex
1644 3164 1720 3209 e0,
1752 3153 1802 3196 ut
1836 3153 1948 3198 tunc

157 3231 484 3292 asserebatur,
520 3233 649 3296 quod
679 3233 912 3297 magister
944 3233 1069 3281 sacri
1091 3232 1254 3296 palatii
1281 3247 1560 3281 sermonem
1588 3232 1824 3281 hodierne
1854 3233 1947 3282 diei

157 3315 469 3364 commiserat
498 3318 555 3364 D.
592 3319 734 3365 Petro
769 3317 1048 3366 caudatario
1079 3316 1204 3365 Rmi.
1243 3319 1300 3364 D.
1342 3315 1600 3364 cardinalis
1635 3332 1674 3364 s,
1716 3316 1866 3364 Marci
1900 3322 1949 3366 et

157 3398 334 3450 deinde
356 3400 415 3449 ab
442 3415 501 3448 eo
526 3406 834 3450 revocaverat
855 3406 903 3450 et
920 3400 1057 3450 alteri
1085 3401 1335 3465 capellano
1367 3400 1492 3448 Rmi.
1525 3403 1580 3448 D.
1614 3400 1871 3450 cardinalis
1903 3418 1943 3450 S.
