2262 3958
161 293 316 337 tJanvier
336 294 427 335 ¹485]
608 291 776 330 RERUM
811 290 1116 329 URBANARUM
1153 289 1504 328 COMMENTARII.
1885 295 1951 332 135

159 394 436 462 prehendit,
485 394 652 443 dicens
704 409 813 443 eam
857 394 1137 458 hujusmodi
1186 394 1312 442 actui
1353 394 1627 444 nullatenus
1668 397 1944 457 convenire,

160 479 370 538 maxime
392 495 504 529 cum
526 472 784 544 processus
804 477 998 526 habitus
1019 477 1068 526 in
1094 477 1187 526 hac
1210 478 1412 527 materia
1433 479 1493 527 sit
1520 494 1631 528 cum
1653 495 1829 544 magna
1849 480 1951 529 dili-

160 563 326 630 gentia
347 566 640 629 RRmorum.
667 565 766 612 DD.
784 561 1099 611 cardinalium
1124 566 1172 609 et
1193 562 1396 611 aliorum
1412 563 1471 611 ad
1492 564 1587 612 hoc
1605 564 1946 628 deputatorum

158 648 482 708 examinatuS‚
502 652 552 697 et
573 645 983 697 canonizationem
1015 645 1142 693 hanc
1177 661 1234 693 ex
1269 646 1385 694 actis
1416 651 1463 694 et
1496 647 1710 712 probatis
1733 648 1839 697 fieri
1862 649 1948 696 de-

159 732 324 782 buisse
345 737 394 781 et
414 733 617 791 debere;
642 735 898 796 propterea
927 728 1190 777 Ecclesiam
1216 746 1311 777 non
1335 731 1551 793 potuisse
1579 747 1670 781 nec
1693 732 1872 781 debere
1901 733 1947 781 in

163 833 223 868 ea
244 832 430 878 errare;
465 817 551 865 sed
584 812 984 879 protestationem
1011 813 1305 876 hujusmodi,
1342 814 1459 862 alias
1494 815 1671 864 factam
1695 816 1845 865 fuisse
1869 833 1953 881 op·

164 905 372 968 portune
405 905 452 950 et
478 897 824 949 convenienter
850 913 937 961 per
963 896 1043 945 sel.
1075 912 1216 946 rec...
1251 898 1299 945 in
1329 898 1649 965 civitate...(1)
1682 901 1732 948 in
1754 900 1953 948 canoni-

164 984 352 1038 manne
371 983 434 1035 ad
453 997 599 1048 quam
618 980 888 1030 faciendam
903 981 1032 1030 idem
1048 981 1263 1047 pontifex
1285 982 1698 1048 absquelegitimo
1718 1000 1951 1048 processu

96 1073 99 1077 ’
162 1069 322 1119 fuerat
354 1065 782 1131 semicompulsuS,
811 1065 1039 1129 illamque
1069 1066 1207 1130 quasi
1240 1070 1372 1115 metu
1404 1067 1580 1118 fecisse
1607 1084 1616 1116 :
1640 1083 1734 1132 que
1764 1068 1811 1117 in
1846 1084 1952 1134 pre-

163 1151 291 1203 senti
311 1150 674 1202 canonizatione
696 1166 794 1198 non
816 1149 1143 1199 offendebant.

222 1236 466 1303 Replicavi
486 1236 612 1285 hanc
634 1235 1033 1300 protestationem
1054 1234 1159 1284 fieri
1181 1231 1361 1285 dehere
1383 1252 1470 1300 per
1495 1240 1551 1285 R.
1579 1239 1635 1285 D.
1664 1237 1951 1302 episcopum

165 1320 440 1371 Pientinum
480 1319 627 1369 officii
658 1319 809 1369 nostri
840 1319 1231 1368 ceremoniarum
1269 1320 1599 1385 presidentem
1624 1321 1704 1387 (2),
1743 1326 1790 1370 et
1822 1338 1849 1370 a
1874 1338 1951 1370 me

159 1405 311 1465 fuisse
342 1405 632 1465 ordinatam,
658 1421 718 1454 ex
739 1420 797 1453 eo
819 1404 949 1468 quod
979 1404 1026 1452 in
1054 1404 1500 1454 canonizationibus
1534 1410 1817 1467 sanctorum
1842 1407 1955 1454 Ber-

166 1489 645 1551 nardini,Vincentii,
665 1488 921 1539 Catherine
944 1488 1003 1537 de
1026 1488 1164 1537 Senis
1185 1493 1233 1538 et
1251 1491 1608 1549 Bonaventure,
1635 1490 1811 1539 nostris
1834 1495 1954 1540 tem-

165 1574 367 1640 poribus
389 1573 505 1623 alias
525 1577 636 1623 ante
659 1573 931 1633 celebratiS,
951 1588 1059 1621 eam
1082 1574 1348 1637 reperimus
1372 1590 1479 1623 esse
1503 1575 1807 1624 observatam
1829 1581 1953 1624 tam-

169 1672 314 1722 quam
345 1657 603 1708 convenire
635 1657 895 1717 videretur,
932 1673 990 1705 ex
1024 1672 1082 1706 eo
1116 1659 1243 1721 quod
1281 1659 1369 1707 etsi
1403 1664 1511 1708 acta
1548 1664 1596 1708 et
1626 1661 1830 1724 probata
1864 1677 1951 1724 pro

165 1742 529 1792 canonizatione
552 1741 747 1802 faciant,
766 1745 971 1805 possunt
991 1741 1305 1791 nihilominus
1322 1759 1428 1792 esse
1445 1744 1582 1804 falsa,
1603 1744 1770 1808 sicque
1791 1744 1955 1793 Eccle-

168 1825 288 1883 siam
308 1825 358 1876 in
374 1825 470 1875 hoc
491 1842 635 1894 posse
658 1842 845 1887 errare;
880 1831 946 1887 et,
970 1827 1044 1876 his
1068 1827 1224 1887 dictis,
1251 1828 1546 1877 cardinalem
1569 1827 1727 1876 dimisi
1752 1827 1835 1893 (3).

211 2003 248 2038 1.
273 2000 381 2038 Ainsi
401 2000 494 2038 dans
512 2005 595 2038 tous
615 2001 668 2038 les
688 2012 778 2038 mSS.

206 2061 244 2098 2.
266 2060 358 2099 Bien
378 2059 466 2110 qu'il
485 2064 548 2099 ent
566 2062 653 2098 cede
676 2073 718 2098 sa
736 2062 872 2110 charge
889 2064 911 2098 a
931 2062 1120 2098 Burchard
1135 2062 1235 2110 (voy.
1256 2073 1293 2109 p.
1316 2063 1352 2107 2,
1373 2064 1456 2098 note
1479 2061 1528 2108 1),
1546 2061 1701 2097 Patrizzi
1722 2064 1822 2098 resta
1840 2064 1956 2097 nean-

160 2122 280 2159 moins
300 2121 444 2160 attache
464 2124 486 2158 a
504 2121 634 2158 l'office
650 2121 716 2158 des
737 2121 959 2158 ceremonies
981 2121 1024 2157 de
1045 2122 1079 2158 la
1104 2121 1266 2170 chapelle
1298 2120 1428 2169 papale
1455 2132 1499 2157 en
1529 2120 1664 2168 qualite
1687 2121 1730 2156 de
1751 2121 1951 2168 president,

162 2181 326 2219 fonction
343 2181 408 2231 qui
433 2180 570 2218 semble
595 2181 696 2218 avoir
726 2184 783 2217 ete
815 2181 1324 2230 exceptionnellementcreee
1345 2193 1390 2218 en
1422 2191 1463 2217 sa
1495 2180 1634 2226 faveur,
1658 2191 1745 2217 sans
1778 2180 1889 2218 doute
1908 2193 1951 2218 en

161 2241 285 2290 raison
303 2241 349 2290 de
366 2253 408 2278 sa
423 2243 658 2290 competence
678 2241 848 2290 speciale.

209 2303 244 2340 3.
277 2317 297 2337 «
316 2301 358 2338 In
372 2301 577 2351 Epiphania
597 2301 775 2349 sequenti,
798 2301 964 2338 videlicet
984 2302 1087 2347 1485,
1102 2301 1218 2350 primo
1239 2313 1335 2338 anno
1351 2301 1444 2349 ejus,
1468 2296 1692 2349 Leopoldum
1710 2301 1951 2347 canonizavit,

162 2360 208 2399 ‘ex
239 2365 314 2410 q'uo
350 2361 464 2398 fertur
496 2361 679 2409 recepisse
705 2361 751 2398 ab
781 2361 1003 2410 Imperatore
1045 2372 1223 2398 summam
1257 2360 1466 2410 quindecim
1497 2360 1648 2397 millium
1677 2361 1909 2400 ducatorum.
1935 2376 1951 2396 n

162 2422 368 2472 (Infessura
387 2421 480 2459 dans
507 2422 656 2468 Eccard,
679 2422 747 2460 col.
773 2423 895 2470 1951.)
1303 2415 1314 2426 ⁹

213 2497 233 2519 «ι
259 2484 318 2520 Au
335 2487 433 2520 reste
452 2482 485 2520 le
505 2482 619 2531 Pape,
641 2485 662 2519 a
681 2482 716 2518 la
741 2482 868 2527 verite,
886 2481 1021 2519 n'avait
1051 2494 1116 2531 pas
1149 2484 1206 2519 ete
1226 2481 1323 2519 force
1343 2484 1365 2518 a
1383 2483 1418 2518 la
1439 2481 1691 2519 canonisation
1712 2482 1757 2519 de
1779 2482 1953 2531 Leopoid,

163 2542 256 2580 mais
275 2542 300 2580 il
319 2555 345 2592 y
364 2542 459 2580 avait
478 2545 534 2580 ete
549 2542 742 2580 fortement
762 2543 891 2588 excite,
909 2542 965 2580 s'il
985 2546 1042 2580 est
1066 2542 1156 2588 vrai,
1178 2554 1317 2579 comme
1338 2541 1510 2578 l'insinue
1530 2542 1732 2585 Int'essura,
1755 2555 1825 2591 que
1846 2543 1954 2579 l⁷Em-

158 2613 293 2654 pereur
311 2602 360 2640 lui
381 2602 479 2641 avait
498 2603 620 2640 donne
641 2602 770 2651 quinze
790 2602 886 2639 mille
913 2602 1044 2639 ducats
1074 2613 1166 2650 pour
1192 2601 1240 2650 l’y
1273 2613 1448 2650 engager.
1473 2615 1492 2635 »
1515 2602 1583 2650 (De
1614 2601 1843 2650 Brequigny,
1867 2614 1953 2639 ουν.

159 2663 238 2708 cit„
258 2674 296 2712 p.
317 2663 395 2712 85.)
417 2663 472 2700 On
493 2667 583 2712 peut
598 2663 711 2700 croire
731 2663 938 2711 egaiement
957 2674 1029 2712 que
1055 2667 1150 2700 cette
1171 2674 1322 2704 somme,
1340 2664 1500 2710 envoyee
1521 2664 1627 2710 apres
1649 2661 1682 2698 la
1701 2661 1954 2699 canonisation

160 2722 206 2759 de
230 2715 405 2772 Leopold,
426 2723 512 2761 etait
533 2723 698 2760 destinae
719 2726 740 2760 a
758 2735 869 2772 payer
891 2735 960 2760 une
983 2723 1098 2772 partie
1119 2723 1185 2759 des
1206 2722 1292 2759 frais
1315 2721 1445 2771 qu‘elle
1463 2722 1560 2759 avait
1581 2721 1833 2758 occasionnes.

169 2774 171 2776 ¹
207 2781 279 2819 Les
295 2781 477 2831 depenses
494 2781 767 2820 considerables
800 2795 872 2832 que
904 2782 1116 2820 necessitait
1148 2795 1220 2820 une
1253 2782 1506 2819 canonisation
1531 2781 1777 2818 incombaicnt
1796 2793 1954 2830 presque

165 2841 403 2880 entierement
434 2845 456 2880 a
483 2842 578 2880 celui
607 2855 654 2880 ou
687 2847 709 2881 a
739 2856 830 2882 ceux
864 2845 926 2894 qui
955 2845 1124 2882 l'avaient
1151 2845 1339 2882 sollicitee.
1369 2845 1419 2881 Le
1456 2834 1687 2891 Saint-Siege
1720 2842 1864 2881 tolerait
1892 2852 1953 2877 ces

164 2903 346 2952 depenses
366 2907 402 2940 et
420 2905 537 2940 meme
551 2903 574 2940 il
595 2903 649 2940 les
669 2903 930 2952 encourageait
949 2915 1041 2953 pour
1070 2905 1247 2953 degouter
1267 2906 1331 2942 des
1352 2904 1625 2941 canonisations
1653 2904 1849 2940 accordees
1873 2913 1955 2938 sou-

167 2966 256 2999 vent
271 2961 392 2999 moins
413 2973 459 2999 au
480 2962 604 2999 merite
625 2962 670 2999 de
690 2962 784 2999 celui
804 2963 914 3012 qu'on
941 2963 1148 3000 canonisait
1173 2965 1311 3012 qu'aux
1337 2963 1590 3001 sollicitations
1612 2963 1676 3000 des
1704 2963 1864 3011 princes,
1888 2963 1953 2998 des

169 3021 273 3060 vines
293 3025 331 3060 et
353 3022 418 3059 des
437 3022 583 3059 nations
600 3022 663 3071 qui
687 3022 743 3072 s'y
770 3021 1038 3060 interessaient.
1061 3023 1113 3060 La
1131 3023 1383 3061 canonisation
1408 3024 1453 3060 de
1480 3023 1641 3071 Leopoid
1662 3026 1771 3059 conta
1790 3023 1837 3058 ‘25
1859 3021 1953 3058 mille

167 3082 313 3128 ducats,
346 3093 485 3121 comme
504 3094 598 3120 nous
619 3082 805 3131 l’apprend
827 3083 932 3120 Paris
963 3083 1008 3119 de
1037 3083 1184 3121 Grassis
1217 3086 1309 3121 dans
1342 3096 1408 3121 son
1436 3084 1581 3132 Journal
1603 3083 1713 3131 (Bibi.
1737 3086 1828 3126 nat„
1861 3092 1951 3119 mss

165 3141 228 3179 lat.
249 3141 357 3180 5165.
379 3143 536 3180 Paridis
555 3145 602 3179 de
622 3143 777 3180 Grassis
796 3144 988 3190 diarium,
1010 3147 1036 3180 t.
1060 3144 1124 3189 111,
1147 3143 1208 3181 sol.
1230 3144 1373 3192 757-8).

217 3215 282 3238 u...
305 3201 425 3249 (Anno
441 3203 569 3253 1519.)
590 3225 636 3230 -
657 3203 844 3252 Respondi
861 3204 966 3252 (pape
987 3204 1098 3240 Leoni
1119 3204 1166 3245 X)
1188 3204 1350 3242 similiter
1370 3209 1405 3241 et
1426 3196 1586 3258 tiempore
1609 3202 1810 3239 Innocentii
1836 3200 1954 3240 octavi

170 3260 310 3298 vidisse
331 3265 368 3299 et
386 3261 594 3300 interfuisse
615 3263 762 3312 quando
789 3263 1026 3301 canonizatus
1056 3264 1124 3301 fuit
1153 3264 1291 3301 Beatus
1319 3263 1525 3312 Leopoldus
1553 3263 1658 3311 cujus
1686 3262 1794 3299 etiam
1820 3274 1954 3312 pompa

168 3321 237 3359 fuit
259 3322 416 3358 maxima
438 3322 602 3370 :legisse
630 3328 751 3361 autem
780 3323 817 3360 in
843 3323 943 3360 libris
971 3324 1102 3360 Rahuli
1135 3323 1215 3372 (sic,
1248 3335 1311 3372 pro
1337 3324 1494 3371 Rebioli)
1518 3327 1554 3360 et
1573 3323 1774 3372 Augustini
1801 3323 1954 3360 Patricii

167 3385 257 3418 tunc
277 3381 534 3429 magistrorum
555 3383 839 3420 ceremoniarum
860 3395 926 3432 pro
948 3383 1204 3420 Bonaventura
1223 3384 1336 3420 fuisse
1357 3382 1542 3431 expositos
1564 3384 1649 3421 duc.
1672 3383 1749 3420 auri
1775 3383 1953 3420 MXXVII

171 3444 207 3478 et
226 3452 290 3490 pro
315 3440 496 3490 Leopoldo
517 3442 671 3489 MXXV,
694 3442 790 3480 sicut
809 3455 982 3493 expresse
1003 3443 1150 3493 scripsit
1170 3443 1264 3480 idem
1286 3443 1515 3492 Augustinus
1537 3443 1718 3482 Patricius
1739 3449 1774 3480 et
1791 3444 1953 3483 Joanncs
