2262 3958
334 341 402 378 122
935 332 1166 371 JOHANNIS
1200 330 1493 378 BURCHARDI,
1774 333 1978 377 [Decembre
2001 337 2090 379 1484]

333 442 425 490 alia
446 441 591 490 etiam
613 457 671 490 ex
690 440 922 488 zuccharo
947 438 1181 496 confecta,
1214 441 1260 485 et
1286 436 1500 500 pinetum
1525 435 1912 487 inzuccharatum
1937 442 1984 488 et
2004 441 2095 490 alia

332 525 632 588 hujusmodi;
659 527 704 571 et
725 521 935 569 scutiferi
959 536 1068 568 cum
1088 519 1194 566 vino
1218 522 1264 567 et
1290 534 1428 581 aqua,
1463 522 1510 566 et
1533 517 1581 566 id
1604 524 1771 583 quarto
1793 521 2094 578 observatum

334 610 406 654 est
427 606 483 653 de
507 606 646 653 rebus
667 606 806 667 prout
826 601 1039 665 pontifici
1069 601 1224 649 fuerat
1244 599 1587 648 ministratum.

401 687 554 737 Finita
604 686 860 734 collatione
910 684 1247 743 cardinalium,
1300 683 1364 731 illi
1410 684 1618 747 quinque
1663 686 1937 736 cubicularii
1985 706 2093 739 cum

333 770 516 816 duabus
550 767 901 831 guardanappis
938 766 1086 815 secuti
1129 770 1239 814 sunt
1275 765 1588 814 cubicularios
1627 771 1674 816 et
1707 771 1975 833 scutiferos,
2013 775 2095 838 qui

331 851 550 901 ultimum
580 840 638 899 'et
681 855 904 915 quartum
940 850 1175 899 ferculum
1221 853 1267 898 et
1302 854 1469 914 potum
1510 854 1814 914 portaverant
1848 871 1997 919 usque
2035 857 2097 905 ad

334 934 644 994 credentiam,
688 934 767 982 ubi
807 934 968 983 omnia
1005 933 1316 993 admiserunt,
1360 937 1406 982 et
1446 934 1682 983 scutiferis
1720 939 1846 1001 Pape
1875 938 2097 1003 imposite

336 1021 445 1065 sunt
470 1018 692 1081 mappule
722 1033 865 1081 super
895 1017 1130 1076 humeris,
1161 1033 1364 1080 quorum
1398 1021 1505 1066 octo
1545 1019 1824 1083 consignata
1857 1026 1965 1070 sunt
1989 1028 2100 1073 octo

335 1100 502 1150 bacilia
537 1117 645 1149 cum
680 1100 995 1165 pinocchiatis
1037 1116 1122 1165 pro
1162 1101 1418 1150 collatione
1452 1105 1715 1163 oratorum,
1752 1103 2020 1169 principum
2055 1111 2103 1156 et

334 1185 647 1248 prelatorum,
671 1184 773 1232 aliis
792 1189 948 1233 tassee
970 1200 1078 1232 cum
1098 1183 1206 1232 vino
1229 1188 1275 1233 et
1294 1184 1511 1233 buccalia
1525 1201 1634 1233 cum
1650 1201 1773 1250 aqua
1796 1187 1890 1236 hoc
1912 1188 2096 1237 ordine.

335 1267 494 1315 Primo
514 1267 641 1315 venit
657 1266 855 1315 scutifer
872 1282 982 1315 cum
1002 1266 1143 1315 bacili
1172 1267 1229 1315 de
1256 1267 1588 1331 pinocchiatis‚
1615 1285 1759 1332 quem
1778 1270 2104 1333 sequebantur

333 1353 428 1398 tres
452 1349 660 1398 scutiferi
694 1366 803 1398 cum
834 1350 984 1398 tribus
1013 1350 1181 1398 tasseis
1214 1350 1325 1409 vini,
1360 1354 1407 1398 et
1433 1366 1556 1398 unus
1594 1367 1705 1399 cum
1740 1352 1921 1401 buccali
1956 1370 2097 1418 aque.

334 1435 452 1482 Tum
482 1433 599 1482 alius
631 1433 825 1482 scutifer
858 1449 967 1482 cum
1011 1434 1153 1483 bacili
1190 1438 1237 1483 et
1268 1433 1604 1497 pinocchiatis,
1638 1440 1685 1483 et
1717 1438 1826 1498 post
1857 1451 1969 1484 eum
2006 1441 2102 1487 tres

338 1517 550 1565 scutiferi
578 1533 687 1565 cum
715 1517 866 1564 tribus
894 1517 1063 1564 tasseis
1086 1516 1177 1564 vini
1209 1520 1254 1565 et
1281 1533 1403 1565 unus
1430 1534 1539 1566 cum
1573 1518 1759 1568 buccali
1790 1537 1929 1585 aque,
1961 1527 2010 1571 et
2036 1522 2103 1572 sic

337 1601 395 1649 de
417 1601 537 1649 aliis.
558 1601 632 1649 Hii
654 1601 702 1648 in
727 1601 835 1649 aula
860 1617 1033 1664 magna
1061 1600 1320 1648 diviserunt
1351 1616 1400 1648 se
1429 1601 1555 1649 inter
1580 1602 1841 1667 principes,
1867 1609 2099 1664 oratores,

335 1685 544 1748 prelatos
573 1689 619 1733 et
647 1684 764 1733 alios
793 1685 1033 1733 ordinaria
1060 1684 1168 1731 loca
1197 1684 1245 1730 in
1276 1684 1459 1747 capella
1490 1685 1724 1734 habentes
1753 1687 1925 1735 melius
1961 1704 2105 1752 quam

339 1767 443 1815 fieri
465 1768 638 1831 potuit;
662 1773 709 1817 et
728 1772 982 1832 postquam
1003 1766 1331 1831 pinocchiatas
1359 1771 1404 1815 et
1430 1767 1590 1816 vinum
1617 1769 1971 1832 dispensarunt,
1995 1772 2106 1835 quia

341 1850 442 1897 sine
466 1849 631 1898 ordine
657 1851 818 1899 omnia
843 1850 1236 1914 projiciebantur,
1267 1850 1512 1899 redierunt
1539 1851 1599 1899 ad
1626 1853 1920 1902 credentiam
1948 1859 1996 1903 et
2015 1855 2108 1904 alia

339 1932 510 1982 bacilia
533 1948 643 1980 cum
675 1934 776 1981 aliis
808 1934 1188 1982 confectionibus
1216 1938 1263 1981 et
1285 1932 1392 1982 vino
1414 1935 1684 1997 portabant,
1718 1942 1858 2000 prout
1891 1938 2107 2002 pontifici

340 2020 387 2063 et
407 2015 726 2065 cardinalibus
754 2017 908 2066 fuerat
936 2017 1273 2077 ministratum,
1309 2021 1354 2065 et
1381 2011 1636 2082 postquam
1658 2019 1899 2069 cialdones
1921 2024 1970 2070 et
1995 2021 2107 2070 ulti-

339 2113 442 2147 mus
464 2103 604 2163 potus
626 2105 772 2160 esset,
797 2105 847 2148 ut
867 2102 1122 2165 prefertur,
1144 2117 1254 2149 cum
1282 2101 1452 2150 saltem
1480 2119 1654 2167 magna
1680 2103 1960 2153 confusione
1990 2120 2108 2153 con-

339 2187 573 2246 sumptuS,
610 2184 735 2232 facto
765 2184 970 2243 silenti0‚
1009 2183 1209 2233 surrexit
1243 2184 1473 2248 pontifex,
1514 2190 1559 2235 et
1593 2186 1654 2235 ad
1688 2202 1934 2236 cameram
1968 2187 2108 2237 rediit

339 2265 503 2315 ordine
523 2271 769 2314 consuetO.
2107 2270 2111 2275 ’

404 2351 503 2411 Ego
534 2350 744 2397 remansi
770 2349 861 2398 hac
884 2355 1026 2399 nocte
1053 2350 1100 2398 in
1128 2350 1302 2414 palatio
1339 2351 1621 2415 apostolum,
1652 2368 1747 2400 una
1773 2369 1882 2401 cum
1910 2353 2106 2402 domino

338 2430 603 2493 Augustino
635 2431 856 2491 PatriciO,
901 2431 940 2479 si
974 2435 1102 2480 recte
1140 2433 1355 2492 memini,
1395 2437 1442 2482 et
1481 2434 1789 2483 dormivimus
1828 2435 1877 2483 in
1917 2450 2108 2486 camera

338 2511 508 2577 prioris
531 2529 569 2560 s.
595 2513 791 2562 Balbine
814 2513 1162 2563 bibliothecarii
1185 2517 1268 2563 SS.
1294 2518 1349 2563 D.
1376 2519 1431 2565 N.

405 2597 478 2645 Ad
499 2597 753 2645 matutinas
771 2597 915 2661 hujus
936 2597 1089 2646 noctis
1109 2598 1236 2646 venit
1258 2600 1341 2647 SS.
1369 2601 1425 2646 D.
1457 2601 1513 2647 N.
1546 2600 1739 2661 amictu,
1761 2601 1885 2661 alba,
1915 2602 2107 2666 cingulo

348 2680 469 2728 stola
489 2684 536 2728 et
557 2696 708 2744 cappa
735 2680 793 2728 de
815 2681 1082 2729 cremesino
1111 2685 1322 2745 paratus,
1355 2682 1483 2731 circa
1513 2683 1683 2731 horam
1714 2687 1927 2733 octavam
1955 2685 2108 2734 noctis

342 2762 444 2811 sine
467 2763 623 2823 mitra,
655 2780 798 2812 cruce
817 2764 1075 2827 pendente,
1109 2769 1155 2813 et
1178 2766 1498 2815 cardinalibus
1527 2768 1840 2830 sequentibus
1866 2769 1927 2816 ad
1946 2768 2108 2832 capel-

339 2846 435 2895 lam
468 2848 701 2911 majorem
743 2847 1084 2911 supradictam,
1129 2848 1209 2896 ubi
1257 2850 1421 2898 oravit.
1463 2851 1692 2899 Ascendit
1737 2853 1796 2900 ad
1844 2852 2015 2901 solium
2062 2857 2109 2901 et

287 2958 293 2962 -
341 2929 519 2994 incepit
540 2930 794 2978 matutinas
807 2946 941 2979 more
962 2931 1118 2978 solito.
1141 2934 1336 2996 Incepto
1352 2934 1659 2998 responsorio
1675 2939 1843 2998 quarte
1860 2933 2100 2994 lectiOnis,

342 3013 544 3061 conduxi
562 3014 937 3061 Illustrissimum
962 3016 1016 3061 D.
1043 3016 1349 3064 Franciscum
1368 3018 1425 3066 de
1446 3018 1684 3081 Aragonia
1711 3018 1946 3066 dicturum
1969 3018 2109 3082 quin-

345 3100 439 3143 tam
460 3096 737 3156 lectionem,
759 3097 817 3145 de
838 3098 945 3146 loco
962 3113 1046 3146 suo
1067 3101 1193 3146 retro
1211 3099 1462 3162 pulpitum,
1488 3099 1536 3146 in
1557 3115 1651 3162 quo
1673 3099 1776 3148 fieri
1801 3099 1923 3148 solet
1947 3115 2108 3148 sermo

345 3179 392 3226 in
423 3180 607 3243 capella
641 3180 719 3229 uhi
751 3180 793 3228 ei
823 3182 1030 3245 imposui·
1059 3182 1442 3246 superpellicium
1473 3185 1519 3230 et
1551 3197 1716 3230 ensem
1747 3183 1953 3247 desuper
1977 3185 2109 3232 illum

347 3261 488 3322 cinxi,
517 3267 616 3310 tum
637 3264 824 3327 pluviali
848 3280 959 3313 eum
980 3264 1130 3324 indui,
1159 3268 1210 3312 ut
1235 3264 1382 3312 moris
1408 3268 1481 3313 est
1507 3270 1553 3312 et
1584 3265 1821 3327 capellum
1854 3281 1912 3314 ex
1935 3266 2105 3324 bireto,

348 3344 503 3405 ipsum
523 3362 631 3394 cum
658 3347 865 3410 pluviali,
897 3352 946 3396 ut
966 3348 1114 3395 moris
1137 3351 1226 3406 est,
1268 3346 1416 3408 indui,
1448 3351 1494 3395 et
1537 3348 1771 3410 capellum
1808 3365 1866 3397 ex
1889 3348 2042 3397 bireto
2067 3351 2110 3398 ei

352 3426 574 3489 imposui,
604 3431 682 3492 qui
711 3431 901 3491 deinde,
931 3432 1126 3480 servatis
1154 3431 1441 3480 ceremoniis
1465 3431 1727 3491 consuetis,
1759 3432 1872 3480 dixit
1897 3431 2110 3494 quintam
