2262 3958
386 328 456 364 298
971 323 1202 360 JOHANNIS
1236 322 1530 370 BURCHARDI,
1933 329 2040 370 [Avril
2061 332 2152 374 1488]

386 430 629 494 evangelio
663 429 805 493 pallio
841 427 947 475 albo
982 441 1145 486 auree,
1179 429 1226 474 et
1252 426 1401 485 bene;
1427 426 1674 477 credentia
1698 429 1865 479 habuit
1898 431 2021 480 ultra
2044 447 2157 481 con-

385 516 519 560 sueta
539 511 634 558 duo
659 524 833 573 magna
852 526 964 559 vasa
984 514 1214 572 argentea
1231 524 1321 571 que
1344 510 1586 573 superflua
1600 516 1733 560 erant
1751 518 1798 562 et
1813 514 1861 561 in
1875 515 2153 579 hujusmodi

385 598 491 642 actu
519 608 615 641 non
644 597 754 641 sunt
786 594 981 642 utenda.
1019 592 1250 656 Magister
1284 591 1455 639 domus
1491 596 1538 640 et
1571 593 1648 640 alii
1678 595 1847 657 prelati
1877 597 2153 647 habuerunt

387 691 562 739 cappas
585 690 715 735 suas,
744 679 795 724 ut
815 676 963 724 moris
994 680 1083 735 est,
1111 675 1330 724 similiter
1356 680 1403 724 et
1434 676 1695 737 auditoreS,
1735 679 1821 727 sed
1856 679 1951 728 dno
1987 680 2150 729 clerici

384 773 576 807 camere
618 761 754 806 erant
786 757 833 805 in
873 756 992 805 albis
1031 757 1187 805 minus
1227 756 1584 815 convenienter,
1623 757 1857 807 tolerandi
1889 763 2070 820 tamen,
2101 766 2153 810 ut

384 846 545 891 essent
581 840 918 905 expeditiores,
972 839 1127 888 Finito
1164 841 1407 900 mandam,
1445 840 1710 889 cardinales
1745 847 2052 892 recesserunt
2103 848 2152 893 et

383 927 509 989 Papa
532 924 722 972 intravit
748 939 990 972 cameram
1014 939 1167 971 suam.

449 1007 630 1056 Eadem
651 1007 745 1067 die,
783 1007 910 1055 circa
935 1007 1107 1055 horam
1139 1022 1242 1067 xxl,
1269 1008 1351 1055 SS.
1379 1009 1435 1055 D.
1472 1009 1528 1055 N.
1558 1007 1749 1056 indutus
1784 1009 1980 1070 amictU,
2022 1009 2149 1071 alba,

383 1091 594 1154 cinguIO,
618 1090 741 1138 stola
759 1090 970 1138 violacea
991 1094 1038 1138 et
1065 1105 1216 1154 cappa
1239 1090 1298 1138 de
1326 1090 1530 1138 scarlato
1571 1091 1674 1140 sine
1703 1107 1846 1141 cruce
1871 1096 1919 1140 et
1947 1109 2150 1157 sequen-

385 1174 509 1222 tibus
528 1174 682 1238 ipsum
705 1172 1045 1231 cardinalibuS,
1068 1173 1194 1221 venit
1219 1173 1279 1221 ad
1300 1173 1556 1222 matutinas
1579 1175 1638 1222 ad
1660 1175 1892 1238 capellam
1913 1177 2150 1240 majorem

383 1256 462 1305 ubi
500 1257 751 1304 observata
783 1258 897 1303 sunt
933 1255 1095 1304 omnia
1121 1260 1262 1319 prout
1297 1256 1346 1303 in
1382 1256 1639 1305 ordinario.
1684 1257 1918 1306 Fimbrias
1947 1259 2152 1322 portavit

383 1339 638 1403 episcopus
676 1337 936 1387 Aleriensis
979 1337 1059 1401 qui
1102 1342 1150 1387 et
1182 1332 1351 1386 omnes
1389 1338 1467 1387 alii
1516 1339 1794 1387 assistentes
1826 1339 1979 1389 induti
2015 1345 2153 1390 erant

384 1422 548 1486 cappis
581 1425 628 1469 et
649 1436 747 1470 non
772 1421 1029 1481 mantellis,
1063 1425 1112 1469 ut
1145 1421 1250 1469 heri
1281 1437 1407 1482 sero,
1433 1426 1573 1485 prout
1605 1422 1652 1470 in
1689 1423 1998 1471 ceremoniali
2029 1423 2154 1472 ordi·
2207 1481 2209 1483 ¹

382 1509 537 1553 natur.

447 1586 585 1636 Feria
610 1591 744 1635 sexta
770 1585 966 1649 majoris
991 1585 1315 1645 hebdomade,
1350 1591 1377 1634 4
1406 1587 1585 1636 mensis
1613 1587 1792 1651 apriliS‚
1824 1589 1954 1639 circa
1980 1589 2151 1641 horam

381 1671 507 1718 inter
534 1686 582 1718 xl
618 1674 666 1719 et
694 1685 781 1730 xn,
817 1671 901 1718 SS.
934 1672 991 1717 D.
1031 1671 1086 1718 N.
1138 1670 1332 1718 indutus
1381 1671 1576 1730 amictu,
1619 1671 1744 1731 alba,
1784 1672 1993 1736 cingulo,
2030 1674 2152 1724 stola

380 1754 612 1814 violacea,
653 1768 804 1817 cappa
841 1767 1041 1801 rosacea
1085 1756 1132 1800 et
1163 1753 1306 1801 mitra
1350 1754 1564 1818 simplice
1606 1754 1707 1803 sine
1750 1755 1896 1819 perlis
1931 1756 2059 1805 venit
2088 1757 2151 1806 ad

381 1836 634 1900 capellam,
671 1835 821 1884 oravit
861 1836 909 1883 in
948 1836 1230 1895 faldistorio,
1261 1838 1474 1886 ascendit
1502 1838 1672 1885 solium
1706 1844 1754 1887 et
1790 1839 1913 1888 sedit
1945 1839 1995 1887 in
2029 1840 2142 1889 sede

381 1919 524 1979 nuda,
553 1919 747 1967 cussino
765 1918 975 1967 violaceo
997 1923 1184 1967 tantum
1205 1919 1293 1967 sibi
1316 1920 1582 1984 supposito.
1608 1923 1711 1969 Duo
1735 1921 1924 1970 diaconi
1945 1923 2143 1971 assiste-

378 2007 490 2051 runt
525 2002 613 2051 sibi
654 2006 701 2050 et
738 2002 983 2064 inceptum
1023 2006 1096 2050 est
1126 2018 1181 2050 ac
1217 2008 1531 2066 prosecutum
1565 2004 1778 2052 officium
1805 2021 1941 2055 more
1984 2006 2141 2058 solito.

381 2089 544 2135 Rmus.
564 2088 620 2133 D.
639 2084 1055 2133 vicecancellarius
1073 2086 1327 2150 episcopus
1346 2087 1624 2135 Portuensis
1642 2087 1897 2137 celebravit
1914 2074 2144 2138 officium.

381 2169 659 2218 Passionem
685 2173 783 2217 tres
805 2172 1113 2217 cantaverunt
1145 2173 1414 2219 cantatores
1445 2170 1596 2234 parati
1624 2171 1743 2219 albis
1771 2175 1818 2221 et
1844 2171 1978 2220 stolis
2003 2171 2149 2220 viola-

381 2252 495 2312 ceiS,
521 2252 747 2315 quianon
768 2256 902 2300 erant
923 2255 993 2300 tot
1016 2252 1149 2316 nigre
1170 2253 1218 2300 in
1245 2253 1444 2317 capella.
1480 2253 1719 2303 Diaconus
1749 2258 1796 2303 et
1827 2255 2146 2304 subdiaconus

378 2335 650 2382 habuerunt
696 2334 911 2397 planetas
956 2333 1116 2396 nigras
1151 2338 1259 2383 ante
1294 2339 1464 2398 pectus
1499 2336 1697 2399 plicatas
1725 2354 1735 2397 ;
1781 2338 1830 2385 in
1864 2338 2146 2388 adorat-ione

378 2417 533 2465 crucis
555 2419 638 2465 SS.
670 2419 729 2465 D.
764 2419 802 2465 N
811 2455 842 2477 .,
875 2417 1001 2465 facta
1023 2416 1320 2477 adoratione,
1345 2433 1455 2465 cum
1492 2419 1780 2468 surrexisset
1802 2424 1849 2468 et
1880 2422 1939 2469 ad
1971 2421 2144 2470 solium

378 2500 535 2549 redire
556 2500 714 2558 vellet,
740 2500 1105 2564 genuflectendo
1124 2501 1237 2549 fecit
1258 2500 1573 2549 reverentiam
1594 2501 1742 2561 cruci,
1768 2502 1855 2551 sed
1877 2503 2143 2553 cardinales

378 2587 486 2646 post
518 2599 654 2631 suam
684 2583 999 2646 reverentiam
1041 2584 1195 2647 capite
1237 2587 1422 2631 tantum
1462 2583 1527 2630 illi
1554 2583 1867 2646 inclinarunt,
1907 2590 1956 2634 et
1992 2586 2138 2647 male,

378 2666 489 2728 quia
529 2666 770 2715 debebant
806 2665 895 2729 ipsi
935 2666 1000 2714 illi
1045 2666 1137 2714 hac
1180 2666 1256 2714 die
1290 2666 1639 2730 genuflectere,
1684 2667 1798 2716 licet
1828 2667 1932 2716 aliis
1961 2672 2144 2734 tempo-

378 2750 510 2798 ribus
555 2754 700 2813 eaput
738 2749 804 2797 ini
842 2734 1024 2797 tantum
1072 2749 1164 2797 sint
1203 2749 1326 2798 soliti
1367 2749 1611 2798 inclinare.
1653 2752 1736 2799 ss
1785 2753 1842 2799 n.
1880 2754 1936 2800 N·.
1974 2752 2144 2801 obtulit

379 2833 578 2881 ducatos
610 2831 772 2896 viginti
803 2831 850 2879 in
894 2847 1010 2880 auro
1045 2848 1102 2880 ex
1139 2832 1441 2882 ordinatione
1473 2835 1530 2880 D.
1563 2834 1843 2882 Bernardini
1870 2835 2139 2895 camerarii,

379 2914 464 2974 sed
486 2917 594 2977 post
626 2913 772 2961 finem
803 2912 965 2972 officii,
997 2915 1052 2961 D.
1077 2913 1304 2974 datariuS,
1333 2915 1391 2963 de
1422 2916 1648 2965 mandato
1683 2919 1828 2980 Pape,
1853 2917 1983 2966 dedit
2006 2917 2143 2966 nobis

378 2997 437 3044 ad
457 2997 550 3046 hoc
571 2997 800 3062 quinque,
819 3001 869 3045 ut
890 3002 1173 3046 consuetum
1198 3002 1416 3046 nostrum
1437 2999 1677 3063 impleret.
1700 3000 1883 3049 Deinde
1906 3002 1990 3049 SS.
2006 3003 2063 3050 D.
2083 3003 2139 3048 N.

375 3080 503 3128 venit
534 3080 594 3128 ad
620 3080 854 3144 capellam
877 3096 965 3143 pro
988 3084 1307 3141 sacramentO,
1339 3082 1628 3145 precedente
1662 3083 1820 3147 ipsum
1852 3083 2144 3132 vicecancel-

374 3164 491 3213 lario
514 3164 790 3213 celebrante
815 3163 939 3212 inter
965 3163 1085 3213 duos
1103 3163 1296 3212 ultimos
1320 3165 1588 3214 cardinales
1611 3166 1888 3230 episcopos;
1913 3167 1991 3230 qui
2013 3169 2139 3230 Pape

376 3246 576 3295 calicem
598 3262 708 3294 cum
727 3250 1028 3295 sacramento
1043 3247 1091 3294 in
1106 3262 1248 3311 parva
1269 3247 1452 3310 capella
1469 3247 1752 3296 ministravit
1773 3252 1821 3296 et
1847 3247 1981 3295 illum
1999 3246 2058 3295 ab
2081 3262 2138 3295 eo

375 3328 423 3375 in
445 3344 620 3393 magna
635 3330 771 3394 juxta
791 3329 940 3377 altare
962 3330 1165 3394 accepit.
1190 3333 1245 3378 R.
1272 3331 1324 3377 P.
1357 3332 1414 3377 D.
1447 3330 1803 3394 protonotarius
1829 3330 1887 3378 de
1910 3330 2137 3378 Columna

374 3411 603 3460 assistens
621 3414 747 3476 Pape
769 3413 972 3475 portavit
994 3412 1208 3460 fimbrias
1237 3428 1386 3475 cappe
1417 3415 1542 3476 Pape
1573 3413 1711 3460 simul
1732 3413 1957 3461 collectas
1978 3413 2136 3461 eundo
