2262 3958
432 326 503 361 398
1036 322 1268 358 JOHANNIS
1301 322 1596 366 BURCHARDI,
1985 323 2088 367 [Mars
2110 323 2201 365 14903

431 425 677 473 dexteram
704 423 792 471 fuit
812 422 1232 472 vicecancellarius
1259 429 1308 473 et
1336 429 1447 473 ante
1479 424 1923 475 vicecancellarium
1945 426 2200 475 cardinalis

431 506 786 570 Andegavensis
808 524 817 564 3
843 506 918 553 alii
942 522 1109 555 omnes
1131 507 1397 556 cardinales
1421 523 1471 556 se
1487 509 1699 556 levarunt
1721 524 1779 557 ex
1800 509 1892 557 alia
1911 513 2047 573 parte
2066 509 2204 558 chori

434 591 652 639 videlicet
672 590 720 637 in
747 605 896 638 cornu
921 591 1140 654 epistole,
1173 590 1275 639 sine
1306 591 1491 639 ordine.
1523 591 1748 655 Episcopi
1774 592 2072 653 assistentes,
2093 608 2203 642 ora-

432 679 563 722 tores
597 677 644 721 et
673 672 750 721 alii
783 689 952 722 omnes
986 679 1266 722 manserunt
1305 678 1439 723 extra
1477 674 1710 738 capellam
1737 674 1833 724 sive
1864 676 2065 725 chorum
2090 692 2202 740 pre-

434 757 632 805 dictum.
667 756 805 805 Dicto
834 757 1099 821 evangeliO,
1140 760 1301 806 Rmus.
1340 757 1757 806 vicecancellarius
1790 757 2002 822 porrexit
2025 758 2202 807 librum

434 840 678 889 missalem
722 840 938 904 pontifici
985 841 1299 889 osculandum
1347 856 1492 904 quem
1533 840 1635 904 ipse
1686 840 2106 889 vicecancellarius
2140 840 2200 889 de

435 939 579 971 manu
610 926 666 971 D.
708 923 941 987 Arnulphi
968 923 1267 983 cubicularii,
1305 924 1578 972 celebrante
1603 923 1924 984 ministrante,
1951 923 2137 988 accepit
2157 927 2203 972 et

437 1007 526 1055 sibi
548 1007 771 1056 restituit.
806 1006 943 1055 Dicto
981 1006 1025 1054 A
1032 1023 1158 1072 ymas
1187 1007 1289 1066 Dei,
1322 1007 1449 1055 idem
1479 1007 1897 1055 vicecancellarius
1927 1006 2116 1072 accepit
2142 1006 2202 1055 de

435 1106 580 1138 manu
608 1090 828 1154 ejusdem
853 1093 908 1138 D.
936 1090 1170 1154 Arnulphi
1199 1089 1571 1139 instrumentum
1597 1090 1729 1154 pacis
1757 1094 1805 1138 et
1831 1090 1962 1138 dedit
1987 1089 2201 1154 pontifici

433 1173 768 1231 osculandum,
787 1189 932 1236 quam
956 1188 1046 1236 ego
1069 1173 1128 1221 de
1157 1188 1303 1220 manu
1326 1173 1545 1236 ejusdem
1566 1173 1945 1222 vicecancellarii
1965 1172 2131 1236 accepi
2153 1177 2201 1220 et

433 1255 694 1304 ministravi
715 1255 871 1319 primo
893 1255 982 1319 ipsi
1003 1255 1395 1304 vicecancellario
1425 1259 1525 1303 tum
1545 1272 1582 1302 S.
1614 1256 1782 1319 Angeli
1806 1255 2198 1320 presbyterorum

434 1343 480 1386 et
501 1339 703 1387 Senensi
737 1339 1050 1387 diaconorum
1074 1338 1387 1386 cardinalium
1416 1338 1655 1402 prioribus
1688 1355 1697 1386 ε
1729 1338 1807 1386 alii
1834 1337 2022 1387 diaconi
2050 1337 2201 1387 cardi-

432 1422 566 1469 nales
584 1422 665 1485 qui
684 1425 819 1470 erant
840 1421 888 1469 in
910 1422 1059 1469 choro
1087 1422 1479 1486 presbyterorum
1507 1426 1794 1486 receperunt
1821 1437 1992 1486 pacem
2012 1421 2071 1471 ab
2093 1422 2196 1471 istis

431 1505 724 1570 presbyteris
741 1509 938 1569 propter
948 1504 1044 1553 loci
1065 1504 1354 1568 angustiam,
1376 1505 1603 1568 quianon
1618 1505 1748 1569 potui
1770 1505 1830 1553 ad
1842 1521 1900 1554 eo
1917 1505 2196 1555 scommode

433 1589 663 1637 accedere
694 1605 750 1641 ac
781 1588 1041 1636 ministravi
1069 1588 1212 1637 etiam
1244 1604 1415 1653 pacem
1441 1589 1658 1652 ipsorum
1700 1588 2064 1653 archiepiscopo
2093 1588 2198 1638 Flo-

433 1672 620 1721 rentino
652 1673 798 1737 priori
838 1672 1166 1721 assistentium
1209 1676 1256 1721 et
1299 1672 1379 1719 uni
1410 1671 1777 1721 exoratoribus
1823 1677 1958 1720 extra
1995 1672 2198 1721 chorum

432 1756 781 1820 propinquiori,
822 1756 1023 1804 aliorum
1049 1755 1247 1804 nemini.
1277 1756 1351 1803 Ad
1379 1756 1693 1805 elevationem
1735 1755 2020 1804 sacramenti
2047 1755 2200 1805 tenui-

431 1853 539 1885 mus
579 1838 673 1886 duo
707 1837 963 1898 intorticia,
1000 1841 1059 1885 D.
1088 1837 1300 1885 Aldellus
1330 1842 1376 1886 et
1403 1853 1511 1901 ego,
1543 1842 1671 1886 retro
1708 1838 2050 1898 celebrantem,
2085 1841 2195 1886 ante

431 1921 608 1968 ostium
642 1921 865 1969 introitus
897 1920 958 1968 ad
989 1920 1164 1968 dictam
1188 1921 1371 1984 capella
1407 1921 1663 1988 genuflexi.
1699 1910 1856 1969 Missa·
1877 1921 2003 1970 dicta
2029 1926 2104 1970 est
2134 1921 2194 1969 de

431 2008 595 2053 sancto
617 2004 850 2068 Gregorio
872 2003 974 2051 sine
996 2003 1121 2051 notis
1141 2021 1251 2053 cum
1278 2005 1738 2054 commemoratione
1759 2005 1878 2053 ferie
1902 2009 1947 2054 et
1976 2005 2192 2054 oratione

427 2105 513 2152 pro
533 2089 760 2152 pontifice
780 2089 905 2137 Deus
929 2088 1137 2135 omnium
1147 2088 1380 2152 fidelium,
1404 2096 1488 2135 ecc.
1514 2106 1531 2135 .·
1553 2104 1647 2151 qua
1666 2088 1818 2148 finita,
1844 2087 2094 2136 celebrans
2113 2104 2191 2137 me

429 2170 518 2218 sibi
546 2170 594 2218 id
620 2176 1035 2220 commemorante
1065 2187 1161 2218 non
1198 2171 1328 2220 dedit
1359 2171 1747 2220 benedictionem
1781 2171 1868 2219 sed
1909 2171 2108 2220 secessit
2135 2171 2193 2220 de

427 2253 564 2301 altari
596 2254 656 2301 ad
687 2254 816 2316 quod
859 2254 1063 2303 accessit
1101 2254 1316 2318 pontifex
1353 2254 1433 2317 qui
1475 2260 1605 2302 stans
1642 2254 1702 2302 ad
1741 2254 1973 2318 populum
2010 2269 2190 2313 versus,

428 2352 622 2385 crucem
659 2353 795 2384 suam
825 2337 952 2385 dicto
1004 2337 1200 2385 domino
1246 2336 1538 2401 Hieronymo
1587 2337 1878 2385 subdiacono
1929 2353 2093 2386 coram
2132 2353 2193 2386 eo

427 2423 639 2479 tenente,
686 2419 876 2468 detecto
928 2420 1103 2482 capite,
1143 2420 1193 2466 in
1229 2424 1373 2467 cantu
1411 2435 1547 2467 more
1596 2420 1735 2467 solito
1778 2419 1893 2467 dixit
1920 2419 1999 2467 Sit
2024 2435 2193 2468 nomen

425 2502 628 2562 Domini,
660 2510 743 2549 etc.
781 2506 829 2550 et
854 2502 1030 2565 populo
1063 2502 1343 2550 solemniter
1368 2501 1642 2558 benedixit;
1673 2501 1814 2547 nullis
1846 2506 2008 2549 tamen
2036 2500 2194 2549 indul-

427 2584 598 2646 gentiis
616 2583 737 2631 datis
754 2583 828 2631 vel
845 2582 1114 2646 publicatis.
1146 2585 1266 2630 Tum
1290 2582 1416 2631 facta
1441 2583 1613 2631 iterum
1642 2587 1752 2630 ante
1785 2582 1933 2630 altare
1956 2581 2189 2640 oratione,

427 2666 642 2714 ascendit
663 2681 839 2729 equum
855 2669 902 2713 et
919 2681 1007 2728 per
1027 2664 1168 2712 aliam
1185 2665 1306 2713 viam
1323 2665 1383 2713 ad
1398 2665 1638 2714 Coliseum
1652 2680 1813 2713 versus
1831 2669 1941 2714 ante
1963 2665 2191 2714 ecclesias

428 2766 465 2798 s.
485 2750 651 2810 Marie,
675 2752 846 2797 Cosme
868 2751 915 2796 et
938 2747 1410 2810 DamianiLAdriani,
1441 2764 1689 2797 carcerum
1718 2765 1754 2797 s.
1785 2748 1931 2808 Petri,
1951 2765 1991 2796 s.
2022 2748 2188 2807 Marci,

425 2833 635 2897 parionis
675 2832 770 2880 sive
808 2831 880 2879 vie
914 2833 1040 2894 Pape
1077 2832 1136 2879 ad
1163 2831 1390 2894 palatium
1432 2847 1650 2881 reversus
1688 2836 1760 2880 est
1799 2847 1857 2881 eo
1897 2831 2063 2881 ordine
2095 2847 2190 2895 quo

425 2917 568 2964 venit.
591 2919 707 2966 Cum
730 2914 1068 2979 pertransisset
1095 2918 1292 2977 pontem
1319 2932 1358 2963 s.
1393 2917 1581 2979 Angeli,
1613 2915 1742 2963 dedit
1771 2914 2016 2963 licentiam
2042 2913 2193 2963 cardi-

425 2999 612 3047 nalibus
630 2999 677 3046 in
698 2999 822 3047 Urbe
845 2997 1258 3046 commorantibus
1272 2998 1351 3061 qui
1364 2999 1474 3047 inde
1498 2999 1556 3046 ad
1568 2996 1742 3060 palatia
1759 3012 1846 3044 sua
1859 2999 1967 3043 sunt
1987 2995 2186 3053 reversi3

426 3082 503 3130 alii
538 3082 586 3129 in
624 3083 776 3145 burgo
814 3085 860 3129 et
891 3079 1067 3144 palatio
1107 3081 1375 3129 residentes
1416 3080 1730 3129 Sanctitatem
1769 3095 1904 3127 suam
1946 3093 2097 3142 usque
2130 3078 2190 3126 ad

427 3163 658 3227 palatium
679 3162 996 3211 associarunt.

490 3247 742 3295 Dominica
782 3245 924 3294 tertia
959 3244 1341 3308 quadragesime,
1385 3247 1440 3290 14
1486 3245 1599 3292 dicti
1643 3245 1822 3293 mensis
1856 3245 2014 3293 martii
2047 3248 2104 3293 R.
2127 3243 2186 3292 rin

427 3329 613 3377 Christo
637 3332 689 3376 P.
710 3331 767 3376 D.
797 3328 1022 3377 Nicolaus
1054 3328 1171 3376 Cibo
1199 3326 1590 3391 archiepiscopus
1619 3327 1911 3376 Arelatensis
1958 3327 2188 3375 assistens

426 3411 684 3459 celebravit
737 3411 934 3459 missam
974 3412 1214 3473 publicam
1254 3412 1300 3458 in
1352 3411 1534 3475 capella
1577 3412 1760 3475 majore
1790 3410 1952 3474 palatii
1987 3409 2115 3473 apud
2143 3426 2182 3457 s.
