2262 3958
141 320 247 364 [Aoni
266 320 360 362 μου]
578 316 748 355 RERUM
781 295 1088 356 URBANARUM
1120 314 1474 354 COMMENTARII.
1854 314 1925 351 363

141 437 201 472 eo
217 421 331 472 fecit
351 419 710 470 confessionem
738 424 890 470 totam
914 438 925 470 :
954 437 1048 486 qua
1080 419 1232 480 finita,
1260 422 1387 484 Papa
1414 417 1632 468 ascendit
1655 416 1717 466 ad
1748 417 1924 468 solium

140 510 188 557 et
209 505 333 555 sedit
357 505 408 554 in
430 506 546 555 sede
568 506 796 555 camerali
830 522 890 555 ex
922 506 1145 554 brucatto
1178 520 1326 552 aureo
1355 503 1538 552 ibidem
1565 503 1673 552 loco
1691 502 1923 553 eminenti

139 591 230 641 sibi
250 593 445 655 parata‚-
470 595 516 639 et
543 606 708 640 coram
736 606 848 639 eum
871 589 1085 653 positum
1115 588 1202 636 fuit
1230 588 1550 637 faldistorium
1578 603 1690 637 cum
1712 602 1799 636 suo
1819 602 1925 635 sca-

138 674 267 725 bello
286 678 335 724 et
347 689 502 738 super
521 673 788 723 faldistorio
807 673 930 721 liber
960 672 1187 720 missalis,
1220 671 1558 722 Celebraturus
1586 688 1696 721 cum
1718 671 1924 720 diacono

139 763 188 809 et
207 759 503 809 subdiacono
536 758 754 807 ascendit
782 758 842 806 ad
869 757 1018 806 altare
1047 756 1228 804 ibidem
1259 760 1551 819 expectans3
1582 759 1693 820 post
1719 755 1925 804 deoscu-

136 843 368 893 lationem
408 842 570 892 altaris
601 845 650 891 et
678 841 787 891 libri
817 840 1198 905 evangeliorum,
1230 842 1362 903 Papa
1397 839 1703 888 ministrante
1733 839 1925 888 archie-

135 927 336 994 piscopo
369 926 614 987 Arelatino
647 925 855 989 digniori
897 925 1140 974 assistenti
1186 923 1473 983 naviculam,
1515 926 1645 988 Papa
1692 923 1925 988 imposuit

135 1011 390 1062 incensum
428 1014 476 1060 et
511 1009 763 1060 celebrans
793 1009 1060 1059 incensavit
1096 1009 1246 1058 altare
1272 1024 1282 1058 :
1308 1007 1483 1056 deinde
1514 1006 1604 1055 fuit
1644 1006 1926 1056 incensatus

135 1094 239 1160 ipse
270 1098 321 1144 et
340 1097 471 1160 Papa
497 1109 633 1142 more
660 1092 799 1142 solito
832 1109 920 1158 per
953 1093 1197 1159 prefatum
1227 1092 1647 1157 archiepiscopum
1677 1091 1726 1140 in
1758 1091 1927 1141 infimo

135 1178 286 1244 gradu
324 1178 430 1228 solii
470 1180 531 1228 ad
572 1179 792 1228 dextram
832 1181 962 1242 Pape
1000 1177 1331 1242 genuflexum,
1378 1181 1426 1226 et
1464 1177 1803 1227 continuatum
1843 1177 1930 1227 fuit

136 1262 368 1323 officium,
391 1267 442 1312 ut
468 1263 619 1312 moris
646 1267 737 1312 est.
776 1262 1131 1321 SubdiaconuS‚
1156 1260 1288 1310 dicta
1318 1261 1540 1327 epistola,
1563 1276 1663 1310 non
1691 1266 1766 1310 est
1786 1277 1929 1311 oscu-

134 1346 261 1396 latus
280 1346 458 1412 pedem
479 1349 607 1412 Pape
628 1363 721 1396 nec
742 1346 976 1396 diaconus
1003 1350 1114 1395 ante
1140 1346 1460 1411 evangelium.
1492 1346 1630 1396 Dicto
1653 1347 1921 1412 evangelio,

137 1446 232 1496 ego
266 1430 434 1496 accepi
465 1430 643 1479 librum
683 1431 1044 1496 evangeliorum
1083 1445 1109 1479 e
1143 1429 1368 1479 manibus
1410 1429 1692 1479 subdiaconi
1731 1434 1780 1478 et
1813 1445 1926 1479 eum

136 1515 332 1580 porrexi
349 1515 719 1581 archiepiscopo
739 1516 959 1580 predicto
981 1515 1063 1579 qui
1085 1529 1198 1563 eum
1220 1514 1351 1563 dedit
1367 1513 1587 1579 pontifici
1608 1513 1926 1563 osculandum

137 1599 201 1649 ad
219 1600 329 1665 ejus
344 1600 564 1650 dextram
583 1604 732 1650 stans,
752 1602 826 1650 Ad
842 1600 1162 1651 elevationem
1177 1599 1394 1663 pontifex
1413 1598 1678 1664 genuflexit
1691 1598 1753 1647 ad
1769 1597 1931 1647 faldis-

143 1682 322 1733 torium
341 1682 391 1732 in
413 1683 535 1733 solio
554 1683 731 1734 librum
756 1685 846 1735 sub
871 1686 1112 1736 cubitibus
1134 1687 1349 1737 retinens
1371 1688 1419 1734 et
1438 1683 1614 1732 mansit
1639 1682 1923 1748 genuflexus

142 1782 298 1832 usque
329 1771 443 1832 post
478 1768 875 1819 communionem
910 1789 920 1818 ε
959 1774 1071 1835 post
1102 1771 1147 1819 A
1154 1787 1280 1836 ymas
1316 1769 1406 1818 Dei
1433 1784 1524 1832 ego
1556 1767 1722 1831 accepi
1746 1766 1924 1815 instru-

142 1854 362 1900 mentum
390 1853 526 1918 pacis
547 1869 658 1903 cum
678 1854 970 1920 panniceHo‚
996 1858 1046 1903 et
1066 1870 1178 1904 cum
1203 1869 1262 1903 eo
1283 1867 1404 1918 pace
1422 1852 1528 1916 ipsa
1548 1856 1750 1901 extensa
1771 1865 1925 1915 genu-

138 1935 296 1986 flexus
318 1937 383 1986 ad
412 1937 663 1988 dexteram
692 1939 1001 2000 celebrantiS‚
1028 1938 1275 2004 expectavi
1297 1938 1447 1987 finem
1474 1935 1708 1986 orationis
1730 1936 1930 1986 Domine

137 2019 261 2074 ἄθεα,
286 2019 474 2070 Christe
491 2040 510 2071 .·
536 2039 633 2088 qua
660 2023 814 2083 finita,
838 2039 1010 2088 pacem
1029 2025 1276 2073 osculatus
1295 2028 1387 2084 est,
1411 2023 1580 2072 dicens
1600 2022 1715 2070 Pax
1748 2028 1932 2079 tecum;

137 2102 216 2152 cui
237 2105 467 2168 respondi
492 2122 504 2155 :
527 2106 726 2156 Etcum
745 2108 915 2172 spiritu
947 2115 1043 2156 tue.
1077 2108 1340 2157 Ministravi
1368 2107 1527 2157 eidem
1553 2107 1931 2155 instrumentum

137 2187 329 2252 prefato
350 2189 721 2255 archiepiscopo
739 2191 821 2256 qui
845 2191 962 2240 illud
986 2192 1120 2241 dedit
1148 2192 1367 2256 pontifici
1386 2190 1706 2240 osculandum
1724 2189 1892 2238 dicens
1917 2207 1926 2238 :

137 2271 254 2321 Pax
278 2279 448 2322 tecum.
478 2275 804 2323 lusti-umento
835 2275 940 2340 ipso
975 2275 1108 2340 prius
1140 2291 1229 2341 per
1256 2291 1369 2325 eum
1397 2290 1509 2324 cum
1543 2273 1818 2339 pannicello
1839 2289 1928 2338 pro

139 2356 386 2407 credentia
409 2357 710 2419 deosculato,
740 2360 960 2424 reaccepi
984 2376 1156 2425 pacem
1184 2377 1210 2409 e
1237 2360 1461 2408 manibus
1483 2357 1856 2423 archiepiscopi,
1885 2362 1934 2406 et

141 2439 205 2502 ei,
236 2446 496 2506 postquam
528 2443 590 2492 ad
616 2443 780 2492 locum
814 2460 956 2493 suum
991 2445 1151 2505 rediit,
1182 2444 1565 2494 deosculandum
1586 2444 1715 2503 dedi,
1758 2442 1931 2491 deinde

136 2523 294 2590 primo
315 2539 374 2575 ex
396 2525 502 2574 aliis
530 2542 590 2575 ex
619 2527 837 2591 quolibet
867 2528 1034 2578 ordine
1060 2547 1070 2577 :
1098 2529 1210 2578 dedi
1238 2530 1396 2594 primo
1419 2528 1616 2589 oratori,
1641 2527 1798 2593 primo
1825 2542 1932 2592 pre-

134 2609 254 2670 lato,
276 2608 436 2674 primo
464 2611 762 2661 subdiacono
785 2616 833 2662 et
857 2612 925 2662 sic
952 2614 1012 2662 de
1046 2614 1150 2662 aliis
1179 2614 1260 2678 qui
1293 2617 1465 2678 postea
1487 2612 1655 2662 ordine
1681 2612 1931 2676 sequenti-

138 2692 229 2742 bus
265 2693 444 2744 dabant
467 2710 604 2745 more
631 2702 886 2747 consueto,
924 2700 1044 2747 Cum
1078 2701 1206 2764 Papa
1238 2699 1420 2749 diceret
1461 2698 1712 2747 introitum
1747 2702 1795 2747 et
1840 2696 1933 2745 alia

139 2776 320 2839 omnia,
364 2793 556 2843 semper
592 2780 733 2840 sedit,
767 2786 814 2830 et
848 2783 909 2830 ad
948 2784 1053 2847 ejus
1087 2783 1333 2831 sinistram
1369 2782 1657 2847 genuflexus
1680 2781 1927 2846 predictus

140 2860 537 2927 archiepiscopus
571 2863 615 2912 ei
649 2864 952 2914 ministrabat
978 2883 1174 2931 parvam
1204 2867 1457 2918 candelam
1493 2881 1629 2915 more
1671 2868 1926 2915 consueto.

139 2945 214 2993 Ad
231 2945 534 3010 evangelium
555 2952 746 3011 portata
761 2953 872 2996 sunt
890 2949 1150 2999 luminaria
1167 2956 1215 3001 et
1235 2951 1490 3001 incensum
1509 2956 1557 3000 et
1575 2951 1749 3002 deinde
1768 2950 1934 2998 iucen-

141 3031 245 3078 sata
261 3028 422 3079 oblata
439 3034 488 3079 et
503 3030 671 3092 altare,
692 3032 964 3094 celebranS,
991 3036 1121 3098 Papa
1141 3039 1188 3084 et
1208 3035 1287 3083 alii
1308 3051 1480 3085 omnes
1502 3052 1636 3086 more
1657 3041 1892 3087 consueto
1915 3052 1927 3088 ε

140 3112 358 3177 predicto
379 3114 749 3182 archiepiscopo
780 3134 975 3183 semper
1002 3120 1272 3169 naviculam
1303 3121 1603 3170 ministrante
1631 3126 1677 3170 et
1697 3124 1827 3186 Papa
1842 3138 1931 3172 suo

141 3201 360 3261 tempore
390 3197 688 3250 incensante.
727 3204 840 3250 Post
873 3203 1072 3251 missam
1106 3206 1235 3268 Papa
1264 3205 1419 3269 capite
1454 3210 1686 3269 cooperto
1721 3212 1852 3254 stans
1879 3207 1930 3255 in

141 3280 262 3328 solio
301 3280 432 3330 dedit
469 3282 860 3349 benedictionem
892 3287 941 3335 in
971 3292 1135 3347 cantu,
1173 3288 1340 3336 dicens
1371 3288 1486 3336 :Sit
1513 3304 1701 3349 nomen,
1738 3297 1846 3351 etc„
1881 3294 1932 3339 ut

139 3364 289 3413 moris
310 3369 402 3413 est.
423 3367 528 3415 Non
548 3367 680 3417 dedit
706 3369 1032 3435 indulgentias
1061 3388 1219 3435 neque
1254 3372 1314 3421 ab
1336 3387 1394 3420 eo
1414 3372 1522 3421 data
1546 3372 1819 3422 benedictio
1842 3390 1931 3439 per

139 3447 440 3510 pontificem.
481 3451 638 3501 Rediit
663 3453 724 3501 ad
752 3470 1015 3516 cameram,
1053 3456 1423 3521 archiepiscopo
1459 3456 1679 3521 predicto
1711 3457 1927 3507 fimbrias
