2262 3958
264 305 336 343 230
871 303 1103 340 ιΙΟῘ-ΙΑΝΝΙΞ
1137 303 1431 348 BURCHARDI,
1719 310 1926 350 [Decembre
1946 311 2037 352 1486]

265 408 637 467 advertentibus,
669 423 765 454 non
800 406 885 453 fuit
908 406 1055 469 petita
1082 421 1238 468 neque
1261 421 1348 469 per
1371 409 1547 471 Papam
1570 409 1678 458 data
1711 410 2032 475 indulgentia;

261 506 404 539 nemo
444 495 605 538 tamen
642 491 701 537 ad
739 490 834 537 hoc
868 489 1068 537 advertit
1099 506 1108 537 :
1147 494 1403 553 propterea
1430 491 1559 539 nulla
1598 491 1685 540 fuit
1715 495 2032 558 reprehensio

261 589 417 637 neque
438 573 712 622 scandalum
735 572 950 635 aliquod.
982 573 1311 622 Subdiaconus
1340 574 1566 623 tunicella
1593 579 1639 623 et
1668 577 1896 626 diaconus
1931 579 2034 628 dal-

263 658 437 705 matica
457 657 607 720 parati
631 657 841 704 fuerunt.
1786 706 1790 710 ,

328 741 505 789 Eadem
524 740 617 798 die,
636 739 761 787 inter
779 740 922 788 horas
942 757 1004 788 xx
1026 744 1073 788 et
1092 757 1187 800 xxl,
1208 742 1291 789 SS.
1319 743 1374 788 D.
1402 743 1478 801 N.,
1504 742 1869 805 precedentibus
1888 758 2031 793 cruce

264 828 310 872 ct
337 824 531 888 prelatis
565 839 619 871 ac-
648 824 960 884 cadinalibus,
996 823 1216 872 omnibus
1244 824 1438 888 paratis,
1473 826 1558 872 sub
1586 810 1870 874 baldachino
1905 827 2034 875 venit

263 907 323 955 ad
352 907 598 955 basilicam
630 923 665 956 S.
701 907 827 954 Petri
860 907 1296 971 processionaliter,
1335 924 1392 955 ex
1433 909 1598 956 ordine
1634 909 2028 970 vicecancellarii,
2069 919 2073 923 ”

260 990 558 1054 Neapolitani
595 994 643 1038 et
670 1006 707 1038 s·
734 990 881 1038 Marci
921 990 1231 1039 cardinalium
1274 996 1442 1039 contra
1468 993 1620 1040 bonas
1653 992 1952 1040 ceremonias
1985 997 2033 1041 et

259 1073 676 1122 consuetudinem*
698 1071 930 1122 hactenus
976 1074 1279 1123 observatam
1323 1075 1371 1122 in
1413 1075 1608 1124 basilica
1651 1076 1881 1139 predicta.
1934 1077 2031 1125 Soli

259 1156 526 1204 cardinales
546 1156 762 1205 fecerunt
783 1157 1100 1206 reverentiam
1118 1160 1262 1221 Pape,
1286 1158 1399 1206 licet
1419 1158 1618 1207 intentio
1642 1174 1725 1206 sua
1753 1164 1882 1207 esset
1903 1160 2032 1222 quod

259 1239 403 1287 etiam
431 1254 599 1287 omnes
631 1240 800 1303 prelati
827 1241 978 1304 parati
1009 1241 1139 1288 illam
1171 1241 1414 1302 facerent3
1440 1246 1600 1290 tamen
1633 1243 1743 1306 quia
1770 1243 2030 1291 Sanctitate

259 1338 345 1370 sua
366 1337 511 1385 super
530 1322 624 1370 hoc
649 1322 924 1386 opinionem
945 1339 972 1370 a
992 1323 1218 1387 predictis
1241 1324 1389 1372 tribus
1409 1325 1726 1373 cardinalibus
1746 1325 1795 1372 in
1813 1341 2033 1374 reveren-

260 1406 322 1454 tia
343 1404 468 1455 facta
488 1409 700 1468 petente,
728 1410 774 1454 et
795 1406 887 1454 illis
909 1406 1314 1466 dissuadentibuS,
1328 1408 1497 1471 prelati
1513 1408 1642 1456 illam
1657 1424 1753 1455 non
1774 1408 1990 1456 fecerunt
2013 1426 2023 1456 ε

259 1490 345 1537 alia
370 1490 531 1538 omnia
553 1493 663 1537 sunt
691 1490 939 1538 observata
958 1507 1091 1538 more
1115 1496 1365 1550 consueto,
1392 1495 1593 1555 excepto
1616 1492 1741 1555 quod
1763 1491 2028 1540 cardinales

257 1577 365 1636 post
385 1588 609 1636 vesperas
632 1572 930 1620 associarunt
957 1575 1134 1636 Papam
1160 1573 1209 1620 in
1235 1574 1527 1637 paramentis
1548 1564 1696 1637 usque
1717 1581 1845 1624 extra
1869 1577 2028 1625 eccle-

258 1655 394 1713 siam,
421 1655 563 1702 etiam
586 1658 746 1718 preter
764 1654 940 1702 bonam
962 1655 1379 1704 consuetudinem.
1407 1659 1578 1705 Comes
1605 1658 1836 1717 Tendille,
1867 1663 2030 1707 orator

260 1738 385 1800 regis
421 1737 758 1801 Hispaniarum
792 1742 839 1785 et
866 1740 923 1785 D.
959 1737 1202 1786 Mauritius
1236 1739 1369 1799 Cibo,
1402 1740 1548 1787 frater
1580 1755 1838 1803 germanus
1878 1744 2022 1806 Pape,

256 1820 491 1868 incensati
513 1820 705 1867 fuerunt
725 1824 834 1868 ante
857 1821 1110 1884 episcopos
1132 1822 1429 1870 assistentes,

320 1905 369 1949 ln
392 1906 534 1950 nocte
563 1902 801 1964 sequenti,
831 1903 957 1949 inter
984 1904 1127 1951 horas
1161 1920 1206 1951 lx
1234 1908 1280 1952 et
1302 1921 1350 1965 x,
1381 1907 1464 1953 SS.
1500 1908 1556 1953 D.
1581 1909 1637 1954 N.
1661 1906 1852 1955 indutus
1874 1922 2024 1972 cappa

254 1986 311 2032 de
329 1985 598 2033 cremesino
624 2001 768 2049 supra
796 1986 1050 2034 rochetum
1081 1985 1184 2033 sine
1215 1986 1410 2045 amictu,
1444 1987 1567 2043 alba,
1594 1987 1785 2051 cingulo
1813 1992 1860 2037 et
1881 1989 2020 2048 stola,

253 2068 359 2131 quia
392 2068 591 2116 sacrista
628 2069 758 2116 illam
794 2084 891 2116 non
932 2072 1219 2132 portaverat,
1262 2069 1390 2117 venit
1429 2070 1489 2117 ad
1523 2071 1755 2133 capellam
1787 2072 2023 2135 majorem

252 2150 411 2214 palatii
435 2151 524 2209 sui,
546 2151 624 2197 ubi
648 2151 771 2198 facta
791 2150 953 2198 omnia
973 2151 1019 2197 in
1047 2150 1328 2210 faldistorio,
1360 2151 1575 2199 ascendit
1603 2152 1777 2201 solium
1798 2157 1845 2202 et
1865 2153 1982 2202 dixit
2007 2171 2017 2200 :

257 2236 398 2282 Pater
417 2241 572 2281 noster
592 2238 638 2282 et
658 2234 854 2281 Domine
875 2234 1015 2294 labia,
1037 2242 1143 2293 etc„
1168 2249 1302 2282 more
1317 2234 1473 2282 solito.
1498 2236 1674 2283 Omnes
1695 2235 2021 2285 absolutiones

251 2321 297 2363 et
318 2315 677 2364 benedictiones
697 2315 826 2362 dedit
844 2331 902 2363 ex
921 2316 1042 2363 libro
1069 2333 1078 2363 :
1104 2316 1308 2379 primam
1322 2316 1580 2364 lectionem
1603 2317 1698 2365 dixi
1716 2334 1829 2382 ego3
1853 2324 2022 2367 secun-

248 2399 374 2458 dam,
401 2398 510 2445 Pius
541 2398 815 2462 acolythus;
850 2399 1059 2456 tertiam,
1098 2399 1313 2461 Egerdus
1335 2398 1521 2462 Durcap
1543 2400 1750 2459 auditor;
1779 2406 2017 2464 quartam,

247 2481 500 2528 cardinalis
536 2496 573 2527 s.
612 2480 898 2538 Clementis3
933 2481 1164 2542 quintam,
1216 2482 1387 2527 Comes
1421 2481 1651 2541 Tendille,
1688 2483 1785 2546 qui,
1822 2483 2016 2548 incepto

247 2563 553 2626 responsorio
584 2568 786 2626 quatuor
817 2561 1095 2622 lectionum,
1135 2564 1262 2612 venit
1295 2569 1423 2613 retro
1460 2565 1693 2629 pulpitum
1721 2581 1864 2630 supra
1890 2565 2017 2630 quod

247 2661 494 2694 sermones
514 2646 618 2693 fieri
647 2646 802 2694 solent
827 2663 836 2694 :
862 2646 959 2705 ubi,
989 2651 1188 2710 accepto
1217 2647 1402 2710 pluviali
1429 2652 1476 2695 et
1506 2648 1711 2713 desuper
1738 2664 1852 2697 ense
1883 2648 2015 2697 cinc-

248 2735 339 2788 tus,
376 2729 611 2792 capellum
651 2729 698 2776 in
729 2729 882 2792 capite
921 2733 1108 2788 tenens,
1139 2730 1272 2778 finito
1306 2731 1631 2794 responsorio,
1669 2731 1870 2780 accessit
1903 2734 2012 2780 ante

245 2812 542 2875 pontificem,
564 2812 764 2860 extraxit
786 2828 969 2871 ensem,
1002 2813 1196 2861 vibravit
1226 2817 1272 2861 et
1302 2814 1393 2862 alia
1418 2813 1532 2862 fecit
1563 2818 1705 2877 prout
1723 2815 1770 2862 in
1791 2829 2010 2864 ceremo-

243 2895 376 2953 niali;
413 2895 585 2943 deinde
613 2895 727 2942 dixit
759 2895 1019 2943 lectionem
1053 2900 1235 2944 sextam
1270 2898 1326 2944 D.
1364 2898 1683 2963 Hieronymus
1717 2898 2007 2962 Calagranus

245 2977 588 3037 subdiaconus3
615 2978 884 3042 septimam,
911 2979 1163 3026 cardinalis
1186 2996 1224 3027 s.
1252 2980 1464 3044 Georgii3
1494 2977 1725 3040 octavam,
1754 2981 2006 3029 cardinalis

241 3060 485 3118 Senensis,
508 3060 605 3122 qui,
631 3065 678 3109 et
698 3077 806 3109 cum
834 3061 902 3109 eis
934 3062 1309 3110 Rechanatensis
1335 3064 1586 3127 presbyter
1605 3064 1857 3111 cardinalis
1879 3064 2007 3112 circa

237 3142 381 3190 finem
427 3144 578 3192 octavi
626 3145 917 3207 responsorii
956 3151 1265 3194 accesserunt
1324 3147 1383 3193 ad
1439 3146 1719 3209 pontificem
1767 3147 1845 3210 qui
1890 3147 2006 3194 dixi-t

234 3242 410 3274 nonam
443 3228 699 3277 lectionem
727 3245 824 3276 non
851 3234 1012 3277 tamen
1043 3233 1209 3288 totam,
1248 3229 1332 3276 sed
1362 3228 1489 3276 circa
1512 3229 1724 3277 medium
1748 3230 1863 3277 dixit
1895 3246 1906 3277 :
1934 3229 2005 3276 Tu

234 3317 405 3369 autem,
449 3311 666 3372 Domine,
709 3314 942 3373 miserere,
985 3322 1090 3371 etc„
1140 3311 1381 3360 cardinale
1414 3312 1766 3360 Rechanatensi
1813 3313 2000 3360 seniore

237 3392 517 3455 presbytero
549 3394 721 3441 librum
746 3399 938 3442 tenente
979 3399 1026 3443 et
1049 3395 1143 3442 duo
1174 3394 1404 3458 acolythis
1436 3394 1482 3441 in
1517 3411 1682 3443 eorum
1715 3397 1877 3460 cappis
1906 3396 2000 3442 duo
