2262 3958
97 315 180 361 [Mai
193 314 286 357 1490]
540 308 710 345 RERUM
744 308 1046 345 URBANARUM
1079 307 1431 345 COMMENTARII.
1812 308 1878 344 411

11 424 42 431 “”
90 422 140 470 et
154 418 216 466 de
237 414 471 466 Columna
500 412 689 460 diaconi
720 412 991 461 cardinales
1019 412 1401 476 pronunciarunt
1429 412 1608 476 populo
1638 413 1880 476 plenarias

89 496 412 563 indulgentias
429 511 519 559 per
539 498 718 559 Papam
743 510 1020 544 concessas.
1056 495 1378 543 Interfuerunt
1401 496 1562 544 officio
1582 500 1630 545 et
1648 496 1880 545 benedic-

89 583 207 635 tioni
227 580 510 646 hujusmodi
533 584 749 627 oratores
765 580 892 642 regis
907 578 1216 639 Ferdinandi,
1232 581 1529 629 Venetorum
1552 584 1601 628 et
1619 579 1876 628 Mediolani

87 666 266 717 ducum
287 670 336 715 et
357 663 559 713 dominii
580 662 846 711 Florentini
869 666 915 710 et
937 678 1034 711 non
1057 663 1161 709 alii.-

140 751 283 802 Feria
304 753 457 806 sexta,
483 751 543 796 28
566 747 697 806 maii,
724 748 806 794 SS.
834 748 890 792 D.
911 747 989 802 N„
1009 745 1257 794 intellecto
1277 746 1406 808 quod
1424 752 1589 796 orator
1604 749 1732 811 regis
1755 751 1880 797 Nea-

86 835 287 901 politani
308 835 499 898 pararet
522 845 657 879 arma
676 845 762 893 pro
784 828 1022 876 veniendo
1042 828 1103 875 ad
1120 844 1346 891 vesperas
1368 830 1412 876 in
1432 831 1595 893 vigilia
1616 834 1880 880 Pentecos-

87 924 160 969 tes
181 923 229 968 et
253 919 439 967 armata
463 931 610 963 manu
636 913 797 961 locum
827 927 968 959 suum
996 911 1299 976 accipiendo,
1331 914 1576 962 commisit
1602 914 1721 961 mihi
1750 915 1880 977 quod

85 1002 181 1051 hoc
216 999 406 1050 RRmis,
458 1000 556 1046 DD.
599 995 1016 1053 vicecancellariO,
1063 996 1420 1059 Andegavensi,
1464 997 1797 1056 Ulixbonensi,
1836 1016 1874 1045 s.

83 1084 276 1150 Angeli,
299 1082 521 1141 Senensi,
547 1080 869 1129 cardinalibus
898 1080 1226 1143 significarem
1247 1084 1298 1129 ut
1321 1081 1593 1144 cogitarent
1615 1081 1731 1145 quid
1750 1082 1880 1131 circa

83 1167 268 1219 illudet
289 1170 508 1216 oratores
529 1170 722 1215 nostros
745 1179 892 1227 super
912 1163 1227 1227 precedentia
1250 1164 1525 1212 faciendum
1547 1169 1595 1213 et
1629 1181 1735 1213 cras
1766 1170 1877 1215 ante

0 1250 3 1275 ‘
82 1267 308 1317 vesperas
340 1251 391 1299 in
414 1266 610 1298 camera
642 1264 807 1297 coram
835 1247 1099 1295 Sanctitate
1129 1263 1216 1294 sua
1244 1247 1560 1296 convenirent
1597 1247 1658 1296 ad
1692 1248 1877 1298 delibe-

81 1336 289 1386 randum
315 1354 324 1384 :
351 1335 420 1383 sic
439 1339 486 1383 et
504 1334 614 1383 feci.
639 1333 791 1397 Igitur
811 1332 888 1380 die
911 1331 1116 1389 sabbati,
1144 1334 1203 1378 29
1220 1331 1352 1389 maii,
1377 1331 1538 1394 vigilia
1563 1334 1876 1381 Pentecostes

81 1409 311 1470 faeta‘est
333 1434 498 1468 coram
520 1417 749 1482 pontifice
781 1417 829 1465 in
860 1431 1054 1481 camera
1081 1432 1168 1464 sua
1194 1420 1385 1464 secreta
1411 1415 1729 1463 cardinalium
1758 1432 1875 1464 con-

80 1505 270 1555 vocatio
297 1504 358 1552 ab
385 1504 506 1552 hora
530 1507 642 1551 ante
668 1502 953 1565 vigesimam
981 1516 1134 1563 usque
1164 1499 1222 1547 ad
1251 1499 1536 1563 vigesimam
1563 1499 1793 1563 primam,
1828 1504 1876 1548 et

82 1588 282 1638 tandem
302 1587 459 1652 rogati
480 1602 569 1651 per
589 1586 873 1650 episcopum
894 1587 1273 1642 Tornacensem,
1299 1599 1357 1632 ex
1379 1583 1723 1631 commissione
1746 1586 1874 1648 Pape

80 1673 131 1722 in
167 1673 298 1722 dicta
329 1670 708 1739 congregatione
737 1669 802 1716 ibi
834 1669 976 1728 facta,
1011 1673 1229 1718 oratores
1267 1669 1394 1732 regis
1427 1669 1587 1716 Scotie
1626 1673 1672 1716 et
1695 1668 1872 1716 ducum

81 1757 280 1807 Bavarie
297 1756 429 1821 quod
444 1771 532 1820 pro
551 1755 646 1803 hoc
669 1769 778 1802 sero
799 1753 1032 1802 recedere
1045 1753 1223 1802 vellent
1242 1757 1288 1801 et
1308 1753 1427 1800 alios
1441 1757 1660 1800 oratores
1682 1752 1873 1816 quietos

79 1841 342 1900 dimittere,
368 1840 481 1904 quia
503 1854 610 1888 cras
632 1838 680 1885 in
711 1837 860 1884 missa
887 1840 1017 1901 Papa
1038 1837 1153 1900 ipsis
1172 1837 1336 1884 locum
1366 1836 1564 1885 daturus
1587 1840 1716 1884 esset
1746 1854 1754 1883 ε
1781 1836 1870 1900 ipsi

75 1939 193 1974 vero
207 1929 426 1974 oratores
463 1922 626 1972 Scotie
653 1926 701 1970 et
727 1920 927 1969 Bavarie
966 1920 1014 1968 id
1051 1924 1305 1984 acceptare
1340 1921 1538 1968 omnino
1565 1926 1870 1980 recusarunt,

79 2009 172 2084 nisi
188 2012 238 2058 et
259 2008 341 2057 alii
362 2012 580 2057 oratores
602 2022 711 2054 cum
734 2006 803 2054 eis
825 2005 1131 2063 recederent,
1155 2008 1298 2068 prout
1316 2005 1497 2053 factum
1520 2010 1620 2065 est3
1646 2010 1694 2054 et
1716 2021 1875 2054 reces-

77 2095 244 2141 serunt
264 2105 454 2149 omneS,
474 2095 574 2139 tam
593 2090 714 2138 citra
734 2104 880 2152 quam
902 2089 1248 2137 ultramontani
1268 2105 1323 2136 ac
1345 2089 1571 2137 omnibus
1589 2090 1871 2138 mandatum

77 2178 153 2223 est
178 2177 232 2222 ut
250 2173 330 2223 die
352 2174 563 2222 crastina
589 2188 618 2221 a
647 2172 833 2236 capella
858 2187 908 2220 se
930 2172 1268 2230 absentarent;
1294 2173 1422 2235 quod
1443 2178 1490 2222 et
1513 2188 1684 2221 omnes
1708 2174 1873 2223 obser-

77 2264 267 2309 varunt.⁴
289 2261 404 2308 Post
424 2259 597 2308 horam
616 2274 732 2317 xxm,
759 2258 925 2305 RRmi.
955 2259 1054 2305 DD.
1081 2256 1351 2304 cardinales
1373 2261 1608 2304 venerunt
1629 2257 1690 2305 ad
1711 2258 1874 2322 capel-
1900 2260 1904 2266 '

73 2343 172 2392 lam
194 2343 431 2408 majorem
459 2341 787 2406 supradictam
815 2341 864 2388 in
890 2356 985 2404 qua
1011 2343 1177 2388 Rmus.
1210 2339 1465 2387 cardinalis
1486 2340 1869 2405 Andegavensis,

74 2426 152 2476 die
188 2426 400 2476 crastina
446 2426 798 2483 celebraturuS,
840 2429 1035 2488 paratus
1062 2439 1199 2472 more
1241 2423 1383 2472 solito
1424 2423 1540 2472 fecit
1571 2424 1786 2473 officium
1816 2430 1864 2475 et

74 2511 330 2562 observata
360 2514 473 2559 sunt
499 2509 664 2558 omnia
699 2523 835 2557 more
854 2512 1106 2557 consuetO.

136 2594 408 2656 Dominica,
435 2597 496 2644 30
517 2594 650 2653 maii,
675 2593 854 2641 festum
875 2595 1191 2641 Pentecostes
1213 2595 1379 2642 Rmus.
1403 2595 1461 2641 D.
1484 2592 1750 2641 Cardinalis
1773 2595 1873 2642 An-

27 2723 38 2732 ,
77 2678 364 2743 degavensis
395 2678 656 2727 celebravit
691 2677 892 2725 missam
920 2678 1210 2736 solemnem,
1247 2681 1377 2743 Papa
1405 2679 1624 2736 absente,
1659 2682 1706 2727 et
1737 2682 1873 2727 ante-

76 2777 220 2827 quam
241 2765 526 2826 paramenta
545 2762 788 2825 acciperet
818 2760 948 2810 idem
970 2762 1240 2810 commissit
1262 2762 1382 2809 mihi
1403 2761 1534 2825 quod
1558 2777 1645 2810 suo
1674 2762 1870 2810 nomine

75 2847 159 2894 SS.
182 2847 238 2893 D.
265 2844 590 2909 supplicarem
613 2843 744 2907 quod
770 2844 1097 2894 committeret
1120 2861 1181 2894 ne
1206 2846 1346 2895 fieret
1375 2862 1535 2895 sermo
1563 2848 1761 2910 propter
1786 2858 1870 2892 co-

73 2927 220 2976 licam
253 2943 350 2992 qua
385 2928 489 2992 ipse
525 2926 784 2975 cardinalis
817 2942 869 2975 se
895 2927 994 2990 pati
1024 2932 1074 2975 et
1100 2933 1362 2992 propterea
1396 2928 1754 2978 medicamenta
1792 2942 1870 2976 re-

73 3012 264 3077 cepisse
299 3017 443 3060 nocte
476 3011 707 3076 preterita
739 3015 786 3059 et
821 3026 917 3060 non
958 3010 1231 3061 dormuisse
1269 3017 1317 3061 et
1363 3013 1412 3060 in
1441 3013 1650 3061 ecclesia
1687 3011 1866 3059 diutius

73 3100 330 3160 expectare
360 3111 455 3144 non
484 3110 628 3160 posse
657 3095 872 3153 dicebat;
904 3095 1077 3158 quibus
1103 3110 1192 3159 per
1224 3111 1302 3144 me
1329 3098 1411 3145 SS.
1441 3099 1498 3145 D.
1531 3099 1588 3145 N.
1615 3095 1863 3160 expositiS‚

71 3179 323 3244 respondit
344 3181 581 3229 Sanctitas
604 3195 691 3229 sua
720 3180 918 3228 omnino
942 3194 1220 3228 sermonem
1242 3181 1349 3229 fieri
1371 3181 1550 3229 debere
1567 3185 1632 3241 et,
1667 3180 1707 3227 si
1728 3180 1869 3228 aliter

73 3262 331 3312 cardinalis
351 3264 500 3313 finem
522 3265 669 3314 officii
691 3267 948 3329 expectare
977 3278 1076 3311 non
1093 3268 1277 3327 posset,
1299 3264 1430 3327 quod
1450 3264 1631 3313 faceret
1649 3263 1869 3313 collatio-
1887 3266 1894 3270 “

74 3361 188 3396 nem
209 3351 319 3397 ante
341 3348 558 3408 missam,
583 3365 728 3414 super
748 3365 844 3413 quo
874 3348 1113 3398 Sanctitas
1133 3363 1220 3396 sua
1243 3347 1570 3413 dispensabat.
1599 3333 1756 3398 Retuli
1773 3350 1866 3399 hec

73 3431 293 3497 predicto
329 3432 561 3482 cardinali
589 3434 671 3500 qui
697 3434 817 3483 mihi
850 3433 1098 3500 replicavit
1129 3449 1180 3484 se
1210 3433 1420 3484 libenter
1449 3431 1759 3483 collationem
1791 3433 1863 3482 fe-
