2262 3958
358 335 429 371 266
965 333 1197 370 JOHANNIS
1230 333 1524 379 BURCHARDI,
1921 340 2014 381 [Juin
2030 342 2122 384 1487]

356 435 593 499 plenarias
615 435 932 499 indulgentias
958 450 1046 499 per
1067 437 1150 483 SS.
1180 438 1237 483 D.
1273 437 1329 483 N.
1362 436 1540 499 populo
1568 451 1839 488 concessas.
1873 441 1956 488 SS.
1984 442 2039 490 D.
2059 443 2116 490 N.

355 519 449 566 hoc
485 519 722 566 mandavit
758 518 874 566 mihi
905 519 1034 582 quod
1062 518 1263 566 caudam
1290 518 1510 582 pluvialis
1538 519 1610 567 sui
1645 520 1808 570 darem
1837 524 2120 587 portandam

354 601 499 665 priori
537 601 714 649 ordinis
745 617 784 649 s.
821 601 1051 649 ‚Iohannis
1086 601 1526 666 Hierosolymitani,
1565 604 1738 652 oratori
1772 605 1897 669 regis
1928 606 2116 670 Anglie,

352 684 465 732 licet
485 688 772 732 consuetum
801 699 898 733 non
920 689 1049 733 esset
1079 685 1208 748 quod
1237 685 1412 733 milites
1442 685 1554 732 dicti
1582 686 1656 734 vel
1684 687 1889 750 cujusvis
1918 689 2116 750 ordinis,

354 768 438 814 sed
462 767 569 815 laici
602 771 788 815 tantum
815 767 946 831 digni
969 768 1099 816 illam
1127 772 1390 832 portarent.
1423 768 1541 816 Dedi
1567 768 1711 831 igitur
1737 769 1892 818 eidem
1919 771 2119 820 caudam

354 850 590 913 ejusmodi
623 867 734 899 cum
765 854 890 915 Papa
920 853 978 900 ad
1005 852 1153 915 pedes
1195 851 1429 899 scalarum
1456 852 1615 916 palatii
1644 853 1972 902 descendisset
1994 858 2043 903 et
2062 854 2124 902 ad

351 934 512 982 locum
530 934 877 983 benedictionis
896 935 1108 999 predicte
1130 935 1236 983 iret.

419 1018 502 1065 His
524 1018 691 1066 diebus
715 1018 843 1066 Illus.
870 1018 963 1066 dux
994 1018 1313 1067 Ferrariensis
1339 1018 1538 1067 visitavit
1560 1019 1773 1083 singulos
1791 1023 1996 1069 RRmos.
2020 1021 2124 1070 DD.

355 1101 620 1150 cardinales
650 1102 699 1149 in
738 1102 959 1150 domibus
979 1102 1331 1149 habitationum
1362 1118 1584 1161 suarum3
1622 1103 1794 1152 deinde
1825 1103 1989 1152 RRmi.
2015 1106 2116 1153 DD.

357 1185 624 1234 cardinales
643 1185 745 1232 aliis
767 1185 933 1234 diebus
949 1184 1199 1233 visitarunt
1218 1185 1376 1248 ipsum
1395 1188 1450 1233 D.
1477 1186 1668 1234 ducem.

419 1269 506 1317 Die
521 1267 662 1332 joviS,
690 1269 743 1314 31
772 1270 818 1316 et
849 1267 1015 1315 ultima
1041 1266 1173 1327 maii,
1206 1271 1371 1315 Rmus.
1397 1271 1454 1316 D.
1480 1268 1731 1316 cardinalis
1751 1269 1984 1318 Ascanius
2009 1269 2124 1317 invi-

352 1352 464 1401 tavit
495 1351 731 1415 prefatum
766 1351 894 1398 Illus.
931 1350 1106 1398 ducem
1141 1351 1200 1398 ad
1231 1352 1461 1415 palatium
1494 1351 1716 1415 Magliani
1749 1354 1879 1399 trans
1911 1351 2119 1400 Tiberim

353 1451 438 1499 per
453 1434 660 1498 quinque
683 1433 883 1483 miliaria
909 1434 968 1482 ab
997 1433 1120 1482 Urbe
1148 1433 1347 1494 distans,
1380 1438 1427 1481 et
1453 1434 1671 1482 ordinata
1695 1433 1782 1481 fuit
1806 1433 1995 1481 venatio
2017 1449 2131 1483 θεῖ’-ε

351 1533 517 1566 vorum
538 1518 585 1565 in
608 1533 778 1581 campo
800 1517 1000 1575 Merulo,
1024 1516 1101 1564 ubi
1123 1517 1330 1565 maxima
1344 1517 1596 1564 multitudo
1615 1515 1862 1564 curialium
1876 1515 2119 1576 convenit;

351 1602 668 1650 interfuerunt
704 1601 848 1649 etiam
880 1600 1043 1663 plures
1079 1614 1136 1647 ex
1166 1600 1358 1647 RRmis.
1398 1602 1497 1647 DD.
1534 1599 1871 1659 cardinalibus,
1901 1599 2122 1648 videlicet

351 1685 643 1743 ParmensiS,
661 1684 719 1732 de
742 1683 961 1742 Sabellis,
995 1682 1227 1730 Columna
1255 1686 1301 1730 et
1323 1682 1581 1744 Ascanius;
1600 1684 1686 1732 fuit
1705 1688 1867 1734 tamen
1887 1684 2057 1733 unicus
2073 1687 2120 1734 et

353 1769 482 1817 solus
505 1784 672 1817 cervus
695 1770 861 1830 captus
878 1769 924 1814 et
944 1781 1067 1812 unus
1086 1764 1340 1828 caprioluS.

417 1851 642 1910 Sabbato,
664 1854 690 1898 2
713 1851 851 1915 junii,
881 1851 1039 1914 vigilia
1066 1852 1395 1907 Pentecostes,
1425 1848 1618 1898 fuerunt
1638 1865 1836 1914 vespere
1855 1850 2052 1915 papales
2071 1850 2122 1898 in

350 1934 533 1998 capella
572 1949 746 1997 magna
798 1933 978 1997 palatii,
1028 1936 1157 1996 Papa
1203 1934 1428 1995 presente
1480 1935 1526 1980 et
1566 1933 1859 1996 paramentis
1897 1933 2119 1997 pretiosis

349 2024 536 2067 ornato.
582 2018 803 2066 Interfuit
844 2017 988 2065 etiam
1023 2015 1373 2065 illustrissimus
1419 2015 1514 2062 dux
1557 2014 1793 2078 prefatus3
1845 2017 1973 2079 Papa
2007 2015 2120 2065 fecit

350 2102 563 2151 officium
586 2106 632 2149 et
654 2101 816 2148 omnia
836 2101 928 2148 alia
947 2101 1072 2149 facta
1089 2103 1197 2147 sunt
1217 2114 1353 2147 more
1376 2101 1627 2147 consueto.

413 2183 680 2243 Dominica,
708 2186 732 2231 3
752 2182 891 2246 junii,
917 2181 1090 2230 festum
1113 2183 1443 2238 PentecosteS,
1468 2180 1551 2227 SS.
1578 2181 1635 2226 D.
1660 2181 1698 2227 N
1707 2217 1738 2238 .,
1765 2182 1959 2243 paratus
1979 2167 2121 2244 parass

347 2266 522 2314 mentis
556 2265 714 2314 rubeis
743 2265 982 2330 pretiosis„
1015 2264 1143 2313 venit
1169 2264 1229 2312 ad
1259 2263 1507 2311 basilicam
1549 2279 1587 2310 s.
1628 2262 1755 2310 Petri
1787 2278 1921 2312 more
1949 2263 2116 2323 solito,

347 2353 512 2398 Rmus.
546 2352 601 2397 D.
640 2349 892 2397 cardinalis
928 2346 1286 2411 Andegavensis
1320 2346 1435 2395 fecit
1473 2345 1684 2394 officium
1717 2345 1861 2394 etiam
1899 2346 1948 2393 in
1979 2362 2120 2410 para-

346 2432 519 2481 mentis
538 2431 712 2479 rubeis·
737 2434 854 2479 Cum
872 2435 1092 2479 cantores
1119 2430 1412 2493 incepissent
1437 2416 1701 2477 secundum
1727 2428 1949 2487 Alleluia,
1969 2431 2119 2492 Papa,

346 2516 609 2578 interrupta
642 2514 827 2562 lectura
849 2514 1052 2562 Alleluia
1079 2516 1127 2561 et
1158 2512 1409 2575 evangelii,
1446 2511 1577 2559 venit
1609 2511 1670 2558 ad
1695 2510 2013 2559 faldistorium
2037 2512 2117 2559 ubi

347 2595 622 2658 genuflexit,
655 2594 873 2657 deposita
907 2595 1066 2656 mitra,
1101 2599 1148 2643 et
1181 2599 1402 2644 cantores
1430 2594 1711 2658 inceperunt
1732 2609 1923 2642 versum
1953 2612 1963 2642 ε
2001 2594 2119 2643 Veni

346 2686 503 2725 sancte
521 2678 731 2741 spiritua,
752 2678 861 2741 quia
880 2681 1006 2742 Papa
1034 2679 1185 2728 noluit
1205 2679 1362 2743 ipsum
1391 2693 1582 2726 versum
1608 2677 1823 2741 incipere
1847 2681 1989 2741 prout
2011 2677 2117 2726 heri

347 2776 454 2809 sero
493 2761 732 2825 hymnum
770 2760 967 2825 incepit,
1009 2761 1122 2810 licet
1163 2762 1212 2808 in
1258 2761 1495 2825 principio
1534 2774 1847 2823 vesperorum
1883 2775 2028 2823 super
2059 2775 2118 2810 eo
2174 2783 2178 2786 ·

346 2846 503 2909 ipsum
524 2845 916 2908 interrogassem.
943 2848 1227 2894 Sermonem
1252 2844 1364 2892 fecit
1385 2847 1440 2891 R.
1474 2846 1525 2891 P.
1552 2846 1608 2891 D.
1635 2843 2118 2907 Stephanus‘archie-

345 2930 569 2993 piscopus
593 2929 893 2976 Patracensis
916 2933 962 2977 et
982 2929 1236 2992 publicavit
1262 2927 1581 2991 indulgentias
1603 2931 1788 2991 septem
1807 2942 2042 2975 annorum
2068 2931 2116 2976 et

345 3013 542 3061 totidem
583 3013 998 3075 quadragenarum
1037 3028 1156 3075 quas
1202 3015 1330 3075 Papa
1376 3011 1617 3058 concessit
1658 3010 1976 3074 presentibus.
2009 3010 2118 3060 Alia

346 3095 508 3143 omnia
527 3110 661 3143 more
683 3102 914 3143 consueto
939 3100 1047 3142 sunt
1067 3095 1336 3144 observata.

412 3178 547 3227 Feria
569 3178 797 3238 secunda,
829 3181 856 3225 4
874 3178 1013 3241 junii,
1046 3182 1091 3227 et
1119 3177 1238 3226 feria
1259 3176 1416 3235 tertia,
1449 3179 1475 3224 5
1496 3176 1636 3239 junii,
1667 3191 1764 3224 non
1789 3177 1876 3225 fuit
1897 3177 2110 3241 capella;

348 3262 433 3309 sed
454 3261 623 3310 eadem
644 3262 761 3309 feria
791 3262 949 3321 tertia,
983 3267 1092 3311 ante
1122 3263 1264 3323 diem,
1296 3259 1424 3308 circa
1452 3259 1625 3307 horam
1655 3275 1718 3306 vn
1753 3259 1963 3323 prefatus
1983 3259 2115 3307 illus-

347 3345 582 3392 trissimus
604 3345 700 3393 dux
720 3346 920 3393 recessit
942 3346 1000 3393 ab
1020 3347 1164 3405 Urbe,
1195 3346 1462 3394 Ferrariam
1486 3346 1726 3394 rediturus
1747 3361 1833 3410 per
1853 3344 2115 3393 Marehiam

349 3432 395 3474 et
416 3428 802 3488 Romandiolam;
830 3429 985 3491 ipsum
1011 3429 1327 3488 associarunt,
1371 3429 1429 3476 de
1461 3430 1685 3476 mandato
1718 3431 1861 3490 Pape,
1886 3431 1941 3475 R.
1973 3429 2024 3474 P.
2054 3430 2110 3474 D.
