2262 3958
327 341 398 376 388
938 337 1170 374 JOHANNIS
1205 337 1499 385 BURCHARDI,
1825 343 1979 382 [sanvier
1999 344 2094 387 1490]

326 441 495 490 induti.
546 442 867 489 lutei-fuerunt
909 439 1078 496 fratres
1126 443 1331 502 quatuor
1373 445 1712 502 conventuum,
1763 460 1802 491 s.
1844 445 1991 493 Marie
2029 445 2087 494 de

330 525 527 589 Populo,
551 523 756 582 Araceli,
783 522 840 571 de
863 522 1075 570 Minerva
1102 527 1150 570 et
1181 539 1219 570 s.
1252 523 1523 587 Augustini,
1554 524 1824 574 beneficiati
1857 533 1905 575 et
1933 528 2096 577 clerici

329 606 452 654 dicte
493 606 686 653 basilice
728 621 765 651 s.
812 604 955 652 Petri.
1007 605 1232 653 Canonici
1285 606 1501 670 ejusdem
1542 600 1746 662 ecclesie
1784 615 2012 660 venerunt
2052 611 2095 659 ei

329 687 514 735 obviam
547 703 694 750 usque
724 686 781 733 ad
814 687 966 735 scalas
1001 689 1216 752 ejusdem
1245 689 1467 748 basilice;
1500 673 1839 753 precesserunt
1862 709 1923 741 XL
1950 693 2097 742 intor-

328 771 438 818 ticia
457 774 565 834 post
586 772 745 829 sunuS,
770 786 861 834 que
884 776 1178 819 mercatores
1211 771 1451 819 florentini
1475 788 1503 820 a
1524 772 1693 836 seipsis
1713 773 1916 821 ordinati
1938 780 2099 839 porta-

328 855 459 902 bant.
482 855 617 903 Ibant
638 854 811 919 singuli
831 853 1114 913 familiares;
1138 853 1320 918 primus
1344 859 1444 903 erat
1465 855 1615 916 vilior,
1642 857 1909 905 successive
1931 873 2099 906 ascen-

328 937 515 997 dentes,
538 941 647 1001 post
667 937 884 984 ultimum
907 937 1229 994 familiarium,
1251 937 1376 985 filius
1395 938 1606 987 defuncti
1622 939 1808 987 medius
1829 940 1956 988 inter
1975 939 2094 989 duos

328 1021 537 1084 prelatos
567 1020 728 1084 palatii
761 1037 787 1068 a
826 1020 1034 1068 dexteris
1073 1024 1118 1068 et
1152 1024 1394 1068 oratorem
1434 1021 1560 1084 regis
1594 1023 1881 1070 Ferdinandi
1916 1022 2094 1082 Sicilie,

330 1103 502 1152 deinde
525 1103 671 1151 frater
691 1103 851 1151 uxoris
880 1103 1088 1151 defuncti
1118 1103 1261 1151 etiam
1294 1103 1478 1151 medius
1503 1104 1629 1152 inter
1652 1105 1861 1168 prelatos
1888 1105 2051 1169 palatii
2070 1121 2098 1153 a

329 1186 536 1234 dexteris
570 1189 616 1234 et
650 1190 891 1234 oratorem
917 1201 944 1233 a
979 1185 1208 1244 sinistris;
1243 1189 1342 1233 tum
1375 1186 1451 1233 alii
1481 1187 1651 1250 prelati
1685 1191 1732 1235 et
1758 1192 1972 1237 oratores
2011 1204 2096 1236 suo

328 1268 509 1317 ordine.
544 1269 751 1317 Candele
780 1269 888 1317 date
919 1272 1027 1316 sunt
1055 1268 1292 1332 religiosis
1319 1269 1368 1316 in
1390 1269 1512 1317 ostio
1542 1270 1738 1318 basilice
1777 1271 2010 1334 predicte,
2047 1272 2096 1319 in

329 1352 465 1416 cujus
486 1351 698 1400 medium
719 1352 779 1399 ad
797 1352 957 1400 locum
977 1351 1167 1400 solitum
1188 1351 1397 1415 positum
1427 1357 1498 1399 est
1526 1352 1688 1412 funus,
1716 1358 1762 1400 et
1789 1354 1887 1402 filio
1918 1369 1973 1402 ac
1994 1353 2097 1402 aliis

330 1435 532 1483 funestis
557 1435 685 1484 circa
712 1435 944 1484 stantibus
970 1438 1210 1482 cantatum
1239 1438 1310 1482 est
1333 1435 1384 1494 ἢ.
1415 1434 1586 1482 Libera
1612 1451 1684 1483 me
1722 1436 1948 1495 Domine,·
1973 1436 2097 1485 inte-

330 1518 418 1565 rim
440 1519 609 1583 prelati
631 1523 678 1567 et
696 1523 910 1567 oratores
931 1519 1118 1566 iverunt
1144 1517 1204 1565 ad
1233 1517 1436 1565 chorum
1470 1523 1578 1566 ante
1605 1519 1752 1567 altare
1781 1519 1921 1568 beate
1948 1520 2096 1568 Marie

331 1601 693 1662 canonicorum,
736 1604 783 1649 et
814 1601 991 1649 ibidem
1029 1603 1207 1647 stantes
1230 1600 1366 1663 juxta
1403 1601 1569 1660 altare,
1600 1618 1766 1650 versus
1799 1602 1859 1650 ad
1887 1602 2097 1666 prelatos

331 1683 552 1732 dominus
575 1687 744 1732 Petrus
764 1687 969 1743 MarcuS,
1000 1683 1124 1731 Rmi.
1150 1686 1206 1731 D.
1235 1683 1487 1732 cardinalis
1516 1701 1554 1732 s.
1586 1685 1779 1749 Georgii
1797 1685 2092 1749 capellanUS,

331 1782 606 1815 sermonem
638 1768 752 1817 fecit
785 1768 843 1816 de
873 1767 967 1815 vita
1014 1766 1242 1826 defuncti,
1279 1782 1413 1815 more
1451 1772 1680 1817 consueto
1707 1787 1715 1816 :
1739 1769 1907 1816 fuisset
1940 1767 2094 1833 magis

332 1850 641 1897 commodum
676 1850 804 1914 quod
840 1850 975 1897 finito
1016 1850 1321 1913 responsorio
1355 1866 1514 1899 sermo
1547 1852 1764 1915 inceptus
1802 1857 1948 1910 esset,
1983 1851 2095 1915 quia

330 1938 498 1980 cantus
514 1933 702 1980 illorum
723 1933 853 1980 hunc
874 1931 1181 1995 impediebat.

397 2018 627 2064 Sermone
650 2016 803 2075 finito,
827 2015 1001 2063 funesti
1023 2030 1050 2062 a
1071 2014 1165 2061 suis
1188 2014 1352 2062 amicis
1375 2032 1466 2064 nec
1487 2017 1681 2080 prelatis
1703 2034 1792 2066 nec
1825 2017 2096 2066 oratoribus

331 2098 571 2158 associati,
597 2099 841 2147 redierunt
859 2098 919 2146 ad
943 2098 1165 2157 domum;
1194 2097 1413 2146 similiter
1438 2103 1484 2146 et
1508 2099 1677 2162 prelati
1698 2103 2011 2162 oratoresque
2032 2099 2093 2146 ad

331 2181 501 2229 domos
523 2198 631 2230 suas
654 2182 829 2231 reversi
852 2185 979 2240 sunt,
1005 2181 1178 2229 deinde
1200 2180 1343 2229 funus
1365 2185 1604 2245 portatum
1632 2187 1705 2231 est
1733 2186 1780 2230 et
1803 2181 2092 2246 depositum,

332 2268 383 2311 ut
405 2281 564 2328 supra.
590 2268 805 2313 Mortuus
830 2270 990 2313 autem
1013 2269 1084 2312 est
1112 2264 1159 2311 in
1188 2263 1330 2312 domo
1354 2264 1555 2329 Aciaj01i
1581 2266 1628 2313 in
1653 2267 1804 2329 burgo
1830 2281 1929 2312 non
1955 2264 2099 2328 longe

332 2363 358 2395 a
379 2347 536 2411 platea
575 2364 614 2395 s.
650 2348 795 2407 Petri,
835 2364 980 2411 quam
1007 2348 1202 2411 quidem
1225 2350 1282 2395 D.
1307 2348 1541 2396 Antonius
1566 2349 1625 2397 de
1647 2348 1882 2396 Forolivio
1904 2361 2095 2396 camere

333 2430 595 2492 apostolice
642 2430 846 2478 clericus
898 2430 1175 2479 inhabitavit
1221 2434 1267 2477 et
1310 2446 1368 2478 ex
1411 2430 1580 2478 eadem
1623 2431 1766 2478 domo
1807 2429 1868 2478 ad
1920 2429 2095 2477 dictam

333 2511 578 2559 basilicam
604 2513 879 2576 deportatus
899 2519 988 2561 est.

401 2595 484 2642 His
506 2595 674 2643 diebus
697 2600 859 2644 exorta
879 2596 1038 2659 aliqua
1067 2597 1378 2646 contentione
1404 2601 1451 2645 et
1472 2596 1741 2645 differentia
1767 2596 1891 2645 inter
1917 2597 2100 2661 magni-

336 2678 482 2726 ficum
504 2681 568 2744 D·
612 2679 882 2727 Johannem
912 2679 970 2727 de
1003 2680 1181 2728 Staden
1217 2681 1418 2729 militem
1449 2684 1496 2728 et
1526 2680 1774 2728 doctorem
1802 2680 1897 2744 lige
1932 2679 2100 2729 Suevie

336 2761 431 2810 sive
456 2779 494 2809 s.
521 2763 711 2826 Georgii
737 2761 796 2827 (1)
820 2767 1078 2822 oratorem,
1104 2768 1151 2811 et
1174 2763 1229 2811 D'.
1257 2767 1452 2811 Petrum
1475 2764 1624 2811 Zuich
1647 2763 1945 2827 prepositum
1972 2762 2102 2811 illus-

338 2845 420 2892 tris
441 2847 496 2892 D.
523 2845 710 2893 comitis
731 2845 1040 2909 palatinensis
1063 2846 1216 2895 Rheni
1240 2847 1463 2895 electoris
1487 2851 1747 2906 oratorem,
1769 2847 1828 2894 ad
1850 2848 1933 2894 SS.
1960 2847 2015 2893 D.
2041 2848 2096 2893 N.

336 2927 642 2989 destinatum,
667 2945 809 2993 super
828 2930 1155 2993 precedentia.
1179 2930 1334 2979 Ambo
1354 2930 1443 2994 ipsi
1461 2930 1763 2978 concorditer
1783 2928 2100 2977 differentiam

336 3027 471 3059 suam
500 3012 620 3059 mihi
638 3012 944 3072 remiserunt,
968 3012 1035 3060 ita
1055 3012 1184 3075 quod
1211 3012 1501 3069 ordinarem,
1528 3012 1664 3075 juxta
1690 3010 1819 3059 curie
1841 3013 2101 3058 consuetu-

337 3093 498 3142 dinem
534 3099 580 3144 et
606 3096 865 3160 justitiam,
902 3095 1006 3158 quis
1039 3111 1208 3143 eorum
1250 3094 1510 3158 precedere
1552 3093 1764 3142 deberet.
1805 3093 1944 3142 Nolui
1983 3109 2102 3142 onus

384 3269 417 3304 1.
436 3268 539 3305 Ainsi
560 3271 755 3306 nominee«
772 3280 815 3306 ex
829 3268 977 3316 insigni,
1001 3268 1213 3316 quodjussu
1228 3270 1262 3303 et
1275 3265 1489 3302 auctoritate
1503 3264 1656 3302 Caesaris
1677 3265 1847 3302 Friderici
1862 3265 1945 3302 inde
1960 3277 1982 3302 a
1994 3277 2103 3303 cons-

336 3326 512 3364 titutionis
532 3332 705 3376 tempore,
728 3341 852 3365 omnes
875 3327 1063 3375 Principes
1080 3331 1114 3364 et
1135 3326 1329 3370 Electores,
1353 3324 1509 3362 Comites
1530 3324 1624 3360 idem
1645 3328 1680 3360 et
1701 3324 1875 3368 Barones,
1900 3323 2047 3371 Equites
2067 3326 2104 3359 et

337 3384 549 3430 SocietateS‚
566 3391 743 3435 quotquot
760 3387 942 3424 Societate
953 3387 1021 3423 ista
1042 3384 1455 3434 comprehendebantur,
1470 3384 1576 3421 modo
1589 3384 1701 3420 nobili
1715 3395 1849 3431 genere
1866 3382 2000 3419 fuerint
2016 3380 2099 3426 orti,

334 3443 369 3479 in
391 3445 551 3492 praeliutn
570 3446 653 3482 ituri
674 3446 860 3493 gerebant.
884 3461 902 3478 »
924 3445 1109 3493 Wegelin,
1137 3444 1355 3480 Thesaurus
1376 3444 1518 3479 Rerum
1539 3444 1804 3487 Suevc‘carum,
1829 3446 1855 3479 t.
1873 3441 1935 3486 111,
1949 3452 1986 3489 p.
2004 3441 2087 3476 227.
