2262 3958
340 270 407 305 444
940 267 1172 307 JOHANNIS
1206 265 1500 315 BURCHARDL
1658 307 1663 311 .
1844 271 1994 310 [Fevrier
2016 271 2106 311 1492]

341 369 401 418 N..
440 367 658 415 mandavi
680 367 912 416 ambobus
934 374 983 418 ut
1011 370 1194 433 capella
1220 370 1424 430 exirent,
1467 371 1595 434 quod
1621 372 1765 422 etiam
1797 373 1955 422 statim
1979 373 2106 420 fece-

338 453 462 497 runt.
499 452 551 496 In
581 449 749 497 eadem
787 451 970 514 capella
998 447 1212 501 interfuit
1242 454 1299 500 D.
1341 451 1629 501 Philibertus
1659 456 1945 514 NaturelluS,
1980 456 2104 504 filius

338 535 498 580 orator
526 532 832 579 illustrissimi
865 537 920 583 D.
955 535 1160 599 Philippi
1199 534 1470 583 archiducis
1507 535 1697 583 Austrie
1737 541 1784 585 et
1823 537 1956 586 ducis
1989 541 2104 587 Bur-

339 614 514 676 gundie
537 614 618 661 filii
642 615 935 666 serenissimi
956 617 1267 667 Maximiliani
1287 620 1614 667 Romanorum
1635 617 1759 679 regis
1776 619 2100 683 primogeniti,

337 695 415 757 qui
438 696 670 743 ambobus
693 697 958 745 oratoribus
979 699 1206 762 predictis
1226 699 1389 749 locum
1417 699 1565 759 dedit,
1591 714 1811 748 asserens
1831 716 1881 749 se
1903 703 1952 749 in
1971 719 2104 752 man-

338 778 459 826 datis
488 779 665 827 habere
702 793 763 825 ne
797 794 907 827 cum
939 781 1206 829 oratoribus
1237 782 1501 830 electorum
1539 780 1724 844 imperii
1758 783 2101 834 conscenderet

336 861 420 909 sed
440 877 523 908 eos
544 862 723 925 absque
746 863 1053 912 contentione
1068 864 1329 929 precedere
1345 863 1645 928 permitteret
1660 880 1672 912 :
1687 865 1920 927 precessit
1941 870 2102 915 autem

337 944 464 992 idem
487 950 647 993 orator
667 945 800 993 ducis
823 947 1098 1010 Burgundio
1120 952 1334 997 oratores
1355 950 1669 1006 Venetorum,
1694 948 2102 997 Mediolanensem

336 1033 383 1075 et
430 1027 565 1087 alios,
602 1027 781 1091 absque
818 1028 1009 1078 illorum
1050 1030 1429 1079 contradictione
1461 1029 1650 1092 aliqua:
1694 1031 1891 1079 nomina
1927 1031 2101 1080 civium

337 1111 718 1174 supradictorum
741 1112 1086 1172 absolutorum,
1112 1117 1226 1172 etc.,
1252 1117 1361 1162 sunt
1379 1113 1472 1160 hec
1480 1150 1574 1160 .....

401 1194 654 1242 Dominica
698 1195 863 1258 quinta
900 1195 1146 1254 februarii,
1197 1197 1278 1244 SS.
1330 1199 1386 1243 D.
1429 1198 1484 1243 N.
1528 1195 1655 1243 hono
1701 1212 1860 1255 mane,
1908 1202 2099 1260 paratus

336 1277 531 1336 amictu,
566 1277 689 1337 alba,
724 1276 935 1341 cingulo,
977 1277 1099 1326 stola
1126 1278 1339 1341 pretiosa
1369 1282 1416 1326 et
1453 1278 1712 1340 capuccino
1752 1279 1859 1327 albo
1898 1295 1991 1342 quo
2030 1281 2098 1328 uti

335 1360 502 1420 voluit,
527 1375 606 1409 me
625 1360 740 1411 licet
758 1362 883 1411 veris
912 1365 958 1410 et
983 1361 1200 1409 honestis
1227 1361 1492 1426 rationibus
1520 1361 1812 1408 contrarium
1843 1361 2097 1424 allegante,

333 1442 556 1492 videlicet
577 1444 705 1507 quod
731 1445 880 1493 rubeo
902 1459 999 1492 non
1027 1444 1135 1492 albo
1163 1444 1424 1508 capuccino
1451 1444 1518 1492 uti
1544 1443 1710 1491 liceret
1736 1448 1782 1492 et
1808 1431 2097 1506 precedente

335 1541 496 1586 cruce,
531 1531 579 1576 et
608 1527 946 1586 cardinalibus,
990 1527 1070 1591 qui
1107 1528 1237 1575 hunc
1275 1527 1510 1585 ordinem,
1553 1527 1666 1574 licet
1704 1527 1980 1576 indebitum·
2009 1529 2097 1576 sibi

333 1614 657 1672 sumpserunt,
679 1610 809 1658 venit
830 1610 879 1657 in
897 1609 1124 1658 continua
1141 1609 1299 1672 pluvia
1317 1609 1376 1656 de
1394 1609 1570 1672 palatio
1589 1609 1852 1671 apostolico
1871 1609 1930 1656 ad
1947 1611 2101 1659 eccle—

334 1692 453 1738 siam
480 1691 732 1756 hospitalis
760 1691 913 1741 sancti
938 1692 1103 1740 Jacobi
1134 1692 1192 1739 de
1222 1692 1434 1749 Gallicia,
1467 1691 1693 1754 Hispanie
1715 1692 1994 1755 nuncupati,
2018 1693 2097 1740 uhi

331 1787 418 1835 per
444 1772 722 1836 episcopum
743 1775 1113 1838 Ampuriensem
1134 1773 1324 1836 pluviali
1345 1777 1563 1836 paratum
1585 1789 1778 1821 crucem
1800 1778 2098 1836 apportatam

334 1870 358 1901 e
392 1855 614 1903 manibus
654 1856 909 1904 cardinalis
944 1856 1170 1905 Senensis
1210 1860 1282 1903 est
1312 1855 1552 1903 osculatus
1587 1859 1634 1902 et
1663 1854 1918 1902 ecclesiam
1944 1856 2097 1919 ipsam

331 1937 575 2001 ingressus
607 1943 706 1997 est;
744 1944 791 1988 et
821 1940 948 1989 facta
977 1955 1140 1987 coram
1179 1938 1442 1986 faldistorio
1483 1937 1716 1996 oratione,
1759 1953 1893 1986 more
1932 1937 2091 1998 solito,

332 2019 565 2083 depositis
587 2021 710 2069 stola
730 2027 777 2070 et
803 2023 992 2085 pluviali
1021 2023 1171 2069 rubeo
1199 2019 1437 2083 precioso,
1469 2020 1581 2068 fecit
1610 2020 1966 2068 confessionem
1987 2036 2096 2068 cum

331 2102 634 2151 celebraturo
670 2104 873 2166 prelato,
914 2105 1129 2154 ascendit
1164 2102 1337 2152 deinde
1370 2102 1559 2150 solium.
1594 2104 1914 2152 Accesserunt
1947 2105 2099 2152 cardi-

329 2185 463 2233 nales
486 2185 546 2233 ad
569 2187 885 2244 reverentiam
908 2193 955 2236 et
976 2188 1066 2236 alia
1086 2202 1220 2234 more
1243 2186 1382 2234 solito
1406 2190 1513 2233 sunt
1535 2185 1801 2233 observata.

389 2269 527 2317 Prior
552 2270 945 2334 presbyterorum
981 2268 1292 2317 cardinalium
1325 2267 1553 2315 assistens
1583 2267 1704 2316 sedit
1730 2267 1779 2314 in
1807 2267 2014 2316 scabello
2038 2269 2097 2316 ad

331 2351 592 2411 sinistram,
618 2357 668 2400 ut
689 2354 837 2400 moris
860 2358 931 2401 est
948 2369 957 2411 3
975 2357 1022 2400 et
1044 2352 1155 2414 quia
1167 2366 1325 2397 sermo
1346 2350 1598 2398 habendus
1620 2354 1721 2398 erat
1732 2350 1781 2396 in
1794 2350 1986 2398 laudem
2008 2351 2095 2399 Dei

328 2450 413 2497 pro
441 2435 640 2482 victoria
666 2451 752 2497 per
782 2451 947 2498 regem
979 2439 1025 2482 et
1053 2433 1270 2495 reginam
1300 2432 1633 2494 Hispaniarum
1661 2437 1830 2479 contra
1855 2432 2093 2480 civitatem

329 2519 532 2563 Granate
575 2520 622 2564 et
661 2517 763 2580 ejus
812 2533 976 2579 regem
1017 2516 1236 2573 obtenta,
1280 2519 1326 2562 et
1365 2514 1483 2560 mihi
1531 2513 1775 2562 videretur
1819 2529 2093 2562 sermonem

333 2600 488 2661 ipsum
514 2598 561 2645 in
589 2598 684 2645 fine
712 2599 858 2647 misse
890 2603 937 2646 et
966 2614 1062 2646 non
1091 2602 1198 2661 post
1220 2596 1519 2658 evangelium
1549 2612 1654 2643 esse
1677 2596 1952 2655 dicendum,
1984 2613 2093 2646 cum

326 2696 424 2728 non
445 2687 573 2728 esset
592 2696 670 2728 res
691 2681 885 2746 propria
913 2682 972 2729 de
1002 2680 1203 2744 epistola
1228 2679 1302 2728 vel
1331 2678 1578 2741 evangelio
1605 2678 1768 2738 misse,
1799 2682 1853 2727 R.
1886 2682 1941 2728 D.
1973 2681 2095 2744 epis-

327 2778 474 2826 copus
530 2763 778 2811 Pientinus
825 2764 915 2812 fuit
955 2763 1193 2811 contrarie
1241 2761 1504 2825 opinionis,
1550 2760 1772 2809 videlicet
1819 2763 1946 2825 quod
1988 2768 2095 2826 'post

327 2845 622 2909 evangelium
643 2845 747 2893 fieri
779 2846 995 2904 deberet,
1021 2851 1163 2908 prout
1183 2849 1228 2892 e't
1256 2845 1361 2892 fieri
1386 2848 1718 2897 ordinaveram
1740 2865 1750 2904 ;
1775 2851 1956 2906 tamen,
1987 2847 2097 2909 quia

326 2934 437 2975 tunc
468 2929 714 2991 processio
744 2928 858 2976 cleri
889 2929 1028 2977 Urbis
1057 2928 1313 2977 ecclesiam
1340 2929 1494 2992 ipsam
1520 2929 1665 2989 venit,
1690 2934 1886 2993 propter
1903 2929 2094 2977 illorum

252 3036 254 3038 ·
326 3010 580 3057 tumultum
622 3026 780 3058 sermo
811 3010 912 3073 ipse
950 3025 1048 3058 non
1097 3010 1184 3057 fuit
1214 3015 1324 3073 post
1360 3011 1660 3074 evangelium
1690 3011 1879 3059 habitus
1916 3012 2000 3060 sed
2035 3012 2094 3060 de

325 3092 551 3140 mandato
574 3094 657 3140 SS.
686 3095 742 3140 D.
767 3095 822 3140 N.
849 3108 998 3155 usque
1021 3093 1081 3140 ad
1106 3092 1253 3141 finem
1284 3093 1430 3141 misse
1455 3098 1741 3141 reservatus.
1775 3094 1927 3142 Finita
1953 3094 2096 3157 igitur

324 3175 488 3233 missa,
522 3180 779 3238 antequam
821 3177 902 3223 SS.
940 3178 996 3222 D.
1038 3180 1205 3223 noster
1240 3175 1416 3238 populo
1459 3175 1738 3224 solemniter
1762 3175 2087 3234 benediceret,

328 3259 383 3303 D.
412 3260 579 3305 Petrus
602 3260 773 3317 Bosca,
799 3273 1074 3306 sermonem
1102 3257 1331 3316 facturus,
1365 3257 1609 3305 osculatus
1637 3261 1709 3305 est
1727 3258 1900 3322 pedem
1922 3259 2004 3306 SS.
2030 3261 2086 3305 D.

326 3340 492 3398 nostri,
543 3341 677 3403 petiit
721 3340 1108 3389 benedictionem
1149 3339 1305 3387 minus
1349 3343 1510 3386 tamen
1553 3339 1866 3402 pertinenter,
1901 3339 2089 3385 sibene
