2262 3958
326 322 394 357 37ss
934 315 1166 352 JO‘HANNIS
1195 314 1488 361 ssUchAnm,
1778 318 1982 360 [Decembre
2004 317 2104 362 aaut

328 407 606 471 assistentes
638 421 684 468 in
716 421 865 484 gradu
888 419 1047 468 altaris
1079 435 1105 467 a
1132 422 1261 467 retro
1289 434 1343 467 ac
1366 422 1494 468 retro
1515 419 1677 470 altare.
1701 420 1805 471 Alia
1834 420 2014 480 omnia,
2040 426 2105 471 ut*

327 507 461 566 alias,
485 507 675 554 fuerunt
697 505 914 553 ordinata
943 507 989 552 et
1010 503 1275 552 observata.

393 589 643 638 Dominica
684 588 896 636 secunda
931 580 1177 644 adventus,
1220 588 1246 632 6
1282 587 1461 635 mensis
1501 587 1791 648 decembriS,
1826 590 2003 638 festum
2049 604 2089 638 s,

328 672 524 731 Nicolai,
547 675 602 718 R.
621 671 669 718 in
686 671 875 719 Christo
890 674 940 718 P.
958 676 1004 721 et
1018 673 1073 718 D.
1092 677 1115 721 J
1120 672 1335 721 ohannes
1357 670 1748 734 archiepiscopus
1765 671 2090 730 Atheniensis,

328 756 556 803 assistens
593 757 738 818 Pape,
779 755 1035 804 celebravit
1071 756 1269 804 missam
1314 755 1554 818 publicam
1596 754 1646 802 in
1681 754 1864 818 capella
1908 755 2093 819 maiore

328 837 487 901 palatii
528 837 748 900 predicti,
801 841 928 902 Papa
976 844 1201 903 presente
1241 842 1287 887 et
1329 838 1666 886 cardinalibus
1715 837 1840 885 Dixit
1890 836 2107 900 quatuor·

329 921 570 968 orationes
588 925 638 967 ut
658 920 707 968 in
726 921 883 984 prima
902 922 1169 981 dominica3
1195 927 1243 970 et
1266 921 1359 970 alia
1380 937 1513 968 more
1530 921 1670 969 solito
1695 923 1806 968 sunt
1826 920 2095 967 observata.

330 1005 613 1052 Sermonem
651 1003 764 1051 fecit
794 1010 1078 1067 procurator
1118 1005 1296 1053 ordinis
1337 1005 1596 1052 minorum.
1640 1004 1803 1051 Nullus
1842 1001 2095 1051 cardinalis

329 1085 539 1133 interfuit
560 1086 705 1133 misse
728 1086 776 1133 in
799 1087 1002 1135 ecclesie
1025 1105 1063 1136 s.
1083 1088 1266 1137 Nicolai
1286 1088 1332 1135 in
1357 1103 1547 1136 carcere
1570 1087 1804 1147 Tullian0,
1821 1086 1919 1134 imo
1939 1100 2095 1148 neque

330 1171 490 1216 Rmus.
511 1171 567 1216 D.
588 1169 841 1217 cardinalis
863 1170 921 1218 de
942 1172 1144 1219 Sabellis
1175 1172 1311 1235 cujus
1331 1175 1403 1220 est
1423 1171 1527 1235 ipsa
1547 1171 1748 1235 capella.
1947 1231 1952 1237 ¹

395 1251 647 1299 Dominica
682 1252 821 1300 tertia
849 1254 1101 1315 adventus,
1150 1258 1205 1303 13
1241 1255 1530 1313 decembris,
1555 1257 1720 1302 Rmus.
1757 1249 2099 1321 D.cardinalis

331 1351 368 1381 s.
392 1333 649 1382 Clementis
672 1335 929 1384 celebravit
954 1337 1152 1386 missam
1179 1338 1422 1401 publicam
1444 1338 1493 1384 in
1514 1336 1698 1400 capella
1717 1336 1949 1399 predicta,
1973 1338 2101 1399 Papa

330 1423 555 1483 presente
591 1435 602 1465 z
638 1419 753 1466 dixit
786 1425 989 1482 quatuor
1021 1420 1286 1479 orationes,
1321 1421 1405 1468 sed
1435 1420 1575 1468 male.
1615 1419 1797 1467 Primas
1828 1418 1944 1466 duas
1975 1419 2100 1468 bene

331 1501 465 1559 dixit,
498 1501 688 1549 tertiam
721 1501 837 1549 dixit
868 1518 954 1565 pro
982 1502 1210 1566 pontifice
1250 1506 1297 1551 et
1333 1507 1550 1565 quartam
1577 1502 1804 1562 Ecclesie,
1828 1517 2096 1567 quesumm,

329 1584 550 1639 Domine,
564 1600 728 1647 preces
738 1584 957 1647 placatus
979 1585 1186 1645 admitte,
1212 1593 1318 1646 ete.,
1349 1585 1479 1648 quod
1504 1585 1618 1634 fecit
1639 1601 1698 1634 ex
1718 1586 2019 1636 ordinatione
2039 1588 2096 1634 D.
2135 1625 2137 1627 .

331 1667 521 1715 Andree
547 1667 667 1715 de...
696 1666 754 1731 (1)
779 1668 1011 1731 capellani
1035 1669 1107 1716 sui
1129 1668 1421 1727 desistentis,
1441 1673 1488 1716 et
1503 1669 1626 1717 male
1644 1688 1654 1727 3
1672 1665 2101 1733 propterea'ipsum

336 1750 636 1813 capellanum
669 1751 957 1813 reprehendi
985 1768 994 1799 :
1027 1752 1118 1799 alia
1157 1751 1318 1800 omnia
1353 1752 1604 1800 observata
1635 1756 1745 1800 sunt
1779 1767 1914 1800 more
1943 1751 2099 1801 solito.

337 1835 620 1880 Sermonem
643 1833 756 1881 fecit
776 1839 1060 1897 procurator
1076 1835 1256 1882 ordinis
1279 1835 1587 1883 eremitarum
1607 1851 1647 1882 s.
1678 1834 1950 1898 Augustini.

398 1916 647 1963 Dominica
681 1921 850 1978 quarta
882 1917 1129 1975 adventUS,
1174 1920 1234 1965 20
1271 1917 1382 1965 dicti
1418 1918 1598 1965 mensis
1633 1917 1918 1977 decembris,
1955 1919 2010 1965 R.
2052 1917 2100 1965 in

335 1999 519 2047 Christo
542 2002 595 2046 P.
621 2001 676 2045 D.
702 1998 926 2046 Nicolaus
949 1999 1203 2063 episcopus
1223 2000 1513 2063 Agathensis
1541 2001 1752 2064 prelatus
1778 2000 1939 2064 palatii
1965 2013 2105 2064 apos·

335 2083 490 2142 tolici,
538 2082 793 2129 celebravit
837 2082 1034 2130 missam
1079 2083 1322 2146 publicam
1367 2084 1415 2131 in
1463 2084 1647 2147 capella
1688 2083 1927 2147 predicta,
1975 2085 2105 2147 Papa

333 2173 573 2231 presente.
596 2166 722 2214 Dixit
744 2170 947 2229 quatuor
968 2167 1210 2215 orationes
1227 2172 1505 2226 consuetas,
1526 2172 1573 2215 et
1584 2167 1675 2214 alia
1691 2182 1826 2215 more
1843 2166 1980 2215 solito
1996 2171 2104 2214 sunt

335 2251 600 2298 observata.
643 2251 928 2298 Sermonem
976 2249 1091 2297 fecit
1135 2254 1420 2313 procurator
1461 2249 1641 2298 ordinis
1683 2249 1822 2298 beate
1857 2247 2004 2298 Marie
2042 2249 2102 2297 de

334 2337 496 2381 Monte
526 2333 759 2380 Carmelo.
795 2332 948 2379 Finita
981 2332 1145 2391 missa,
1181 2338 1435 2399 postquam
1469 2334 1553 2381 SS.
1593 2335 1650 2380 D.
1684 2335 1856 2380 Noster
1884 2347 2103 2380 reversus

336 2420 408 2463 est
426 2416 484 2462 ad
512 2431 754 2462 cameram
781 2415 1034 2477 papagalli,
1067 2415 1352 2478 interrogavi
1375 2415 1686 2462 Sanctitatem
1717 2429 1931 2461 suaman
1952 2415 2102 2462 Sanc-

340 2497 444 2545 titas
476 2513 560 2544 sua
586 2496 864 2544 intendebat
890 2497 1047 2543 venire
1078 2497 1138 2544 ad
1173 2497 1430 2545 matutinas
1457 2496 1610 2545 noctis
1637 2496 1805 2544 natalis
1837 2496 2026 2544 Domini
2054 2503 2102 2546 et

337 2596 395 2627 an
438 2595 604 2627 ensem
638 2580 751 2627 dare
788 2579 1069 2627 intendebat
1112 2579 1253 2627 alicui
1292 2579 1340 2626 in
1374 2579 1506 2626 curia
1546 2578 1759 2643 presenti
1796 2582 1847 2626 ut
1878 2579 2010 2626 illum
2043 2579 2102 2628 de

335 2662 541 2710 lectione
569 2677 655 2725 per
682 2677 792 2709 eum
822 2661 1027 2709 dicenda
1055 2677 1109 2708 ac
1131 2662 1233 2709 aliis
1255 2663 1542 2710 ceremoniis
1559 2663 1825 2726 potuissem
1850 2662 2100 2722 inservire,

338 2760 575 2807 quamque
611 2744 869 2792 lectionem
897 2744 945 2790 in
979 2744 1195 2792 dicendis
1222 2743 1509 2792 lectionibus
1543 2745 1820 2794 earumdem
1853 2746 2104 2794 matutina-

338 2844 444 2874 rum
465 2828 715 2894 mandaret
738 2826 997 2874 observari.
1024 2826 1286 2889 Respondit
1305 2827 1538 2875 Sanctitas
1562 2843 1648 2875 sua
1669 2843 1719 2875 se
1741 2827 1802 2876 ad
1824 2827 2098 2887 matutinaS,

338 2913 437 2957 Deo
459 2911 661 2969 favente,
689 2914 939 2958 venturum
956 2912 1003 2956 et
1025 2924 1191 2956 ensem
1213 2914 1439 2972 presente
1460 2926 1556 2957 non
1577 2911 1800 2958 daturum
1822 2914 1869 2959 et
1885 2910 2103 2959 ordinem

336 2994 490 3056 ipsum
527 2994 575 3040 in
620 2993 833 3041 dicendis
872 2992 1157 3040 lectionibus
1193 2992 1314 3039 velle
1364 2993 1604 3041 observari
1646 2992 1727 3056 qui
1761 3008 1912 3056 usque
1957 2992 2101 3040 modo

342 3080 556 3139 tempore
588 3075 910 3139 pontificatus
930 3074 1003 3122 sui
1033 3078 1160 3122 esset
1198 3075 1492 3135 observatus,
1529 3076 1607 3138 qui
1638 3080 1711 3124 est
1739 3075 1868 3138 quod
1899 3075 2102 3123 clericus

340 3159 721 3207 ceremoniarum
754 3160 988 3222 primam3
1036 3161 1270 3225 acolytus,
1319 3159 1608 3216 secundam3
1657 3158 1847 3206 auditor
1883 3158 2098 3217 tertiam;

339 3242 468 3303 prior
487 3243 876 3306 presbyterorum
905 3242 1222 3291 cardinalium
1253 3246 1499 3306 quartam3
1532 3241 1733 3288 clericus
1752 3256 1940 3289 camere
1962 3240 2102 3302 quin-

337 3328 462 3381 tam;
506 3324 826 3371 subdiaconus
866 3329 1070 3384 sextam,
1114 3326 1343 3373 diaconus
1390 3339 1418 3370 a
1453 3323 1655 3371 sinistris
1698 3326 1823 3387 Pape
1872 3323 2100 3372 assistens

387 3423 420 3458 1.
443 3422 493 3458 En
516 3425 618 3459 blanc
640 3425 730 3461 dans
752 3429 832 3461 tous
853 3424 904 3461 les
925 3436 1014 3461 mss.
