<?xml version="1.0" encoding="UTF-8"?>
<!DOCTYPE html PUBLIC "-//W3C//DTD XHTML 1.0 Transitional//EN"
    "http://www.w3.org/TR/xhtml1/DTD/xhtml1-transitional.dtd">
<html xmlns="http://www.w3.org/1999/xhtml" xml:lang="en" lang="en">
 <head>
  <title>
</title>
<meta http-equiv="Content-Type" content="text/html;charset=utf-8" />
  <meta name='ocr-system' content='tesseract 3.04.00' />
  <meta name='ocr-capabilities' content='ocr_page ocr_carea ocr_par ocr_line ocrx_word'/>
</head>
<body>
  <div class='ocr_page' id='page_1' title='image "./diariumsivererum01burcuoft_0029.png"; bbox 0 0 2262 3958; ppageno 0'>
   <div class='ocr_carea' id='block_1_1' title="bbox 211 318 1995 365">
    <p class='ocr_par' dir='ltr' id='par_1_1' title="bbox 211 318 1995 365">
     <span class='ocr_line' id='line_1_1' title="bbox 211 318 1995 365; baseline 0.001 -9"><span class='ocrx_word' id='word_1_1' title='bbox 211 322 422 365; x_wconf 61' lang='grc'>[1101111484]</span> <span class='ocrx_word' id='word_1_2' title='bbox 651 319 820 357; x_wconf 86' lang='lat' dir='ltr'>RERUM</span> <span class='ocrx_word' id='word_1_3' title='bbox 855 318 1158 356; x_wconf 85' lang='lat' dir='ltr'><strong>URBANARUM</strong></span> <span class='ocrx_word' id='word_1_4' title='bbox 1193 318 1543 355; x_wconf 83' lang='lat' dir='ltr'><strong>COMMENTARII.</strong></span> <span class='ocrx_word' id='word_1_5' title='bbox 1955 322 1995 357; x_wconf 74' lang='lat'>¹9</span> 
     </span>
    </p>
   </div>
   <div class='ocr_carea' id='block_1_2' title="bbox 188 421 1998 3513">
    <p class='ocr_par' dir='ltr' id='par_1_2' title="bbox 195 421 1998 1412">
     <span class='ocr_line' id='line_1_2' title="bbox 207 421 1995 487; baseline -0.001 -15"><span class='ocrx_word' id='word_1_6' title='bbox 207 422 462 473; x_wconf 88' lang='lat' dir='ltr'>circuitum</span> <span class='ocrx_word' id='word_1_7' title='bbox 502 421 710 471; x_wconf 78' lang='lat' dir='ltr'>ecclesie</span> <span class='ocrx_word' id='word_1_8' title='bbox 751 438 892 487; x_wconf 89' lang='lat' dir='ltr'>supra</span> <span class='ocrx_word' id='word_1_9' title='bbox 932 422 1181 470; x_wconf 89' lang='lat' dir='ltr'>columnas</span> <span class='ocrx_word' id='word_1_10' title='bbox 1215 421 1456 470; x_wconf 90' lang='lat' dir='ltr'>intorticia</span> <span class='ocrx_word' id='word_1_11' title='bbox 1495 437 1698 469; x_wconf 91' lang='lat' dir='ltr'>numero</span> <span class='ocrx_word' id='word_1_12' title='bbox 1726 437 1885 480; x_wconf 72' lang='lat' dir='ltr'>cnxvi,</span> <span class='ocrx_word' id='word_1_13' title='bbox 1921 423 1995 471; x_wconf 84' lang='lat' dir='ltr'>vel</span> 
     </span>
     <span class='ocr_line' id='line_1_3' title="bbox 207 505 1993 571; baseline -0.002 -15"><span class='ocrx_word' id='word_1_14' title='bbox 207 507 354 567; x_wconf 86' lang='lat' dir='ltr'>circa,</span> <span class='ocrx_word' id='word_1_15' title='bbox 385 510 436 555; x_wconf 91' lang='lat' dir='ltr'>ut</span> <span class='ocrx_word' id='word_1_16' title='bbox 463 521 604 571; x_wconf 88' lang='lat' dir='ltr'>supra</span> <span class='ocrx_word' id='word_1_17' title='bbox 631 506 857 566; x_wconf 86' lang='lat' dir='ltr'><strong>diximus,</strong></span> <span class='ocrx_word' id='word_1_18' title='bbox 886 522 1114 564; x_wconf 88' lang='lat' dir='ltr'>accensa;</span> <span class='ocrx_word' id='word_1_19' title='bbox 1148 522 1289 570; x_wconf 91' lang='lat' dir='ltr'>supra</span> <span class='ocrx_word' id='word_1_20' title='bbox 1323 510 1532 554; x_wconf 81' lang='lat' dir='ltr'>castrum</span> <span class='ocrx_word' id='word_1_21' title='bbox 1561 505 1757 563; x_wconf 80' lang='lat' dir='ltr'>doloris,</span> <span class='ocrx_word' id='word_1_22' title='bbox 1795 506 1993 553; x_wconf 77' lang='lat' dir='ltr'>candele</span> 
     </span>
     <span class='ocr_line' id='line_1_4' title="bbox 207 588 1996 656; baseline -0.003 -16"><span class='ocrx_word' id='word_1_23' title='bbox 207 595 322 656; x_wconf 88' lang='lat' dir='ltr'>quot</span> <span class='ocrx_word' id='word_1_24' title='bbox 337 592 469 640; x_wconf 85' lang='lat' dir='ltr'>stare</span> <span class='ocrx_word' id='word_1_25' title='bbox 490 595 714 656; x_wconf 79' lang='lat' dir='ltr'>poterant</span> <span class='ocrx_word' id='word_1_26' title='bbox 734 606 935 639; x_wconf 90' lang='lat' dir='ltr'>numero</span> <span class='ocrx_word' id='word_1_27' title='bbox 957 592 1209 648; x_wconf 89' lang='lat' dir='ltr'>M.LXXX,</span> <span class='ocrx_word' id='word_1_28' title='bbox 1227 591 1301 638; x_wconf 84' lang='lat' dir='ltr'>vel</span> <span class='ocrx_word' id='word_1_29' title='bbox 1323 590 1468 638; x_wconf 89' lang='lat' dir='ltr'>circa.</span> <span class='ocrx_word' id='word_1_30' title='bbox 1493 589 1610 637; x_wconf 90' lang='lat' dir='ltr'>Aliis</span> <span class='ocrx_word' id='word_1_31' title='bbox 1633 606 1717 637; x_wconf 84' lang='lat' dir='ltr'>sex</span> <span class='ocrx_word' id='word_1_32' title='bbox 1738 589 1906 636; x_wconf 88' lang='lat' dir='ltr'>diebus</span> <span class='ocrx_word' id='word_1_33' title='bbox 1928 588 1996 635; x_wconf 90' lang='lat' dir='ltr'>in-</span> 
     </span>
     <span class='ocr_line' id='line_1_5' title="bbox 206 673 1996 740; baseline -0.003 -16"><span class='ocrx_word' id='word_1_34' title='bbox 206 675 474 734; x_wconf 89' lang='lat' dir='ltr'>termediis,</span> <span class='ocrx_word' id='word_1_35' title='bbox 498 676 681 724; x_wconf 88' lang='lat' dir='ltr'>nullum</span> <span class='ocrx_word' id='word_1_36' title='bbox 708 675 918 740; x_wconf 86' lang='lat' dir='ltr'>positum</span> <span class='ocrx_word' id='word_1_37' title='bbox 944 674 1031 722; x_wconf 83' lang='lat' dir='ltr'>fuit</span> <span class='ocrx_word' id='word_1_38' title='bbox 1064 673 1360 722; x_wconf 85' lang='lat' dir='ltr'>intorticium</span> <span class='ocrx_word' id='word_1_39' title='bbox 1395 691 1541 739; x_wconf 89' lang='lat' dir='ltr'>supra</span> <span class='ocrx_word' id='word_1_40' title='bbox 1567 674 1816 722; x_wconf 89' lang='lat' dir='ltr'>columnas</span> <span class='ocrx_word' id='word_1_41' title='bbox 1842 673 1996 738; x_wconf 88' lang='lat' dir='ltr'>prefa-</span> 
     </span>
     <span class='ocr_line' id='line_1_6' title="bbox 205 757 1998 823; baseline -0.001 -16"><span class='ocrx_word' id='word_1_42' title='bbox 205 762 294 819; x_wconf 87' lang='lat' dir='ltr'>tas,</span> <span class='ocrx_word' id='word_1_43' title='bbox 313 760 398 808; x_wconf 91' lang='lat' dir='ltr'>sed</span> <span class='ocrx_word' id='word_1_44' title='bbox 419 763 604 809; x_wconf 87' lang='lat' dir='ltr'>tantum</span> <span class='ocrx_word' id='word_1_45' title='bbox 623 774 797 807; x_wconf 90' lang='lat' dir='ltr'>novem</span> <span class='ocrx_word' id='word_1_46' title='bbox 819 774 962 823; x_wconf 88' lang='lat' dir='ltr'>supra</span> <span class='ocrx_word' id='word_1_47' title='bbox 983 762 1194 807; x_wconf 78' lang='lat' dir='ltr'>castrum</span> <span class='ocrx_word' id='word_1_48' title='bbox 1214 758 1394 806; x_wconf 88' lang='lat' dir='ltr'>doloris</span> <span class='ocrx_word' id='word_1_49' title='bbox 1417 763 1462 807; x_wconf 93' lang='lat' dir='ltr'>et</span> <span class='ocrx_word' id='word_1_50' title='bbox 1485 758 1684 807; x_wconf 87' lang='lat' dir='ltr'>candele</span> <span class='ocrx_word' id='word_1_51' title='bbox 1705 773 1792 822; x_wconf 92' lang='lat' dir='ltr'>pro</span> <span class='ocrx_word' id='word_1_52' title='bbox 1814 757 1998 807; x_wconf 88' lang='lat' dir='ltr'>medie-</span> 
     </span>
     <span class='ocr_line' id='line_1_7' title="bbox 203 842 1997 907; baseline -0.002 -15"><span class='ocrx_word' id='word_1_53' title='bbox 203 846 319 903; x_wconf 81' lang='lat' dir='ltr'>tate,</span> <span class='ocrx_word' id='word_1_54' title='bbox 349 843 414 892; x_wconf 88' lang='lat' dir='ltr'>ita</span> <span class='ocrx_word' id='word_1_55' title='bbox 441 844 569 907; x_wconf 91' lang='lat' dir='ltr'>quod</span> <span class='ocrx_word' id='word_1_56' title='bbox 596 843 722 891; x_wconf 89' lang='lat' dir='ltr'>inter</span> <span class='ocrx_word' id='word_1_57' title='bbox 754 842 965 907; x_wconf 83' lang='lat' dir='ltr'>singulas</span> <span class='ocrx_word' id='word_1_58' title='bbox 998 842 1116 890; x_wconf 88' lang='lat' dir='ltr'>duas</span> <span class='ocrx_word' id='word_1_59' title='bbox 1151 842 1376 890; x_wconf 91' lang='lat' dir='ltr'>candelas</span> <span class='ocrx_word' id='word_1_60' title='bbox 1408 842 1543 889; x_wconf 91' lang='lat' dir='ltr'>locus</span> <span class='ocrx_word' id='word_1_61' title='bbox 1575 858 1750 890; x_wconf 84' lang='lat' dir='ltr'>vacuus</span> <span class='ocrx_word' id='word_1_62' title='bbox 1783 858 1870 907; x_wconf 88' lang='lat' dir='ltr'>pro</span> <span class='ocrx_word' id='word_1_63' title='bbox 1904 842 1997 891; x_wconf 88' lang='lat' dir='ltr'>alia</span> 
     </span>
     <span class='ocr_line' id='line_1_8' title="bbox 201 925 1995 986; baseline -0.002 -10"><span class='ocrx_word' id='word_1_64' title='bbox 201 927 402 976; x_wconf 83' lang='lat' dir='ltr'>candela</span> <span class='ocrx_word' id='word_1_65' title='bbox 432 927 709 975; x_wconf 84' lang='lat' dir='ltr'>haberetur.</span> <span class='ocrx_word' id='word_1_66' title='bbox 746 929 881 975; x_wconf 89' lang='lat' dir='ltr'>Nona</span> <span class='ocrx_word' id='word_1_67' title='bbox 913 926 1008 986; x_wconf 91' lang='lat' dir='ltr'>die,</span> <span class='ocrx_word' id='word_1_68' title='bbox 1046 930 1204 975; x_wconf 91' lang='lat' dir='ltr'>castro</span> <span class='ocrx_word' id='word_1_69' title='bbox 1232 925 1412 974; x_wconf 89' lang='lat' dir='ltr'>doloris</span> <span class='ocrx_word' id='word_1_70' title='bbox 1440 941 1538 973; x_wconf 89' lang='lat' dir='ltr'>non</span> <span class='ocrx_word' id='word_1_71' title='bbox 1566 942 1729 974; x_wconf 90' lang='lat' dir='ltr'>sumus</span> <span class='ocrx_word' id='word_1_72' title='bbox 1762 927 1857 985; x_wconf 82' lang='lat' dir='ltr'>usi3</span> <span class='ocrx_word' id='word_1_73' title='bbox 1896 925 1995 973; x_wconf 86' lang='lat' dir='ltr'>sin-</span> 
     </span>
     <span class='ocr_line' id='line_1_9' title="bbox 199 1009 1993 1075; baseline -0.001 -17"><span class='ocrx_word' id='word_1_74' title='bbox 199 1009 322 1075; x_wconf 85' lang='lat' dir='ltr'>gulis</span> <span class='ocrx_word' id='word_1_75' title='bbox 359 1009 529 1059; x_wconf 92' lang='lat' dir='ltr'>diebus</span> <span class='ocrx_word' id='word_1_76' title='bbox 569 1010 618 1058; x_wconf 92' lang='lat' dir='ltr'>in</span> <span class='ocrx_word' id='word_1_77' title='bbox 663 1026 771 1059; x_wconf 89' lang='lat' dir='ltr'>sero</span> <span class='ocrx_word' id='word_1_78' title='bbox 811 1011 997 1075; x_wconf 91' lang='lat' dir='ltr'>pulsate</span> <span class='ocrx_word' id='word_1_79' title='bbox 1044 1014 1153 1058; x_wconf 91' lang='lat' dir='ltr'>sunt</span> <span class='ocrx_word' id='word_1_80' title='bbox 1193 1025 1427 1075; x_wconf 89' lang='lat' dir='ltr'>campane</span> <span class='ocrx_word' id='word_1_81' title='bbox 1462 1010 1660 1058; x_wconf 86' lang='lat' dir='ltr'>basilice</span> <span class='ocrx_word' id='word_1_82' title='bbox 1689 1011 1872 1074; x_wconf 87' lang='lat' dir='ltr'>prefate</span> <span class='ocrx_word' id='word_1_83' title='bbox 1906 1027 1993 1074; x_wconf 89' lang='lat' dir='ltr'>pro</span> 
     </span>
     <span class='ocr_line' id='line_1_10' title="bbox 197 1093 1990 1159; baseline -0.002 -17"><span class='ocrx_word' id='word_1_84' title='bbox 197 1093 359 1142; x_wconf 86' lang='lat' dir='ltr'>officio</span> <span class='ocrx_word' id='word_1_85' title='bbox 414 1098 716 1143; x_wconf 90' lang='lat' dir='ltr'>mortuorum</span> <span class='ocrx_word' id='word_1_86' title='bbox 758 1094 835 1143; x_wconf 91' lang='lat' dir='ltr'>die</span> <span class='ocrx_word' id='word_1_87' title='bbox 876 1094 1085 1143; x_wconf 89' lang='lat' dir='ltr'>crastina</span> <span class='ocrx_word' id='word_1_88' title='bbox 1123 1095 1373 1154; x_wconf 89' lang='lat' dir='ltr'>habendo,</span> <span class='ocrx_word' id='word_1_89' title='bbox 1409 1098 1551 1159; x_wconf 89' lang='lat' dir='ltr'>prout</span> <span class='ocrx_word' id='word_1_90' title='bbox 1603 1098 1676 1142; x_wconf 90' lang='lat' dir='ltr'>est</span> <span class='ocrx_word' id='word_1_91' title='bbox 1719 1093 1778 1142; x_wconf 91' lang='lat' dir='ltr'>de</span> <span class='ocrx_word' id='word_1_92' title='bbox 1818 1107 1990 1150; x_wconf 88' lang='lat' dir='ltr'>more;</span> 
     </span>
     <span class='ocr_line' id='line_1_11' title="bbox 195 1178 1996 1243; baseline -0.002 -16"><span class='ocrx_word' id='word_1_93' title='bbox 195 1181 244 1227; x_wconf 80' lang='lat' dir='ltr'>et</span> <span class='ocrx_word' id='word_1_94' title='bbox 282 1178 479 1243; x_wconf 84' lang='lat' dir='ltr'>singulis</span> <span class='ocrx_word' id='word_1_95' title='bbox 513 1179 682 1227; x_wconf 92' lang='lat' dir='ltr'>diebus</span> <span class='ocrx_word' id='word_1_96' title='bbox 716 1179 837 1226; x_wconf 90' lang='lat' dir='ltr'>hora</span> <span class='ocrx_word' id='word_1_97' title='bbox 875 1178 1126 1243; x_wconf 86' lang='lat' dir='ltr'>primordii</span> <span class='ocrx_word' id='word_1_98' title='bbox 1169 1179 1367 1243; x_wconf 83' lang='lat' dir='ltr'>singulis</span> <span class='ocrx_word' id='word_1_99' title='bbox 1402 1178 1724 1226; x_wconf 86' lang='lat' dir='ltr'>cardinalibus</span> <span class='ocrx_word' id='word_1_100' title='bbox 1763 1193 1852 1242; x_wconf 90' lang='lat' dir='ltr'>per</span> <span class='ocrx_word' id='word_1_101' title='bbox 1890 1193 1996 1225; x_wconf 88' lang='lat' dir='ltr'>cur-</span> 
     </span>
     <span class='ocr_line' id='line_1_12' title="bbox 196 1260 1993 1326; baseline -0.002 -15"><span class='ocrx_word' id='word_1_102' title='bbox 196 1278 331 1312; x_wconf 86' lang='lat' dir='ltr'>sores</span> <span class='ocrx_word' id='word_1_103' title='bbox 351 1262 650 1322; x_wconf 73' lang='lat' dir='ltr'>intimatum,</span> <span class='ocrx_word' id='word_1_104' title='bbox 688 1263 793 1326; x_wconf 90' lang='lat' dir='ltr'>quis</span> <span class='ocrx_word' id='word_1_105' title='bbox 827 1263 1141 1311; x_wconf 86' lang='lat' dir='ltr'>cardinalium</span> <span class='ocrx_word' id='word_1_106' title='bbox 1172 1263 1382 1311; x_wconf 90' lang='lat' dir='ltr'>crastina</span> <span class='ocrx_word' id='word_1_107' title='bbox 1421 1262 1498 1310; x_wconf 93' lang='lat' dir='ltr'>die</span> <span class='ocrx_word' id='word_1_108' title='bbox 1534 1262 1748 1310; x_wconf 88' lang='lat' dir='ltr'>officium</span> <span class='ocrx_word' id='word_1_109' title='bbox 1781 1260 1993 1308; x_wconf 89' lang='lat' dir='ltr'>facturus</span> 
     </span>
     <span class='ocr_line' id='line_1_13' title="bbox 195 1345 1989 1412; baseline -0.002 -17"><span class='ocrx_word' id='word_1_110' title='bbox 195 1349 317 1406; x_wconf 82' lang='lat' dir='ltr'>erat,</span> <span class='ocrx_word' id='word_1_111' title='bbox 352 1347 480 1411; x_wconf 83' lang='lat' dir='ltr'>quod</span> <span class='ocrx_word' id='word_1_112' title='bbox 512 1363 601 1412; x_wconf 90' lang='lat' dir='ltr'>per</span> <span class='ocrx_word' id='word_1_113' title='bbox 641 1347 894 1395; x_wconf 83' lang='lat' dir='ltr'>sacristam</span> <span class='ocrx_word' id='word_1_114' title='bbox 932 1351 1152 1396; x_wconf 91' lang='lat' dir='ltr'>nostrum</span> <span class='ocrx_word' id='word_1_115' title='bbox 1186 1347 1301 1412; x_wconf 88' lang='lat' dir='ltr'>ipsis</span> <span class='ocrx_word' id='word_1_116' title='bbox 1342 1346 1619 1402; x_wconf 84' lang='lat' dir='ltr'>cursoribus</span> <span class='ocrx_word' id='word_1_117' title='bbox 1662 1345 1989 1393; x_wconf 86' lang='lat' dir='ltr'>intimabatur.</span> 
     </span>
    </p>

    <p class='ocr_par' dir='ltr' id='par_1_3' title="bbox 190 1431 1995 2169">
     <span class='ocr_line' id='line_1_14' title="bbox 263 1431 1995 1496; baseline -0.003 -15"><span class='ocrx_word' id='word_1_118' title='bbox 263 1431 600 1496; x_wconf 88' lang='lat' dir='ltr'>Superioribus</span> <span class='ocrx_word' id='word_1_119' title='bbox 629 1431 798 1479; x_wconf 89' lang='lat' dir='ltr'>diebus</span> <span class='ocrx_word' id='word_1_120' title='bbox 828 1432 993 1480; x_wconf 87' lang='lat' dir='ltr'>RRmi.</span> <span class='ocrx_word' id='word_1_121' title='bbox 1020 1434 1120 1480; x_wconf 90' lang='lat' dir='ltr'>DD.</span> <span class='ocrx_word' id='word_1_122' title='bbox 1154 1432 1423 1480; x_wconf 84' lang='lat' dir='ltr'>cardinales</span> <span class='ocrx_word' id='word_1_123' title='bbox 1444 1431 1660 1479; x_wconf 87' lang='lat' dir='ltr'>volentes</span> <span class='ocrx_word' id='word_1_124' title='bbox 1681 1445 1768 1494; x_wconf 90' lang='lat' dir='ltr'>pro</span> <span class='ocrx_word' id='word_1_125' title='bbox 1791 1432 1995 1491; x_wconf 89' lang='lat' dir='ltr'>quatuor</span> 
     </span>
     <span class='ocr_line' id='line_1_15' title="bbox 196 1516 1992 1583; baseline 0.001 -20"><span class='ocrx_word' id='word_1_126' title='bbox 196 1516 425 1564; x_wconf 84' lang='lat' dir='ltr'>custodiis</span> <span class='ocrx_word' id='word_1_127' title='bbox 474 1517 637 1583; x_wconf 88' lang='lat' dir='ltr'>palatii</span> <span class='ocrx_word' id='word_1_128' title='bbox 689 1522 736 1566; x_wconf 90' lang='lat' dir='ltr'>et</span> <span class='ocrx_word' id='word_1_129' title='bbox 781 1516 1020 1567; x_wconf 89' lang='lat' dir='ltr'>conclavis</span> <span class='ocrx_word' id='word_1_130' title='bbox 1072 1533 1207 1565; x_wconf 87' lang='lat' dir='ltr'>more</span> <span class='ocrx_word' id='word_1_131' title='bbox 1261 1516 1400 1564; x_wconf 93' lang='lat' dir='ltr'>solito</span> <span class='ocrx_word' id='word_1_132' title='bbox 1447 1532 1680 1580; x_wconf 88' lang='lat' dir='ltr'>personas</span> <span class='ocrx_word' id='word_1_133' title='bbox 1727 1516 1992 1580; x_wconf 84' lang='lat' dir='ltr'>condignas</span> 
     </span>
     <span class='ocr_line' id='line_1_16' title="bbox 196 1599 1994 1666; baseline 0.001 -19"><span class='ocrx_word' id='word_1_134' title='bbox 196 1599 445 1664; x_wconf 85' lang='lat' dir='ltr'>deputare,</span> <span class='ocrx_word' id='word_1_135' title='bbox 467 1602 757 1650; x_wconf 90' lang='lat' dir='ltr'>mandarunt</span> <span class='ocrx_word' id='word_1_136' title='bbox 779 1602 896 1649; x_wconf 91' lang='lat' dir='ltr'>mihi</span> <span class='ocrx_word' id='word_1_137' title='bbox 918 1618 1007 1666; x_wconf 89' lang='lat' dir='ltr'>per</span> <span class='ocrx_word' id='word_1_138' title='bbox 1026 1604 1219 1649; x_wconf 90' lang='lat' dir='ltr'>Rmum.</span> <span class='ocrx_word' id='word_1_139' title='bbox 1243 1603 1300 1648; x_wconf 94' lang='lat' dir='ltr'>D.</span> <span class='ocrx_word' id='word_1_140' title='bbox 1323 1600 1790 1659; x_wconf 87' lang='lat' dir='ltr'>vicecancellarium,</span> <span class='ocrx_word' id='word_1_141' title='bbox 1816 1605 1866 1649; x_wconf 87' lang='lat' dir='ltr'>ut</span> <span class='ocrx_word' id='word_1_142' title='bbox 1886 1618 1994 1665; x_wconf 89' lang='lat' dir='ltr'>pre-</span> 
     </span>
     <span class='ocr_line' id='line_1_17' title="bbox 192 1682 1992 1748; baseline 0.001 -17"><span class='ocrx_word' id='word_1_143' title='bbox 192 1682 316 1732; x_wconf 83' lang='lat' dir='ltr'>latos</span> <span class='ocrx_word' id='word_1_144' title='bbox 348 1683 398 1732; x_wconf 91' lang='lat' dir='ltr'>in</span> <span class='ocrx_word' id='word_1_145' title='bbox 429 1685 563 1733; x_wconf 90' lang='lat' dir='ltr'>curia</span> <span class='ocrx_word' id='word_1_146' title='bbox 595 1685 874 1745; x_wconf 88' lang='lat' dir='ltr'>existentes,</span> <span class='ocrx_word' id='word_1_147' title='bbox 912 1689 958 1733; x_wconf 88' lang='lat' dir='ltr'>et</span> <span class='ocrx_word' id='word_1_148' title='bbox 992 1689 1208 1733; x_wconf 89' lang='lat' dir='ltr'>oratores</span> <span class='ocrx_word' id='word_1_149' title='bbox 1238 1688 1522 1732; x_wconf 87' lang='lat' dir='ltr'>annotarem</span> <span class='ocrx_word' id='word_1_150' title='bbox 1550 1700 1638 1748; x_wconf 91' lang='lat' dir='ltr'>per</span> <span class='ocrx_word' id='word_1_151' title='bbox 1669 1684 1906 1741; x_wconf 78' lang='lat' dir='ltr'>nationes,</span> <span class='ocrx_word' id='word_1_152' title='bbox 1944 1688 1992 1732; x_wconf 86' lang='lat' dir='ltr'>et</span> 
     </span>
     <span class='ocr_line' id='line_1_18' title="bbox 194 1765 1990 1832; baseline 0.001 -19"><span class='ocrx_word' id='word_1_153' title='bbox 194 1765 284 1814; x_wconf 89' lang='lat' dir='ltr'>sibi</span> <span class='ocrx_word' id='word_1_154' title='bbox 322 1772 674 1831; x_wconf 89' lang='lat' dir='ltr'>presentarem,</span> <span class='ocrx_word' id='word_1_155' title='bbox 714 1773 765 1817; x_wconf 92' lang='lat' dir='ltr'>ut</span> <span class='ocrx_word' id='word_1_156' title='bbox 797 1769 1000 1828; x_wconf 81' lang='lat' dir='ltr'>facilius,</span> <span class='ocrx_word' id='word_1_157' title='bbox 1038 1769 1262 1816; x_wconf 90' lang='lat' dir='ltr'>omnibus</span> <span class='ocrx_word' id='word_1_158' title='bbox 1301 1768 1525 1832; x_wconf 84' lang='lat' dir='ltr'>cognitis,</span> <span class='ocrx_word' id='word_1_159' title='bbox 1562 1772 1760 1832; x_wconf 90' lang='lat' dir='ltr'>possent</span> <span class='ocrx_word' id='word_1_160' title='bbox 1799 1765 1857 1816; x_wconf 70' lang='lat' dir='ltr'>ex</span> <span class='ocrx_word' id='word_1_161' title='bbox 1899 1767 1990 1815; x_wconf 88' lang='lat' dir='ltr'>illis</span> 
     </span>
     <span class='ocr_line' id='line_1_19' title="bbox 193 1851 1990 1916; baseline 0.001 -18"><span class='ocrx_word' id='word_1_162' title='bbox 193 1865 312 1913; x_wconf 91' lang='lat' dir='ltr'>quos</span> <span class='ocrx_word' id='word_1_163' title='bbox 344 1851 521 1900; x_wconf 89' lang='lat' dir='ltr'>vellent</span> <span class='ocrx_word' id='word_1_164' title='bbox 554 1852 614 1900; x_wconf 90' lang='lat' dir='ltr'>ad</span> <span class='ocrx_word' id='word_1_165' title='bbox 647 1853 916 1901; x_wconf 88' lang='lat' dir='ltr'>custodiam</span> <span class='ocrx_word' id='word_1_166' title='bbox 948 1853 1226 1916; x_wconf 85' lang='lat' dir='ltr'>hujusmodi</span> <span class='ocrx_word' id='word_1_167' title='bbox 1259 1852 1508 1916; x_wconf 88' lang='lat' dir='ltr'>deputare,</span> <span class='ocrx_word' id='word_1_168' title='bbox 1546 1852 1674 1915; x_wconf 90' lang='lat' dir='ltr'>quod</span> <span class='ocrx_word' id='word_1_169' title='bbox 1707 1856 1754 1900; x_wconf 89' lang='lat' dir='ltr'>et</span> <span class='ocrx_word' id='word_1_170' title='bbox 1786 1851 1897 1911; x_wconf 89' lang='lat' dir='ltr'>feci,</span> <span class='ocrx_word' id='word_1_171' title='bbox 1935 1868 1990 1900; x_wconf 90' lang='lat' dir='ltr'>ac</span> 
     </span>
     <span class='ocr_line' id='line_1_20' title="bbox 190 1933 1992 2001; baseline 0.001 -19"><span class='ocrx_word' id='word_1_172' title='bbox 190 1933 402 1998; x_wconf 86' lang='lat' dir='ltr'>prelatos</span> <span class='ocrx_word' id='word_1_173' title='bbox 433 1938 572 1985; x_wconf 91' lang='lat' dir='ltr'>Rmo.</span> <span class='ocrx_word' id='word_1_174' title='bbox 598 1939 656 1984; x_wconf 93' lang='lat' dir='ltr'>D.</span> <span class='ocrx_word' id='word_1_175' title='bbox 683 1936 1081 1985; x_wconf 88' lang='lat' dir='ltr'>vicecancellario</span> <span class='ocrx_word' id='word_1_176' title='bbox 1109 1935 1400 2001; x_wconf 87' lang='lat' dir='ltr'>presentavi,</span> <span class='ocrx_word' id='word_1_177' title='bbox 1433 1936 1567 2000; x_wconf 91' lang='lat' dir='ltr'>cujus</span> <span class='ocrx_word' id='word_1_178' title='bbox 1604 1939 1742 1984; x_wconf 88' lang='lat' dir='ltr'>tenor</span> <span class='ocrx_word' id='word_1_179' title='bbox 1768 1935 1992 2000; x_wconf 84' lang='lat' dir='ltr'>registra-</span> 
     </span>
     <span class='ocr_line' id='line_1_21' title="bbox 192 2018 1985 2085; baseline 0.001 -20"><span class='ocrx_word' id='word_1_180' title='bbox 192 2019 267 2065; x_wconf 87' lang='lat' dir='ltr'>tus</span> <span class='ocrx_word' id='word_1_181' title='bbox 289 2022 361 2068; x_wconf 91' lang='lat' dir='ltr'>est</span> <span class='ocrx_word' id='word_1_182' title='bbox 383 2018 523 2068; x_wconf 88' lang='lat' dir='ltr'>infra.</span> <span class='ocrx_word' id='word_1_183' title='bbox 549 2022 762 2068; x_wconf 90' lang='lat' dir='ltr'>Fuerunt</span> <span class='ocrx_word' id='word_1_184' title='bbox 783 2020 929 2084; x_wconf 85' lang='lat' dir='ltr'>igitur</span> <span class='ocrx_word' id='word_1_185' title='bbox 949 2020 1007 2068; x_wconf 89' lang='lat' dir='ltr'>ad</span> <span class='ocrx_word' id='word_1_186' title='bbox 1029 2023 1234 2083; x_wconf 89' lang='lat' dir='ltr'>quatuor</span> <span class='ocrx_word' id='word_1_187' title='bbox 1252 2020 1528 2085; x_wconf 86' lang='lat' dir='ltr'>hujusmodi</span> <span class='ocrx_word' id='word_1_188' title='bbox 1549 2035 1638 2084; x_wconf 91' lang='lat' dir='ltr'>per</span> <span class='ocrx_word' id='word_1_189' title='bbox 1652 2022 1858 2069; x_wconf 84' lang='lat' dir='ltr'>RRmos.</span> <span class='ocrx_word' id='word_1_190' title='bbox 1880 2023 1985 2078; x_wconf 87' lang='lat' dir='ltr'>DD.</span> 
     </span>
     <span class='ocr_line' id='line_1_22' title="bbox 191 2103 1613 2169; baseline 0.001 -17"><span class='ocrx_word' id='word_1_191' title='bbox 191 2103 461 2153; x_wconf 86' lang='lat' dir='ltr'>cardinales</span> <span class='ocrx_word' id='word_1_192' title='bbox 482 2105 697 2169; x_wconf 88' lang='lat' dir='ltr'>deputati</span> <span class='ocrx_word' id='word_1_193' title='bbox 721 2109 770 2153; x_wconf 94' lang='lat' dir='ltr'>et</span> <span class='ocrx_word' id='word_1_194' title='bbox 791 2105 998 2154; x_wconf 90' lang='lat' dir='ltr'>ordinati</span> <span class='ocrx_word' id='word_1_195' title='bbox 1019 2105 1331 2168; x_wconf 86' lang='lat' dir='ltr'>infrascripti,</span> <span class='ocrx_word' id='word_1_196' title='bbox 1356 2105 1577 2154; x_wconf 88' lang='lat' dir='ltr'>videlicet</span> <span class='ocrx_word' id='word_1_197' title='bbox 1603 2122 1613 2153; x_wconf 74' lang='grc' dir='ltr'><strong><em>ε</em></strong></span> 
     </span>
    </p>

    <p class='ocr_par' dir='ltr' id='par_1_4' title="bbox 188 2187 1989 2506">
     <span class='ocr_line' id='line_1_23' title="bbox 257 2187 1989 2254; baseline 0 -18"><span class='ocrx_word' id='word_1_198' title='bbox 257 2188 331 2236; x_wconf 89' lang='lat' dir='ltr'>Ad</span> <span class='ocrx_word' id='word_1_199' title='bbox 356 2187 564 2252; x_wconf 90' lang='lat' dir='ltr'>primam</span> <span class='ocrx_word' id='word_1_200' title='bbox 591 2189 878 2248; x_wconf 89' lang='lat' dir='ltr'>custodiam,</span> <span class='ocrx_word' id='word_1_201' title='bbox 910 2189 1095 2237; x_wconf 88' lang='lat' dir='ltr'>scilicet</span> <span class='ocrx_word' id='word_1_202' title='bbox 1120 2193 1258 2254; x_wconf 88' lang='lat' dir='ltr'>porte</span> <span class='ocrx_word' id='word_1_203' title='bbox 1286 2189 1449 2252; x_wconf 89' lang='lat' dir='ltr'>palatii</span> <span class='ocrx_word' id='word_1_204' title='bbox 1482 2190 1562 2236; x_wconf 92' lang='lat' dir='ltr'>ubi</span> <span class='ocrx_word' id='word_1_205' title='bbox 1597 2193 1700 2238; x_wconf 90' lang='lat' dir='ltr'>erat</span> <span class='ocrx_word' id='word_1_206' title='bbox 1726 2189 1857 2253; x_wconf 87' lang='lat' dir='ltr'>prius</span> <span class='ocrx_word' id='word_1_207' title='bbox 1886 2189 1989 2253; x_wconf 88' lang='lat' dir='ltr'>epi-</span> 
     </span>
     <span class='ocr_line' id='line_1_24' title="bbox 191 2272 1989 2338; baseline -0.002 -16"><span class='ocrx_word' id='word_1_208' title='bbox 191 2287 366 2338; x_wconf 88' lang='lat' dir='ltr'>scopus</span> <span class='ocrx_word' id='word_1_209' title='bbox 405 2272 701 2332; x_wconf 83' lang='lat' dir='ltr'>CerviensiS,</span> <span class='ocrx_word' id='word_1_210' title='bbox 743 2273 998 2337; x_wconf 91' lang='lat' dir='ltr'>deputatus</span> <span class='ocrx_word' id='word_1_211' title='bbox 1038 2272 1125 2320; x_wconf 87' lang='lat' dir='ltr'>suit</span> <span class='ocrx_word' id='word_1_212' title='bbox 1165 2276 1220 2320; x_wconf 92' lang='lat' dir='ltr'>R.</span> <span class='ocrx_word' id='word_1_213' title='bbox 1271 2272 1321 2319; x_wconf 90' lang='lat' dir='ltr'>in</span> <span class='ocrx_word' id='word_1_214' title='bbox 1361 2272 1550 2321; x_wconf 88' lang='lat' dir='ltr'>Christo</span> <span class='ocrx_word' id='word_1_215' title='bbox 1589 2277 1728 2337; x_wconf 90' lang='lat' dir='ltr'>pater</span> <span class='ocrx_word' id='word_1_216' title='bbox 1766 2273 1989 2321; x_wconf 89' lang='lat' dir='ltr'>dominus</span> 
     </span>
     <span class='ocr_line' id='line_1_25' title="bbox 188 2356 1986 2420; baseline 0.001 -16"><span class='ocrx_word' id='word_1_217' title='bbox 188 2356 434 2405; x_wconf 88' lang='lat' dir='ltr'>Johannes</span> <span class='ocrx_word' id='word_1_218' title='bbox 455 2372 514 2405; x_wconf 87' lang='lat' dir='ltr'>ex</span> <span class='ocrx_word' id='word_1_219' title='bbox 537 2356 794 2405; x_wconf 91' lang='lat' dir='ltr'>comitibus</span> <span class='ocrx_word' id='word_1_220' title='bbox 814 2356 1079 2405; x_wconf 88' lang='lat' dir='ltr'>Arminiaci</span> <span class='ocrx_word' id='word_1_221' title='bbox 1107 2356 1363 2420; x_wconf 91' lang='lat' dir='ltr'>episcopus</span> <span class='ocrx_word' id='word_1_222' title='bbox 1391 2356 1659 2404; x_wconf 90' lang='lat' dir='ltr'>Castrensis</span> <span class='ocrx_word' id='word_1_223' title='bbox 1686 2356 1736 2403; x_wconf 91' lang='lat' dir='ltr'>in</span> <span class='ocrx_word' id='word_1_224' title='bbox 1764 2357 1986 2417; x_wconf 83' lang='lat' dir='ltr'>Francia,</span> 
     </span>
     <span class='ocr_line' id='line_1_26' title="bbox 188 2439 1361 2506; baseline -0.001 -18"><span class='ocrx_word' id='word_1_225' title='bbox 188 2439 270 2504; x_wconf 82' lang='lat' dir='ltr'>qui</span> <span class='ocrx_word' id='word_1_226' title='bbox 291 2440 379 2488; x_wconf 92' lang='lat' dir='ltr'>sub</span> <span class='ocrx_word' id='word_1_227' title='bbox 401 2456 452 2489; x_wconf 89' lang='lat' dir='ltr'>se</span> <span class='ocrx_word' id='word_1_228' title='bbox 473 2440 639 2489; x_wconf 91' lang='lat' dir='ltr'>habuit</span> <span class='ocrx_word' id='word_1_229' title='bbox 660 2441 869 2505; x_wconf 82' lang='lat' dir='ltr'>quinque</span> <span class='ocrx_word' id='word_1_230' title='bbox 891 2441 1095 2506; x_wconf 90' lang='lat' dir='ltr'>pedites,</span> <span class='ocrx_word' id='word_1_231' title='bbox 1121 2440 1193 2488; x_wconf 88' lang='lat' dir='ltr'>vel</span> <span class='ocrx_word' id='word_1_232' title='bbox 1215 2440 1361 2488; x_wconf 92' lang='lat' dir='ltr'>circa.</span> 
     </span>
    </p>

    <p class='ocr_par' dir='ltr' id='par_1_5' title="bbox 189 2523 1987 2926">
     <span class='ocr_line' id='line_1_27' title="bbox 252 2523 1987 2588; baseline 0.001 -16"><span class='ocrx_word' id='word_1_233' title='bbox 252 2524 326 2572; x_wconf 87' lang='lat' dir='ltr'>Ad</span> <span class='ocrx_word' id='word_1_234' title='bbox 359 2524 622 2573; x_wconf 89' lang='lat' dir='ltr'>secundam</span> <span class='ocrx_word' id='word_1_235' title='bbox 663 2525 959 2584; x_wconf 90' lang='lat' dir='ltr'>custodiam,</span> <span class='ocrx_word' id='word_1_236' title='bbox 1002 2524 1225 2573; x_wconf 84' lang='lat' dir='ltr'>videlicet</span> <span class='ocrx_word' id='word_1_237' title='bbox 1270 2528 1406 2588; x_wconf 90' lang='lat' dir='ltr'>porte</span> <span class='ocrx_word' id='word_1_238' title='bbox 1445 2523 1626 2588; x_wconf 86' lang='lat' dir='ltr'>palatii,</span> <span class='ocrx_word' id='word_1_239' title='bbox 1664 2541 1756 2588; x_wconf 90' lang='lat' dir='ltr'>que</span> <span class='ocrx_word' id='word_1_240' title='bbox 1797 2530 1899 2574; x_wconf 89' lang='lat' dir='ltr'>erat</span> <span class='ocrx_word' id='word_1_241' title='bbox 1937 2526 1987 2574; x_wconf 92' lang='lat' dir='ltr'>in</span> 
     </span>
     <span class='ocr_line' id='line_1_28' title="bbox 189 2607 1984 2673; baseline 0.001 -17"><span class='ocrx_word' id='word_1_242' title='bbox 189 2607 346 2672; x_wconf 85' lang='lat' dir='ltr'>capite</span> <span class='ocrx_word' id='word_1_243' title='bbox 375 2608 638 2668; x_wconf 86' lang='lat' dir='ltr'>scalarum,</span> <span class='ocrx_word' id='word_1_244' title='bbox 675 2625 769 2672; x_wconf 89' lang='lat' dir='ltr'>qua</span> <span class='ocrx_word' id='word_1_245' title='bbox 802 2609 898 2656; x_wconf 90' lang='lat' dir='ltr'>itur</span> <span class='ocrx_word' id='word_1_246' title='bbox 923 2608 983 2656; x_wconf 89' lang='lat' dir='ltr'>ad</span> <span class='ocrx_word' id='word_1_247' title='bbox 1017 2623 1262 2656; x_wconf 89' lang='lat' dir='ltr'>cameram</span> <span class='ocrx_word' id='word_1_248' title='bbox 1295 2608 1629 2671; x_wconf 83' lang='lat' dir='ltr'>apostolicam,</span> <span class='ocrx_word' id='word_1_249' title='bbox 1662 2608 1758 2656; x_wconf 86' lang='lat' dir='ltr'>sive</span> <span class='ocrx_word' id='word_1_250' title='bbox 1786 2609 1835 2656; x_wconf 92' lang='lat' dir='ltr'>in</span> <span class='ocrx_word' id='word_1_251' title='bbox 1862 2610 1984 2673; x_wconf 89' lang='lat' dir='ltr'>pede</span> 
     </span>
     <span class='ocr_line' id='line_1_29' title="bbox 189 2691 1987 2758; baseline 0.002 -19"><span class='ocrx_word' id='word_1_252' title='bbox 189 2691 452 2751; x_wconf 86' lang='lat' dir='ltr'>scalarum,</span> <span class='ocrx_word' id='word_1_253' title='bbox 482 2691 696 2756; x_wconf 82' lang='lat' dir='ltr'>deputati</span> <span class='ocrx_word' id='word_1_254' title='bbox 724 2692 916 2740; x_wconf 88' lang='lat' dir='ltr'>suerunt</span> <span class='ocrx_word' id='word_1_255' title='bbox 943 2697 1308 2741; x_wconf 88' lang='lat' dir='ltr'>conservatores</span> <span class='ocrx_word' id='word_1_256' title='bbox 1343 2709 1536 2743; x_wconf 90' lang='lat' dir='ltr'>camere</span> <span class='ocrx_word' id='word_1_257' title='bbox 1566 2694 1724 2754; x_wconf 86' lang='lat' dir='ltr'>Urbis,</span> <span class='ocrx_word' id='word_1_258' title='bbox 1755 2699 1802 2742; x_wconf 89' lang='lat' dir='ltr'>et</span> <span class='ocrx_word' id='word_1_259' title='bbox 1830 2694 1987 2758; x_wconf 88' lang='lat' dir='ltr'>capita</span> 
     </span>
     <span class='ocr_line' id='line_1_30' title="bbox 190 2774 1987 2842; baseline 0.003 -21"><span class='ocrx_word' id='word_1_260' title='bbox 190 2774 467 2838; x_wconf 88' lang='lat' dir='ltr'>regionum,</span> <span class='ocrx_word' id='word_1_261' title='bbox 497 2775 721 2824; x_wconf 89' lang='lat' dir='ltr'>videlicet</span> <span class='ocrx_word' id='word_1_262' title='bbox 747 2776 959 2839; x_wconf 88' lang='lat' dir='ltr'>qualibet</span> <span class='ocrx_word' id='word_1_263' title='bbox 985 2776 1062 2825; x_wconf 93' lang='lat' dir='ltr'>die</span> <span class='ocrx_word' id='word_1_264' title='bbox 1097 2793 1218 2825; x_wconf 89' lang='lat' dir='ltr'>unus</span> <span class='ocrx_word' id='word_1_265' title='bbox 1251 2782 1585 2838; x_wconf 89' lang='lat' dir='ltr'>conservator,</span> <span class='ocrx_word' id='word_1_266' title='bbox 1622 2783 1669 2826; x_wconf 88' lang='lat' dir='ltr'>et</span> <span class='ocrx_word' id='word_1_267' title='bbox 1702 2779 1794 2826; x_wconf 92' lang='lat' dir='ltr'>duo</span> <span class='ocrx_word' id='word_1_268' title='bbox 1829 2778 1987 2842; x_wconf 84' lang='lat' dir='ltr'>capita</span> 
     </span>
     <span class='ocr_line' id='line_1_31' title="bbox 191 2857 1979 2926; baseline 0.001 -21"><span class='ocrx_word' id='word_1_269' title='bbox 191 2857 447 2922; x_wconf 85' lang='lat' dir='ltr'>regionum</span> <span class='ocrx_word' id='word_1_270' title='bbox 469 2874 579 2906; x_wconf 90' lang='lat' dir='ltr'>cum</span> <span class='ocrx_word' id='word_1_271' title='bbox 600 2864 805 2922; x_wconf 86' lang='lat' dir='ltr'>quatuor</span> <span class='ocrx_word' id='word_1_272' title='bbox 825 2859 1005 2908; x_wconf 86' lang='lat' dir='ltr'>civibus</span> <span class='ocrx_word' id='word_1_273' title='bbox 1028 2861 1239 2909; x_wconf 89' lang='lat' dir='ltr'>romanis</span> <span class='ocrx_word' id='word_1_274' title='bbox 1260 2861 1501 2910; x_wconf 86' lang='lat' dir='ltr'>nobilibus</span> <span class='ocrx_word' id='word_1_275' title='bbox 1519 2879 1607 2926; x_wconf 92' lang='lat' dir='ltr'>per</span> <span class='ocrx_word' id='word_1_276' title='bbox 1626 2878 1709 2910; x_wconf 91' lang='lat' dir='ltr'>eos</span> <span class='ocrx_word' id='word_1_277' title='bbox 1729 2861 1979 2925; x_wconf 84' lang='lat' dir='ltr'>eligendis.</span> 
     </span>
    </p>

    <p class='ocr_par' dir='ltr' id='par_1_6' title="bbox 189 2942 1983 3421">
     <span class='ocr_line' id='line_1_32' title="bbox 255 2942 1982 3010; baseline -0.001 -19"><span class='ocrx_word' id='word_1_278' title='bbox 255 2943 328 2991; x_wconf 85' lang='lat' dir='ltr'>Ad</span> <span class='ocrx_word' id='word_1_279' title='bbox 358 2942 547 2991; x_wconf 89' lang='lat' dir='ltr'>tertiam</span> <span class='ocrx_word' id='word_1_280' title='bbox 584 2943 876 3003; x_wconf 90' lang='lat' dir='ltr'>custodiam,</span> <span class='ocrx_word' id='word_1_281' title='bbox 915 2960 1007 3007; x_wconf 89' lang='lat' dir='ltr'>que</span> <span class='ocrx_word' id='word_1_282' title='bbox 1041 2949 1144 2993; x_wconf 88' lang='lat' dir='ltr'>erat</span> <span class='ocrx_word' id='word_1_283' title='bbox 1183 2945 1231 2993; x_wconf 88' lang='lat' dir='ltr'>in</span> <span class='ocrx_word' id='word_1_284' title='bbox 1270 2946 1392 3010; x_wconf 87' lang='lat' dir='ltr'>pede</span> <span class='ocrx_word' id='word_1_285' title='bbox 1428 2945 1683 2999; x_wconf 82' lang='lat' dir='ltr'>scalarum,</span> <span class='ocrx_word' id='word_1_286' title='bbox 1721 2944 1891 3007; x_wconf 87' lang='lat' dir='ltr'>quibus</span> <span class='ocrx_word' id='word_1_287' title='bbox 1924 2943 1982 2990; x_wconf 88' lang='lat' dir='ltr'>de</span> 
     </span>
     <span class='ocr_line' id='line_1_33' title="bbox 190 3022 1978 3093; baseline -0.002 -18"><span class='ocrx_word' id='word_1_288' title='bbox 190 3042 384 3076; x_wconf 85' lang='lat' dir='ltr'>camera</span> <span class='ocrx_word' id='word_1_289' title='bbox 421 3026 687 3091; x_wconf 86' lang='lat' dir='ltr'>apostolica</span> <span class='ocrx_word' id='word_1_290' title='bbox 726 3027 1005 3075; x_wconf 89' lang='lat' dir='ltr'>ascenditur</span> <span class='ocrx_word' id='word_1_291' title='bbox 1034 3028 1094 3076; x_wconf 85' lang='lat' dir='ltr'>ad</span> <span class='ocrx_word' id='word_1_292' title='bbox 1127 3028 1381 3092; x_wconf 88' lang='lat' dir='ltr'>palatium,</span> <span class='ocrx_word' id='word_1_293' title='bbox 1417 3022 1630 3093; x_wconf 86' lang='lat' dir='ltr'>deputati</span> <span class='ocrx_word' id='word_1_294' title='bbox 1669 3029 1859 3076; x_wconf 88' lang='lat' dir='ltr'>fuerunt</span> <span class='ocrx_word' id='word_1_295' title='bbox 1885 3043 1894 3074; x_wconf 90' lang='lat'><strong>:</strong></span> <span class='ocrx_word' id='word_1_296' title='bbox 1922 3028 1978 3073; x_wconf 93' lang='lat' dir='ltr'>D.</span> 
     </span>
     <span class='ocr_line' id='line_1_34' title="bbox 189 3109 1983 3176; baseline -0.001 -19"><span class='ocrx_word' id='word_1_297' title='bbox 189 3111 501 3173; x_wconf 85' lang='lat' dir='ltr'>Masquardus</span> <span class='ocrx_word' id='word_1_298' title='bbox 526 3111 781 3159; x_wconf 87' lang='lat' dir='ltr'>Brisacher</span> <span class='ocrx_word' id='word_1_299' title='bbox 808 3115 971 3159; x_wconf 89' lang='lat' dir='ltr'>orator</span> <span class='ocrx_word' id='word_1_300' title='bbox 998 3111 1295 3161; x_wconf 87' lang='lat' dir='ltr'>serenissimi</span> <span class='ocrx_word' id='word_1_301' title='bbox 1323 3112 1645 3176; x_wconf 78' lang='lat' dir='ltr'>imperatoris,</span> <span class='ocrx_word' id='word_1_302' title='bbox 1671 3114 1727 3158; x_wconf 93' lang='lat' dir='ltr'>D.</span> <span class='ocrx_word' id='word_1_303' title='bbox 1753 3109 1983 3157; x_wconf 84' lang='lat' dir='ltr'>Annellus</span> 
     </span>
     <span class='ocr_line' id='line_1_35' title="bbox 190 3193 1982 3259; baseline 0 -18"><span class='ocrx_word' id='word_1_304' title='bbox 190 3197 354 3241; x_wconf 87' lang='lat' dir='ltr'>orator</span> <span class='ocrx_word' id='word_1_305' title='bbox 373 3194 501 3258; x_wconf 86' lang='lat' dir='ltr'>regis</span> <span class='ocrx_word' id='word_1_306' title='bbox 522 3195 840 3259; x_wconf 85' lang='lat' dir='ltr'>Neapolitani,</span> <span class='ocrx_word' id='word_1_307' title='bbox 873 3198 929 3244; x_wconf 89' lang='lat' dir='ltr'>D.</span> <span class='ocrx_word' id='word_1_308' title='bbox 962 3196 1146 3244; x_wconf 85' lang='lat' dir='ltr'>Florius</span> <span class='ocrx_word' id='word_1_309' title='bbox 1175 3197 1423 3245; x_wconf 86' lang='lat' dir='ltr'>Roverella</span> <span class='ocrx_word' id='word_1_310' title='bbox 1457 3200 1619 3243; x_wconf 85' lang='lat' dir='ltr'>orator</span> <span class='ocrx_word' id='word_1_311' title='bbox 1640 3193 1765 3257; x_wconf 79' lang='lat' dir='ltr'>regis</span> <span class='ocrx_word' id='word_1_312' title='bbox 1789 3193 1982 3256; x_wconf 83' lang='lat' dir='ltr'>Ungha-</span> 
     </span>
     <span class='ocr_line' id='line_1_36' title="bbox 190 3277 1982 3339; baseline 0.001 -15"><span class='ocrx_word' id='word_1_313' title='bbox 190 3277 283 3335; x_wconf 86' lang='lat' dir='ltr'>rie;</span> <span class='ocrx_word' id='word_1_314' title='bbox 315 3282 531 3326; x_wconf 88' lang='lat' dir='ltr'>oratores</span> <span class='ocrx_word' id='word_1_315' title='bbox 559 3283 657 3328; x_wconf 89' lang='lat' dir='ltr'>tres</span> <span class='ocrx_word' id='word_1_316' title='bbox 690 3280 788 3339; x_wconf 90' lang='lat' dir='ltr'>alii,</span> <span class='ocrx_word' id='word_1_317' title='bbox 819 3297 940 3328; x_wconf 88' lang='grc'>1111115</span> <span class='ocrx_word' id='word_1_318' title='bbox 974 3282 1109 3329; x_wconf 88' lang='lat' dir='ltr'>ducis</span> <span class='ocrx_word' id='word_1_319' title='bbox 1146 3282 1428 3338; x_wconf 81' lang='lat' dir='ltr'>Mediolani,</span> <span class='ocrx_word' id='word_1_320' title='bbox 1459 3281 1578 3327; x_wconf 87' lang='lat' dir='ltr'>alius</span> <span class='ocrx_word' id='word_1_321' title='bbox 1613 3281 1713 3326; x_wconf 91' lang='lat' dir='ltr'>DD.</span> <span class='ocrx_word' id='word_1_322' title='bbox 1746 3278 1982 3326; x_wconf 83' lang='lat' dir='ltr'>Florenti-</span> 
     </span>
     <span class='ocr_line' id='line_1_37' title="bbox 192 3363 1100 3421; baseline 0.006 -14"><span class='ocrx_word' id='word_1_323' title='bbox 192 3375 383 3421; x_wconf 91' lang='lat' dir='ltr'>norum,</span> <span class='ocrx_word' id='word_1_324' title='bbox 409 3366 457 3410; x_wconf 93' lang='lat' dir='ltr'>et</span> <span class='ocrx_word' id='word_1_325' title='bbox 477 3363 645 3411; x_wconf 88' lang='lat' dir='ltr'>tertius</span> <span class='ocrx_word' id='word_1_326' title='bbox 667 3366 767 3412; x_wconf 92' lang='lat' dir='ltr'>DD.</span> <span class='ocrx_word' id='word_1_327' title='bbox 795 3365 1100 3413; x_wconf 88' lang='lat' dir='ltr'>Senensium.</span> 
     </span>
    </p>

    <p class='ocr_par' dir='ltr' id='par_1_7' title="bbox 259 3445 1982 3513">
     <span class='ocr_line' id='line_1_38' title="bbox 259 3445 1982 3513; baseline 0.002 -21"><span class='ocrx_word' id='word_1_328' title='bbox 259 3447 316 3493; x_wconf 90' lang='lat' dir='ltr'>Et</span> <span class='ocrx_word' id='word_1_329' title='bbox 355 3445 627 3495; x_wconf 85' lang='lat' dir='ltr'>ordinatum</span> <span class='ocrx_word' id='word_1_330' title='bbox 665 3448 771 3508; x_wconf 88' lang='lat' dir='ltr'>suit,</span> <span class='ocrx_word' id='word_1_331' title='bbox 814 3450 942 3511; x_wconf 86' lang='lat' dir='ltr'>quod</span> <span class='ocrx_word' id='word_1_332' title='bbox 980 3450 1029 3496; x_wconf 90' lang='lat' dir='ltr'>in</span> <span class='ocrx_word' id='word_1_333' title='bbox 1070 3448 1267 3512; x_wconf 82' lang='lat' dir='ltr'>singulis</span> <span class='ocrx_word' id='word_1_334' title='bbox 1308 3447 1536 3496; x_wconf 82' lang='lat' dir='ltr'>custodiis</span> <span class='ocrx_word' id='word_1_335' title='bbox 1574 3446 1865 3513; x_wconf 86' lang='lat' dir='ltr'>hujusmodi,</span> <span class='ocrx_word' id='word_1_336' title='bbox 1904 3446 1982 3495; x_wconf 86' lang='lat' dir='ltr'>ubi</span> 
     </span>
    </p>
   </div>
  </div>
 </body>
</html>
