2262 3958
912 285 1195 353 Appfflyoicss.
1878 297 1953 332 533

156 410 304 452 littore
321 407 554 463 paululum
567 410 856 464 elongaretur
866 440 877 461 ,
889 409 1156 461 perbreuem
1170 410 1352 463 quidem
1367 410 1600 463 epistolam
1613 413 1808 465 Zyzymy
1825 423 1951 453 cons-

157 474 379 528 cripsisse,
400 474 513 515 etad
529 474 710 516 fratrem
727 474 921 526 dedisse,
941 487 1075 529 quam
1095 478 1255 530 sagitte
1274 477 1464 518 inuoluit
1479 478 1803 530 nexuitque‚·et
1823 478 1946 520 sitico

159 551 264 582 arcu
281 539 327 580 in
343 542 508 580 terram
529 540 756 581 contorsit.
786 541 1022 592 Exceptam
1043 552 1144 582 esse
1165 542 1313 584 ferunt
1340 543 1575 595 epistolam
1596 551 1636 585 ‘a
1667 543 1815 584 fratris
1836 545 1950 585 mili-

158 605 280 647 tibus
297 605 375 658 qui
390 599 564 658 regium
584 607 794 646 iuuenem
813 607 1073 657 persequuti
1095 611 1216 654 sunt,
1241 611 1284 649 et
1305 608 1429 649 fratri
1449 609 1686 650 redditam.
1712 611 1853 661 Quam
1874 610 1951 651 ubi

160 681 402 724 germanus
420 671 622 724 perlegit,
641 681 882 723 parumper
898 671 1152 712 lacrimatus
1172 675 1255 723 est,
1277 674 1517 726 animoque
1530 678 1856 724 consternatus,
1876 675 1951 715 diu

161 735 283 776 siluit
305 747 315 776 :
337 738 382 776 et
408 735 532 776 aditu
551 735 772 787 prohibito
802 735 1024 787 papilione
1056 748 1104 776 se
1136 738 1383 779 continuit:
1404 750 1510 791 egre
1532 743 1650 780 certo
1684 740 1798 789 tulit,
1829 739 1949 792 quod

159 799 569 854 fratenmalgugneta
583 801 698 853 legis
718 800 861 841 cultor
879 801 1015 852 (quod
1037 803 1362 855 permaximum
1381 805 1546 844 crimen
1567 805 1835 846 mahumetei
1871 805 1949 846 du-

158 865 278 919 cunt)
296 866 357 915 ad
373 866 655 928 christianos
675 865 938 919 confugerit,
980 867 1038 908 ad
1076 877 1182 908 eos
1179 869 1427 922 presertim
1466 870 1542 921 qui
1581 870 1952 911 othumannidum

160 933 326 982 familie
339 931 634 979 infensissimi
654 932 801 983 fuere,
839 936 882 974 et
900 933 1170 989 genitorem
1181 934 1377 987 grauiori
1410 935 1651 975 affecerunt
1673 935 1948 987 ignominia;

158 985 370 1052 quodque
386 997 570 1046 fratrem
589 998 828 1048 christiano
848 998 1138 1058 adherentem
1168 999 1339 1040 nomini
1357 998 1458 1052 lege
1485 999 1768 1040 mahumetee
1785 1000 1954 1052 grauis-

159 1064 323 1112 simum
338 1065 501 1106 afferre
524 1067 679 1116 posset
699 1064 927 1111 dedecus:
951 1053 1141 1117 quorum
1163 1076 1211 1106 se
1231 1065 1457 1106 censcium
1478 1063 1712 1118 profitetur
1732 1065 1807 1117 qui
1828 1068 1950 1106 tanta

156 1130 386 1187 atrocitate
406 1130 464 1172 sit
483 1141 586 1171 eum
604 1133 922 1183 persequutus.
945 1131 1096 1190 Series⁸
1112 1131 1298 1182 epistole
1312 1130 1409 1173 fuit.

595 1307 599 1309 Α
644 1316 651 1322 .
674 1296 690 1316 c
710 1251 917 1333 >'Epistola
935 1283 1122 1333 Zyzymy
1139 1282 1196 1321 ad
1216 1283 1436 1333 Baqyazz’t.

218 1383 237 1420 ἑ
259 1384 455 1442 Zyzymy
477 1383 568 1425 Rex
587 1396 598 1424 :
621 1384 663 1424 S.
686 1385 722 1425 D
742 1395 752 1424 :
774 1372 982 1442 Bagyazit
1002 1384 1097 1438 regi
1124 1384 1360 1426 seuissimo
1385 1383 1524 1426 fratri.
1559 1383 1666 1435 Quia
1700 1382 1803 1436 petii
1832 1383 1953 1435 quod

161 1448 344 1500 iustum,
367 1460 534 1505 equum
553 1453 686 1503 atque
704 1450 866 1492 decens
887 1453 996 1500 erat,
1016 1451 1098 1499 '‚l'u
1120 1449 1229 1490 iuris
1249 1449 1432 1490 humani
1452 1449 1616 1501 pariter
1635 1451 1678 1489 et
1702 1448 1840 1489 diuini
1860 1449 1957 1494 vio-

158 1513 288 1566 lator,
306 1513 588 1570 mahumetee
607 1515 721 1569 legis
739 1518 1029 1572 contemptor,
1051 1514 1233 1556 fratrem
1254 1514 1310 1556 ad
1327 1515 1616 1556 christianum
1636 1525 1798 1555 nomen
1816 1526 1950 1568 urges

161 1567 385 1630 accedere,
407 1582 451 1621 et
466 1580 523 1622 ad
540 1580 623 1622 hos
643 1581 927 1632 potissimum
944 1583 1019 1635 qui
1038 1593 1165 1623 cruce
1198 1582 1360 1635 signati
1386 1584 1538 1622 nostre
1572 1591 1750 1633 semper
1776 1581 1952 1621 inclitis-

163 1644 274 1690 sime
289 1643 456 1690 familie
474 1645 635 1688 infensi
652 1646 790 1688 fuere.
814 1650 879 1689 Tu
908 1648 1018 1690 tanti
1039 1648 1235 1689 criminis
1261 1647 1463 1701 conscius
1485 1658 1566 1688 es:
1589 1647 1720 1687 vitam
1750 1650 1951 1687 seruatu-

159 1721 237 1752 rus
255 1699 426 1768 inuitus
441 1713 618 1755 accedo.
639 1714 682 1755 Si
699 1713 820 1766 quod
836 1713 930 1755 iure
953 1715 1117 1767 optimo
1134 1714 1242 1755 mihi
1256 1713 1437 1754 vendico
1453 1713 1671 1762 dedisses,
1688 1713 1802 1752 intra
1822 1713 1952 1766 regni

157 1776 322 1826 limites
354 1788 428 1819 me
455 1774 726 1835 'continerem
745 1792 755 1829 ;
789 1790 870 1820 nec
910 1780 1059 1833 regius
1092 1780 1402 1820 mahumeteus
1427 1774 1563 1820 frater
1596 1782 1640 1819 et
1674 1778 1950 1819 strictissimo

160 1841 380 1895 'sanguine
400 1842 480 1885 tihi
499 1844 691 1895 iunctus,
723 1846 894 1886 hereret
918 1846 1168 1887 christianis
1199 1846 1313 1886 inter
1345 1856 1458 1898 quos
1478 1845 1617 1896 legeS,
1641 1843 1949 1893 cherimoniaS,

159 1918 308 1953 mores
328 1919 378 1950 ac
397 1909 564 1952 cultum
582 1922 758 1953 servare
780 1922 1016 1964 nequeam.
1040 1913 1180 1952 Tanto
1198 1912 1378 1964 quidem
1399 1909 1669 1951 enormitatis
1689 1909 1822 1950 deum
1842 1909 1951 1950 ulto-

160 1985 256 2016 rem
274 1974 450 2026 inuoco‚
463 1986 516 2017 ac
533 1976 835 2018 mahumetem
849 1978 1107 2030 prophetam
1121 1978 1338 2019 vindicem
1353 1977 1554 2029 imploro,
1577 1976 1653 2029 qui
1672 1988 1748 2028 pro
1763 1977 1951 2019 demeri-

159 2040 217 2081 tis
236 2040 318 2087 tibi
334 2051 475 2094 penas
504 2041 706 2083 reddant.
735 2043 779 2084 Si
807 2044 983 2096 genitor
1012 2044 1092 2084 hec
1122 2043 1404 2095 preuidisset‚
1440 2047 1484 2085 te
1513 2043 1620 2097 (non
1653 2042 1847 2095 ambigo)
1882 2043 1953 2083 vel

159 2106 304 2149 toxico
323 2107 396 2148 vel
413 2107 563 2161 gladio
585 2113 828 2150 enecasset.
851 2111 948 2161 Ipse
973 2110 1091 2150 enim
1111 2110 1481 2151 othumannidum
1499 2112 1651 2150 auctor
1666 2106 1762 2156 fuit,
1782 2109 1830 2147 tu
1852 2106 1949 2147 des-

158 2174 326 2213 tructor
344 2172 468 2225 cupis
487 2172 642 2215 videri.
663 2175 799 2226 Spero
819 2174 1012 2226 profecto
1041 2186 1132 2216 non
1162 2175 1422 2216 diuturnum
1448 2174 1541 2215 fore
1570 2177 1696 2215 tuum
1714 2174 1949 2226 imperium

158 2239 281 2280 tanta
301 2237 576 2288 crudelitate,
607 2242 730 2281 tanta
758 2240 919 2281 seuicia
953 2242 1165 2291 tantaque
1196 2239 1430 2292 tyrannide
1466 2242 1656 2291 partum.
1696 2239 1804 2280 Cum
1830 2238 1950 2278 enim

158 2302 281 2344 basis
301 2314 392 2346 non
409 2307 528 2347 recte
547 2303 673 2346 firma
695 2306 766 2355 sit,
789 2304 1011 2347 edificium
1033 2305 1291 2347 diuturnum
1324 2316 1405 2346 nec
1434 2298 1612 2346 firmum
1644 2304 1824 2357 quidem
1851 2314 1951 2344 esse

158 2369 340 2425 poterit;
362 2373 618 2424 negantque
633 2371 857 2423 sapientes
873 2371 1113 2412 violentum
1131 2370 1389 2411 diuturnum
1408 2382 1524 2411 esse.
1547 2371 1705 2412 Contra
1723 2369 1840 2410 enim
1856 2369 1951 2409 iura

153 2434 347 2492 humana
369 2437 532 2488 pariter
551 2441 594 2478 et
615 2437 765 2478 diuina
784 2438 985 2490 germani
1009 2438 1274 2490 sanguinem
1307 2436 1604 2488 persequeris.
1642 2436 1731 2476 Erit
1763 2435 1951 2476 inauditi

158 2500 303 2556 delicti
322 2501 453 2557 ultor,
477 2501 552 2555 qui
571 2502 659 2543 alto
685 2502 755 2544 dei
774 2502 934 2544 iudicio
955 2505 1083 2543 tuum
1102 2506 1234 2555 caput
1255 2505 1453 2546 conterat
1480 2502 1736 2554 aliquando,
1766 2499 1885 2553 quod
1906 2501 1951 2541 in

157 2577 229 2608 me
244 2566 499 2621 liberosque
515 2579 641 2609 meos
658 2568 826 2609 moliris
847 2580 856 2608 :
877 2567 990 2609 alius
1009 2580 1123 2620 equa
1140 2569 1266 2609 lance
1286 2569 1332 2609 in
1359 2570 1403 2608 te
1420 2571 1613 2619 tuosque
1630 2571 1759 2608 natos
1781 2566 1945 2607 machi·

157 2631 353 2675 nabitur.
371 2633 476 2674 Vale
486 2636 532 2674 et
544 2624 754 2686 resipisce
769 2645 824 2674 ne
841 2636 1037 2674 extrema
1053 2633 1200 2674 clades
1215 2636 1258 2673 te
1274 2637 1465 2684 tuosque
1479 2635 1608 2673 natos
1624 2632 1792 2683 perdat,
1810 2634 1952 2672 exter-

161 2697 316 2748 minet,
338 2697 533 2740 devoret.
558 2715 574 2735 ι
601 2702 795 2752 Zyzymy
815 2702 965 2740 autem
985 2698 1192 2740 imbecilli
1220 2699 1400 2752 nauigio
1433 2698 1543 2738 mari
1572 2697 1773 2746 iactatus,
1808 2697 1950 2738 classe

160 2766 410 2816 conspecta,
432 2763 478 2805 in
498 2765 795 2817 propinquum
814 2764 939 2805 littus
960 2763 1082 2816 quod
1099 2775 1196 2805 sors
1221 2765 1395 2806 afferret
1428 2763 1632 2815 operiens
1655 2774 1753 2803 sese
1775 2761 1947 2814 excipit,

159 2829 248 2871 iam
265 2825 384 2870 enim
411 2827 655 2870 aduersarii
685 2829 864 2879 milites,
895 2830 1027 2871 citato
1054 2829 1213 2881 gradu,
1247 2829 1395 2871 fratris
1424 2828 1576 2882 fugam
1611 2826 1860 2868 nunciaturi
1892 2825 1950 2866 ad

163 2893 371 2947 Bagyazit
384 2894 586 2936 volarant
600 2906 609 2943 ;
625 2895 864 2936 arbitratus
878 2896 1067 2948 quIsque
1082 2895 1158 2948 qui
1174 2895 1344 2947 primus
1361 2894 1570 2935 nuncium
1590 2893 1714 2934 daret
1729 2892 1948 2944 premium

161 2963 559 3012 consequuturum.
594 2953 864 3000 Rhodiorum
896 2963 1012 3001 certe
1043 2958 1267 3002 decretum
1302 2961 1502 3002 nondum
1534 2961 1774 3011 acceperat.
1805 2959 1948 3008 Quare

161 3025 460 3066 subdubitans
478 3036 534 3065 ne
554 3025 599 3065 in
619 3025 864 3077 piratarum
887 3035 1048 3066 manus
1068 3025 1294 3076 incideret,
1330 3026 1489 3078 pelago
1522 3035 1611 3064 non
1643 3027 1710 3065 est
1741 3033 1877 3064 ausus
1899 3033 1948 3062 se

158 3091 402 3142 comittere,
424 3090 562 3132 donec
583 3094 626 3132 et
643 3094 825 3144 gentem
846 3093 888 3132 et
908 3090 1095 3131 classem
1117 3091 1366 3153 agnouerit.

500 3247 517 3267 ‹
549 3233 642 3271 Rex
664 3232 849 3283 Zyzymy
869 3227 1133 3269 Rhodiorum
1153 3229 1327 3269 classem
1353 3228 1608 3268 conscendit.

217 3362 235 3382 ι
260 3344 343 3386 Ubi
368 3344 625 3386 nunciatum
655 3348 724 3386 est
754 3343 933 3386 rhodios
967 3343 1037 3384 sui
1070 3352 1205 3383 causa
1233 3341 1519 3392 aduentasse‚
1551 3339 1753 3382 firmatus
1779 3338 1944 3395 animo,

164 3413 318 3456 nauim
356 3412 610 3462 conscendit
640 3417 683 3454 et
715 3412 1100 3454 hierosolimorum
1133 3406 1330 3460 equitum
1362 3405 1465 3447 fidei
1497 3418 1593 3447 sose
1626 3405 1775 3447 credit.
1811 3404 1945 3446 Nauis
