2262 3958
380 331 446 365 160
980 326 1212 362 JOHANNlS
1246 325 1540 371 BURCHARDI,
1817 329 2030 371 [Novembre
2052 331 2143 373 1485]

442 432 754 480 Provideatur
780 431 838 478 de
871 430 1029 492 aliquo
1056 429 1196 477 docto
1225 429 1304 491 qui
1338 428 1493 492 prima
1523 428 1598 475 die
1626 428 1936 491 exequiarum
1967 430 2147 479 oratio-

377 530 487 563 nem
507 515 645 563 saciat
678 518 724 561 et
757 514 814 561 de
836 513 1028 575 prelatis
1051 513 1129 576 qui
1150 511 1348 575 singulis
1369 516 1554 574 septem
1577 510 1744 560 diebus
1768 512 1894 560 intra
1912 529 2146 562 novenam

377 596 572 643 missam
591 595 831 658 publicam
854 595 1030 656 dicant,

443 682 688 740 Rogentur
722 678 816 724 duo
847 678 1113 726 cardinales
1143 695 1344 741 quorum
1372 695 1492 725 unus
1520 677 1692 740 prima,
1719 677 1838 725 alter
1872 679 2040 727 ultima
2071 679 2148 728 die

378 760 686 822 exequiarum
721 760 995 823 hujusmodi
1030 761 1225 809 missam
1263 762 1528 810 solemnem
1567 760 1832 819 celebrent,
1867 765 1914 808 et
1947 765 2150 823 quatuor

378 842 454 904 qui
473 842 626 905 prima
649 846 695 890 et
718 843 916 891 totidem
938 844 1206 892 cardinales
1229 845 1310 907 qui
1339 844 1505 892 ultima
1534 844 1610 892 die
1641 843 1859 907 ejusdem
1885 859 1994 891 cum
2019 844 2149 892 cele-

377 925 545 972 brante
568 926 833 983 absolvant,

443 1010 670 1057 Cantores
693 1009 874 1071 capelle
907 1011 990 1057 SS.
1018 1011 1074 1056 D.
1106 1012 1168 1057 N.
1206 1025 1328 1073 pape
1356 1013 1589 1057 vocentur
1623 1023 1709 1071 pro
1738 1008 1892 1071 prima
1919 1010 1965 1055 et
1983 1006 2150 1055 ultima

379 1091 454 1138 die
477 1091 753 1154 hujusmodi
768 1091 816 1138 in
838 1092 1007 1154 quibus
1026 1097 1219 1156 paretur
1236 1097 1284 1140 et
1303 1093 1555 1156 prandium
1575 1108 1661 1155 pro
1678 1092 1878 1151 eisdem,
2086 1153 2088 1155 V

446 1174 754 1222 Provideatur
789 1175 847 1223 de
879 1175 1081 1224 diacono
1107 1179 1154 1223 et
1184 1175 1477 1223 subdiacono
1507 1176 1585 1238 qui
1616 1179 1800 1238 septem
1831 1176 1998 1224 diebus
2027 1176 2150 1224 infra

379 1274 614 1306 novenam
635 1259 819 1321 prelato
840 1259 1098 1306 celebranti
1120 1259 1408 1316 ministrent,

446 1341 819 1389 Conscribantur
862 1341 1126 1406 presbyteri
1170 1358 1256 1405 pro
1301 1357 1503 1389 numero
1553 1341 1808 1389 missarum
1852 1344 1931 1405 qui
1977 1344 2149 1392 missas

382 1424 547 1472 bassas
589 1424 835 1472 celebrent
872 1424 1093 1472 videlicet
1128 1424 1283 1487 prima
1319 1425 1394 1472 die
1435 1424 1608 1471 missas
1641 1429 1834 1472 centum
1871 1429 1918 1474 et
1952 1426 2150 1489 totidem

382 1507 565 1567 ultima,
591 1523 646 1555 ac
674 1507 871 1571 singulis
894 1507 1063 1556 diebus
1083 1511 1284 1570 septem,
1314 1507 1437 1554 infra
1462 1522 1695 1554 novenam
1722 1508 1893 1556 missas
1921 1508 2152 1573 quinqua-

380 1589 526 1653 ginta,
828 1594 832 1598 “

445 1676 747 1737 Deputentur
779 1690 900 1722 unus
933 1674 1006 1722 vel
1035 1675 1129 1722 duo
1157 1674 1235 1738 qui
1263 1675 1563 1723 celebrantes
1591 1679 1760 1724 notent
1787 1680 1834 1724 et
1869 1666 2166 1740 computum*

382 1759 576 1805 teneant
597 1773 651 1805 ac
673 1757 786 1821 ipsis
814 1758 1172 1824 eleemosynam
1194 1757 1497 1815 distribuant,

447 1842 691 1887 Ponantur
710 1841 867 1889 tabule
890 1857 1034 1904 super
1053 1841 1269 1889 banchos
1294 1839 1508 1902 lapideos
1530 1855 1673 1903 super
1693 1842 1863 1904 quibus
1885 1841 2149 1891 cardinales

382 1922 616 1970 sedebunt
635 1923 720 1971 sub
739 1924 928 1973 tribuno
951 1925 1104 1985 chori,

448 2006 737 2055 Ordinentur
765 2008 871 2056 loca
904 2025 990 2072 pro
1014 2009 1209 2073 prelatis
1241 2013 1284 2058 et
1313 2010 1582 2058 oratoribus
1610 2025 1664 2057 ac
1692 2009 1771 2058 ubi
1800 2009 2036 2073 pulpitum
2061 2024 2148 2073 pro

381 2094 574 2138 oraturo
593 2091 747 2154 prima
766 2091 841 2139 die
864 2091 923 2139 sit
943 2092 1236 2155 ponendum,

448 2174 804 2238 Credentiapro
826 2175 1100 2223 celebrante
1122 2191 1231 2223 cum
1253 2175 1538 2224 necessariis
1558 2191 1644 2238 pro
1667 2175 1839 2223 eodem
1857 2179 1905 2224 et
1915 2174 2050 2224 locus
2068 2174 2147 2224 ubi

381 2256 636 2305 commode
658 2257 770 2320 poni
792 2257 960 2320 possit,

449 2339 655 2394 Quilibet
685 2340 975 2402 prelatorum
1009 2339 1310 2388 funestorum
1335 2339 1532 2388 habebit
1560 2345 1669 2404 post
1702 2357 1752 2389 se
1783 2356 1931 2388 unum
1959 2340 2150 2390 servito-

382 2439 484 2472 rem
507 2439 647 2471 suum
665 2423 867 2472 funerali
890 2424 1033 2471 etiam
1060 2426 1187 2470 veste
1214 2421 1435 2468 indutum
1463 2422 1543 2484 qui
1574 2422 1787 2470 fimbrias
1813 2423 1958 2471 vestis
1977 2423 2149 2487 prelati

383 2507 522 2554 simul
540 2507 764 2555 collectas
785 2512 892 2571 post
913 2506 1161 2555 dominum
1181 2521 1319 2552 suum
1340 2504 1561 2567 portabit,

448 2591 623 2639 Prelati
643 2591 903 2654 precedant
921 2591 1106 2651 fratres,
1140 2596 1341 2655 nepotes
1368 2608 1424 2640 ac
1452 2592 1570 2640 alios
1591 2591 1978 2655 consanguineos
1999 2591 2149 2640 cardi-

380 2675 500 2723 nalis
519 2674 748 2734 defuncti,
774 2690 870 2723 non
891 2675 1116 2738 prelatos.
1143 2675 1190 2723 Si
1211 2690 1321 2723 vero
1337 2675 1511 2741 ¹fratres
1532 2675 1604 2723 vel
1625 2679 1828 2738 nepotes
1848 2676 1920 2724 vel
1942 2691 2148 2739 consan-

379 2757 539 2821 guinei
561 2757 774 2806 defuncti
800 2758 942 2806 etiam
971 2758 1063 2806 sint
1090 2757 1275 2822 prelati,
1300 2757 1436 2805 ibunt
1455 2757 1580 2806 inter
1610 2758 1727 2806 alios
1752 2758 1960 2823 prelatos
1986 2758 2147 2807 funes-

378 2846 470 2901 tos,
492 2842 629 2905 juxta
649 2841 864 2889 ordinem
886 2857 1053 2889 eorum
1075 2841 1406 2904 promotionis,

443 2925 729 2972 Paramenta
751 2939 808 2971 ex
826 2923 1009 2987 capella
1036 2925 1120 2971 SS.
1143 2926 1199 2970 D.
1225 2927 1279 2973 N.
1304 2941 1426 2989 pape
1448 2926 1509 2974 ad
1530 2925 1783 2974 ecclesiam
1801 2941 1837 2972 S.
1859 2924 2033 2973 Sabine
2053 2939 2139 2988 pro

377 3006 531 3070 prima
551 3010 599 3055 et
618 3006 783 3055 ultima
798 3007 872 3054 die
889 3006 1197 3069 exequiarum
1218 3007 1498 3070 hujusmodi
1518 3008 1747 3056 mittenda
1770 3025 1778 3054 ε

443 3092 728 3138 Paramenta
744 3089 905 3138 omnia
925 3090 1061 3152 nigra
1081 3090 1372 3153 pontificalia
1394 3107 1480 3154 pro
1498 3091 1787 3150 celebrante,

442 3173 706 3221 Dalmatica
723 3178 769 3221 et
795 3173 1019 3221 tunicella
1048 3189 1102 3221 ac
1130 3173 1291 3222 onmia
1310 3179 1588 3237 paramenta
1617 3189 1704 3236 pro
1732 3174 1934 3221 diacono
1959 3178 2007 3221 et
2033 3172 2142 3221 sub-

377 3255 596 3316 diacono,

441 3339 658 3402 Quinque
678 3339 898 3404 pluvialia
929 3339 1079 3403 nigra,
1111 3353 1220 3386 cum
1247 3342 1318 3386 tot
1344 3338 1529 3387 amictis
1555 3343 1602 3387 et
1629 3339 1762 3387 stolis
1785 3354 1871 3403 pro
1899 3338 2142 3387 absolven«

377 3418 501 3467 tibus
520 3427 627 3484 post
647 3423 842 3472 missam
861 3430 907 3472 et
923 3423 1205 3483 orationem,
