2262 3958
303 296 372 330 292
907 289 1139 326 JOHANNIS
1172 289 1465 335 BURCHARDI,
1851 291 1954 334 [Mars
1974 292 2064 334 1488]

370 394 591 443 Mercurii
613 398 673 442 20
695 392 938 450 februarii,
958 391 1058 439 dies
1078 392 1314 451 cinerum,
1337 395 1504 439 Rmus.
1524 395 1580 440 D.
1606 393 1858 442 cardinalis
1878 392 2066 441 Ulixbo-

302 478 464 526 nensis
493 477 603 524 fecit
631 475 845 522 officium
866 474 911 521 in
943 475 1125 538 capella
1156 475 1339 537 majore
1373 473 1552 540 palatii,
1583 477 1711 538 Papa
1747 479 1988 539 presente,
2021 478 2067 521 et

303 558 745 608 benedixitcineres
767 561 874 620 post
900 556 1215 605 reverentiam
1238 573 1265 604 a
1288 555 1605 604 cardinalibus
1625 555 1712 603 sibi
1734 556 1909 604 factam
1930 571 2065 604 more

303 642 459 688 solito.
492 640 673 688 Deinde
695 639 907 702 prefatus
929 639 1181 688 cardinalis
1201 638 1535 688 Ulixbonensis
1556 638 1884 687 celebraturus
1902 655 2065 688 coram

305 727 447 786 Papa,
485 739 629 787 super
670 722 932 770 scabellum
975 726 1122 781 stans,
1160 723 1386 787 imposuit
1416 722 1459 771 ei
1490 721 1693 781 cineres,
1730 721 1847 769 nihil
1880 721 2063 780 dicens,

302 806 473 854 deinde
505 805 607 854 aliis
636 805 957 853 cardinalibus
990 809 1038 854 et
1064 805 1168 853 aliis
1190 821 1324 854 more
1354 805 1519 863 solito;
1551 809 1599 853 et
1625 804 1736 867 quia
1757 803 1938 867 antiqui
1961 803 2069 851 libri

302 888 683 937 ceremoniarum
739 888 958 936 ordinant
1010 889 1139 952 quod
1183 889 1313 953 prior
1361 888 1697 952 episcoporum
1757 886 2069 936 cardinalium

302 972 489 1020 cineres
507 975 631 1034 Pape
648 972 820 1019 debeat
837 971 1103 1035 imponere,
1120 977 1376 1035 antequam
1392 974 1520 1035 Papa
1535 970 1721 1019 cineres
1738 970 2064 1030 benediceret,

302 1055 589 1118 interrogavi
619 1054 930 1103 Sanctitatem
961 1071 1095 1102 suam
1120 1071 1147 1102 a
1175 1070 1268 1118 quo
1291 1055 1477 1103 cineres
1504 1054 1719 1117 recipere
1752 1053 1890 1102 vellet
1912 1070 1922 1102 ε
1948 1055 2068 1102 San-

301 1139 439 1187 ctitas
477 1154 562 1185 sua
598 1137 783 1185 remisit
818 1153 895 1185 me
930 1126 990 1185 ad
1018 1138 1200 1201 priores
1234 1138 1520 1196 cardinales,
1556 1137 1775 1185 videlicet
1811 1154 1821 1185 ε
1852 1137 2070 1185 vicecan-

301 1220 566 1276 cellarium‚
591 1218 973 1283 Neapolitanum,
1012 1235 1050 1266 s.
1079 1219 1226 1267 Marci
1255 1223 1302 1267 et
1327 1219 1741 1282 Andegavensem,
1767 1220 1847 1283 qui
1867 1219 2069 1283 predicti

301 1303 520 1350 dixerunt
550 1301 837 1350 celebrantis
871 1301 1031 1364 potius
1063 1302 1276 1350 officium
1303 1318 1410 1351 esse
1438 1315 1584 1365 quam·
1610 1303 1824 1361 alterius,
1857 1307 1996 1366 prout
2023 1306 2069 1351 et

296 1388 396 1450 jam
418 1403 446 1434 a
466 1386 626 1434 multis
661 1385 797 1433 annis
829 1385 949 1433 citra
976 1385 1281 1434 observatum
1309 1390 1454 1445 esset,
1486 1401 1691 1449 quorum
1716 1385 1951 1434 sententie
1981 1387 2064 1434 SS.

300 1473 357 1518 D.
382 1473 437 1518 N.
463 1469 715 1532 acquievit.
1992 1460 1995 1461 ⁷

365 1553 532 1613 Hodie,
570 1552 802 1601 vestiente
836 1567 886 1601 se
919 1554 1003 1601 SS.
1041 1555 1098 1600 D.
1130 1554 1302 1601 Nostro
1332 1552 1380 1600 in
1415 1568 1608 1602 camera
1631 1553 1886 1617 papagalli,
1918 1555 2067 1604 Sanc-

300 1637 409 1684 titas
442 1652 552 1684 suas
591 1635 832 1683 mandavit
871 1635 989 1682 mihi
1029 1635 1157 1698 quod
1196 1635 1423 1699 episcopo
1453 1636 1702 1685 Sirmiensi
1739 1640 2066 1686 Romanorum

300 1719 425 1782 regis
452 1718 608 1782 primo
637 1718 813 1767 oratori
849 1718 1010 1766 locum
1041 1719 1205 1766 darem
1237 1718 1361 1767 inter
1392 1719 1689 1780 assistentes,
1728 1720 1857 1784 quod
1890 1719 2069 1769 ibidem

298 1800 520 1848 adstatim
555 1800 665 1848 feci.
711 1800 885 1847 Habuit
924 1805 1084 1849 autem
1119 1801 1214 1849 hoc
1247 1801 1499 1866 originem,
1540 1818 1598 1850 eo
1638 1801 1767 1865 quod
1812 1800 2067 1864 episcopus

297 1883 631 1931 Lascurrensis
666 1887 827 1930 orator
861 1883 988 1946 regis
1022 1884 1221 1932 Francie
1262 1900 1370 1932 cum
1409 1884 1593 1948 prefato
1635 1883 1882 1933 Sirmiensi
1922 1900 2067 1948 super

297 1966 606 2030 precedentia
629 1966 922 2014 contendere
952 1983 1036 2015 seu
1061 1967 1219 2030 ipsum
1245 1968 1404 2031 potius
1425 1968 1687 2032 precedere
1708 1968 1912 2028 volebat,
1933 1985 2067 2017 asse-

300 2064 410 2097 rens
433 2065 598 2112 regem
620 2049 818 2097 Francie
840 2049 1047 2112 primum
1068 2065 1233 2113 regem
1256 2051 1706 2099 christianissimum
1727 2055 1774 2100 et
1793 2050 2068 2116 imperatori

299 2136 501 2191 tantum,
535 2148 632 2179 non
662 2133 797 2180 alteri
838 2132 1011 2180 cedere
1046 2136 1285 2197 oportere,
1322 2149 1417 2181 non
1457 2133 1710 2183 attendens
1743 2137 2068 2182 Romanorum

298 2231 462 2278 regem
501 2215 712 2263 futurum
751 2215 1112 2279 imperatorem,
1164 2216 1386 2265 eamdem
1424 2217 1606 2266 habere
1642 2216 1922 2280 dignitatem
1958 2231 2069 2265 cum

298 2299 586 2362 imperatore
614 2299 838 2362 ipsosque
860 2299 1027 2347 ambos
1049 2299 1251 2364 imperio
1272 2300 1516 2364 presidere
1541 2305 1588 2349 et
1619 2300 1825 2349 censeri.
1852 2290 1984 2348 Unus
2005 2299 2068 2348 ob

296 2381 574 2444 hujusmodi
596 2381 931 2429 altercationes
954 2387 1139 2430 tantum
1158 2383 1447 2431 amovendas
1463 2384 1602 2432 datus
1622 2383 1709 2432 suit
1727 2383 1864 2431 locus
1883 2383 2067 2446 prefato

297 2463 545 2511 Sirmiensi
571 2464 696 2512 inter
715 2465 994 2513 assistentes
1015 2466 1250 2529 pontifici.

362 2545 628 2607 Dominica,
656 2550 716 2593 24
736 2547 976 2606 februarii,
1002 2548 1157 2611 prima
1177 2549 1419 2597 dominica
1441 2548 1825 2612 quadragesime,
1851 2552 1907 2597 R.
1930 2553 1981 2598 P.
2005 2553 2062 2598 D.

295 2632 466 2677 Petrus
488 2632 810 2680 Messanensis
833 2631 1244 2695 archiepiscopus,
1271 2634 1356 2680 SS.
1394 2635 1450 2679 D.
1487 2632 1643 2680 Nostri
1665 2632 1913 2692 assistens,
1936 2633 2066 2681 cele-

294 2712 446 2761 bravit
474 2714 522 2761 in
551 2715 733 2778 capella
759 2715 941 2779 majore
966 2718 1123 2778 ‘Pape3
1152 2715 1268 2762 dixit
1301 2714 1512 2778 quinque
1538 2715 1795 2775 orationeS,
1820 2730 1876 2763 ac
1906 2714 2066 2764 omnia

293 2795 387 2843 alia
408 2797 659 2845 observata
680 2802 790 2845 sunt
810 2813 944 2845 more
964 2797 1119 2846 solito,
1144 2799 1429 2846 Sermonem
1452 2797 1565 2847 fecit
1585 2802 1868 2862 procurator
1888 2797 2066 2847 ordinis

295 2894 333 2926 s,
355 2879 608 2928 Dominici.

366 2964 631 3023 Dominica,
659 2968 685 3011 2
710 2964 886 3023 martii,
911 2963 1121 3012 secunda
1149 2963 1532 3026 quadragesime,
1564 2967 1618 3012 R.
1648 2964 1698 3012 in
1716 2964 1903 3014 Christo
1926 2968 1977 3014 P.
2002 2966 2059 3014 D.

297 3050 442 3095 Ursus
473 3047 531 3093 de
566 3046 765 3105 Ursinis,
801 3045 1054 3109 episcopus
1085 3045 1344 3094 Theatinus
1379 3047 1462 3093 SS.
1489 3049 1546 3093 D.
1577 3048 1634 3094 N.
1663 3049 1788 3110 Pape
1814 3047 2060 3107 assistens,

262 3133 274 3147 '
294 3129 550 3178 celebravit
576 3129 624 3176 in
645 3129 827 3192 capella
851 3130 1034 3192 majore
1064 3128 1245 3192 palatii,
1279 3130 1407 3191 Papa
1430 3133 1654 3191 presente
1677 3145 1686 3176 :
1711 3129 1826 3176 dixit
1852 3129 2062 3192 quinque

293 3213 534 3260 orationes
554 3216 600 3260 et
621 3212 712 3260 alia
731 3228 864 3260 more
896 3212 1035 3260 solito
1064 3215 1174 3259 sunt
1207 3211 1473 3259 observata.
1507 3213 1791 3261 Sermonem
1823 3212 1938 3261 fecit
1954 3227 2062 3276 pro-

293 3300 484 3344 curator
504 3295 683 3344 ordinis
705 3311 744 3343 s.
770 3295 1032 3343 Francisci.

358 3379 624 3437 Dominica,
650 3381 676 3427 9
706 3378 883 3437 martii,
916 3378 1057 3427 tertia
1088 3376 1472 3441 quadragesime,
1507 3379 1560 3425 R.
1596 3376 1645 3425 in
1677 3376 1864 3426 Christo
1895 3377 1949 3426 P.
1984 3378 2048 3424 D.
