2262 3958
350 323 399 359 42
959 319 1191 356 JOHANNIS
1226 319 1520 365 BURCHARDI,
1902 321 2008 363 [Αοὺι
2027 322 2117 365 1484]

348 423 523 472 forent.
549 421 756 471 Remitto
787 435 979 483 quoque
1010 420 1078 469 eis
1109 425 1156 469 et
1186 435 1354 469 eorum
1385 420 1596 480 cuilibet,
1627 436 1797 470 omnes
1828 425 1875 470 et
1904 421 2117 486 singulos

351 507 534 555 fructus
555 521 641 570 per
662 521 744 554 eos
766 505 928 552 forsan
953 520 1011 553 ex
1031 503 1265 563 ecclesiiS,
1290 504 1594 553 monasteriis
1614 509 1660 553 et
1686 505 1935 554 beneficiis
1959 505 2118 554 eccle-

352 590 553 638 siasticis
584 588 997 652 qualitercumque
1027 603 1179 651 usque
1209 587 1257 634 in
1288 587 1433 636 hodie
1463 588 1588 636 male
1625 573 1901 652 perceptos,
1938 604 2118 652 eosque

351 678 398 722 et
424 672 686 737 quemlibet
706 686 874 720 eorum
899 671 960 719 ad
982 671 1236 735 pristinum
1263 671 1536 720 innocentie
1564 675 1757 732 statum,
1786 672 1833 721 in
1862 688 1958 736 quo
1985 677 2122 721 erant

350 762 567 821 tempore
596 754 924 804 concessionis
955 755 1078 803 sacri
1102 755 1420 818 baptismatis,
1450 755 1662 819 plenarie
1694 755 1911 815 restituo,
1940 770 2122 820 repono

351 844 398 888 et
426 840 686 903 reintegro.
722 841 779 887 Et
817 839 856 887 si
896 838 977 902 qui
1018 853 1187 887 eorum
1228 839 1412 897 forent,
1453 839 1533 901 qui
1575 838 1826 902 specialius
1865 838 2043 887 absolvi
2078 842 2126 887 et

351 939 518 972 secum
543 922 808 987 dispensari
842 922 1029 985 aliaque
1061 922 1298 986 premissa
1333 922 1455 983 fieri,
1489 923 1646 970 forsan
1683 921 1847 984 quovis
1879 926 2121 986 respectu,

350 1006 698 1065 desiderarent,
723 1006 918 1054 cuilibet
939 1021 1105 1054 eorum
1132 1006 1367 1065 conced0‚
1389 1010 1441 1054 ut
1458 1006 1708 1054 confessor
1727 1005 1948 1065 idoneuS,
1979 1020 2124 1068 quem

353 1090 541 1138 duxerit
589 1089 864 1153 eligendum
917 1089 1171 1154 presbyter
1222 1088 1450 1137 secularis
1497 1088 1571 1137 vel
1621 1087 1875 1151 religiosus
1919 1088 2131 1152 cujusvis

356 1173 552 1233 ordinis,
585 1172 728 1221 etiam
768 1172 1164 1231 mendicantium,
1215 1188 1331 1236 erga
1360 1187 1617 1236 personam
1662 1171 1881 1235 eligentis
1916 1171 1966 1218 in
1994 1171 2131 1219 inno-

352 1256 506 1304 vanda
531 1255 851 1316 absolutione,
880 1255 1257 1319 dispensatione,
1289 1255 1549 1303 abolitione
1574 1259 1621 1303 et
1647 1254 1948 1303 restitutione
1973 1253 2130 1318 predi-

351 1339 454 1397 ctis,
507 1339 651 1388 etiam
690 1338 969 1387 criminibus
1019 1343 1066 1387 et
1121 1339 1337 1386 censuris
1375 1337 1681 1402 specificatis,
1722 1338 1891 1386 eadem
1929 1352 2126 1401 prorsus

353 1422 632 1486 plenissima
668 1426 714 1471 et
752 1422 971 1470 absoluta
1007 1426 1248 1485 potestate
1290 1426 1338 1470 et
1379 1421 1670 1469 authoritate
1719 1421 1997 1484 fungantur,
2031 1435 2127 1483 qua

351 1506 525 1568 fungor
559 1521 668 1569 ego,
702 1510 755 1553 ut
787 1505 959 1554 Christi
989 1505 1192 1553 vicarius
1225 1504 1448 1566 Petrique
1482 1518 1751 1562 successor,
1788 1502 1908 1551 nihil
1933 1502 2128 1567 penitus

352 1587 401 1634 in
422 1588 516 1637 hoc
535 1590 824 1638 reservando
845 1588 927 1654 (l).

420 1676 557 1732 Item,
587 1687 698 1721 cum
729 1672 914 1720 romani
938 1671 1190 1735 pontifices
1218 1675 1328 1735 post
1352 1671 1519 1730 editaS,
1548 1669 1597 1717 in
1624 1669 1887 1718 crastinum
1913 1685 2130 1734 assump-

355 1757 496 1804 tionis
526 1771 710 1815 eorum,
739 1755 932 1817 regulas
965 1759 1014 1803 et
1045 1755 1412 1802 constitutiones
1442 1754 1492 1800 in
1520 1767 1723 1815 quarum
1753 1751 1963 1800 editione
1989 1752 2127 1801 adhi-

352 1839 452 1887 beri
478 1843 835 1886 consueverunt
859 1840 1127 1900 opportune
1155 1835 1397 1899 diligentie
1426 1839 1473 1883 et
1497 1835 1804 1896 intervenire,
1828 1836 2047 1884 nonnulli
2069 1836 2128 1885 de

355 1922 536 1971 eisdem
582 1921 904 1969 cardinalibus
955 1924 1002 1968 et
1048 1919 1150 1967 aliis
1209 1934 1410 1967 romane
1456 1918 1588 1966 curie
1629 1918 1914 1966 officialibus
1952 1933 2040 1980 per
2078 1934 2132 1967 se

354 2005 690 2054 consueverint
733 2003 875 2051 edere
928 2003 1044 2050 alias
1089 2002 1277 2065 regulas
1327 2006 1375 2049 et
1416 2001 1800 2060 constitutiones,
1846 1999 2130 2064 in'quarum

355 2089 564 2137 editione
596 2102 803 2151 persepe
843 2090 976 2134 tanta
1008 2090 1232 2134 accurata
1263 2071 1510 2148 diligentia
1538 2100 1636 2132 non
1666 2084 1936 2143 adhibetur,
1962 2100 2126 2143 voveo,

349 2173 459 2235 juro
497 2176 544 2219 et
576 2163 802 2234 promitto
836 2170 884 2216 in
919 2170 1017 2228 his,
1055 2184 1147 2231 que
1176 2184 1263 2232 per
1295 2183 1372 2216 me
1412 2167 1492 2216 edi
1528 2168 1796 2231 continget,
1829 2168 2054 2216 clausulis
2084 2172 2132 2216 et

354 2254 771 2304 constitutionibus
807 2257 918 2316 post
947 2252 1151 2316 primam
1184 2251 1446 2299 editionem,
1484 2251 1673 2298 solitam
1706 2267 1953 2314 nunquam
1982 2251 2132 2300 cardi-

354 2338 488 2385 nales
516 2336 782 2394 includere,
810 2335 901 2382 nisi
929 2335 1007 2383 ille
1035 2334 1318 2382 eorumdem
1346 2333 1662 2383 cardinalium
1691 2334 1900 2382 favorem
1935 2345 2133 2383 concer-

355 2422 488 2478 nant,
507 2420 581 2469 vel
602 2420 679 2467 ille
701 2419 760 2467 de
785 2418 985 2466 consilio
1013 2417 1295 2466 eorumdem
1316 2416 1629 2464 cardinalium
1654 2431 1739 2464 seu
1761 2416 1957 2480 majoris
1978 2417 2130 2480 partis

355 2521 523 2554 eorum
569 2505 826 2553 ederentur
872 2502 946 2566 (de
998 2500 1127 2563 quod
1173 2503 1360 2548 constet
1402 2515 1490 2562 per
1532 2499 1932 2561 subscriptionem
1983 2499 2128 2547 trium

353 2590 566 2654 priorum
592 2588 814 2636 ordinum
845 2584 1129 2634 eorumdem
1158 2584 1206 2631 in
1234 2582 1578 2631 constitutione
1610 2586 1657 2629 et
1690 2581 1858 2645 regula
1889 2581 1958 2628 sic
1988 2579 2130 2646 edita)

354 2678 402 2722 et
425 2673 486 2721 ad
506 2669 844 2720 cancellariam
874 2667 1189 2732 apostolicam
1216 2665 1420 2729 legende
1456 2664 1896 2712 transmitterentur
1923 2680 1932 2712 :
1963 2663 2012 2711 in
2037 2664 2131 2712 hoc

401 2805 434 2841 1.
464 2817 483 2838 <c
503 2801 597 2839 Mais
616 2801 660 2837 de
679 2804 762 2838 tous
780 2800 833 2836 les
854 2798 1010 2843 articles,
1027 2798 1058 2834 le
1078 2797 1159 2845 plus
1175 2796 1347 2845 singulier
1365 2797 1561 2844 peut-atre,
1584 2797 1639 2831 est
1655 2792 1746 2829 celui
1760 2804 1826 2841 par
1850 2792 1968 2842 lequel
1981 2793 2015 2830 le
2030 2793 2131 2841 Pape

353 2865 452 2901 futur
471 2860 654 2899 accordoit
679 2860 852 2896 d'avance
877 2861 899 2895 a
919 2863 1001 2895 tous
1030 2857 1084 2895 les
1111 2858 1320 2895 Cardinaux
1351 2858 1528 2894 electeurs
1560 2854 1791 2892 l’absolution
1818 2855 1967 2900 entiere,
1988 2858 2025 2892 et
2043 2865 2130 2891 sans

354 2933 511 2967 reservo,
532 2922 578 2958 de
602 2925 686 2958 tous
700 2919 752 2956 les
772 2919 902 2955 crimes
919 2918 1025 2966 qu'ils
1045 2918 1254 2966 pourroient
1273 2917 1372 2954 avoir
1392 2916 1562 2960 commis,
1579 2915 1695 2963 quelle
1716 2914 1823 2963 qu’en
1842 2914 1897 2950 fut
1915 2913 2129 2959 Panormita,

354 2987 389 3019 et
407 2981 531 3031 quand
548 2981 591 3017 ils
614 2979 772 3017 seroient
791 2978 836 3015 de
858 2983 988 3014 nature
1018 2980 1040 3013 a
1064 2988 1109 3013 ne
1126 2977 1276 3025 pouvoir
1295 2980 1368 3013 etre
1389 2976 1595 3024 pardonnes
1616 2974 1785 3022 qu'apres
1810 2984 1880 3009 une
1902 2971 2130 3009 enonciation

354 3051 541 3089 expresse.
568 3040 646 3077 Une
671 3037 819 3087 pai-cille
838 3047 1024 3085 promesse
1056 3036 1223 3073 sembloit
1251 3035 1415 3072 contenir
1447 3045 1517 3070 une
1544 3044 1635 3070 aveu
1657 3032 1766 3069 tacite
1786 3034 1822 3068 et
1843 3042 1915 3079 peu
1934 3029 2130 3066 honorable

355 3103 402 3137 ‹lu
423 3101 550 3138 besoin
570 3098 676 3148 qu'ils
696 3097 881 3146 croyoient
900 3107 945 3132 en
963 3095 1074 3132 avoir.
1095 3117 1142 3123 —
1158 3095 1223 3131 Cet
1242 3094 1366 3131 article
1391 3105 1436 3130 ne
1455 3105 1495 3130 se
1513 3096 1640 3129 trouve
1660 3091 1764 3139 point
1782 3090 1875 3127 dans
1895 3090 1949 3126 les
1966 3089 2128 3126 Annales

356 3161 399 3196 de
430 3158 628 3208 Raynaldi.
655 3173 673 3192 »
706 3178 752 3184 -—
778 3157 830 3193 De
853 3155 1065 3203 Brequigny
1092 3154 1239 3201 (Notice
1265 3154 1318 3188 du
1341 3151 1513 3189 Journal
1539 3152 1586 3186 de
1612 3150 1832 3194 Burchard,
1867 3149 1959 3185 dans
1990 3149 2023 3185 le
2051 3153 2079 3185 t.
2100 3148 2130 3191 1,

355 3231 391 3266 p.
412 3219 471 3263 74,
499 3219 565 3254 des
587 3228 596 3253 ε
620 3232 638 3251 «
671 3215 817 3253 Notices
848 3218 884 3251 et
920 3213 1079 3250 Extraits
1117 3212 1181 3248 des
1213 3212 1433 3247 manuscrits
1459 3210 1504 3246 de
1534 3208 1570 3245 la
1601 3208 1852 3255 Bibliotheque
1873 3208 1922 3244 du
1941 3206 2026 3245 Roi.
2047 3220 2067 3243 »
2085 3227 2131 3235 -

357 3277 473 3322 raris,
494 3277 613 3323 1787).

403 3336 494 3373 Bien
523 3347 594 3384 que
627 3336 678 3372 M.
701 3332 907 3372 Gennarelli
932 3332 1082 3369 observe
1107 3334 1182 3368 tres
1194 3330 1395 3379 justement
1415 3340 1485 3377 que
1507 3328 1653 3377 pareille
1677 3328 1786 3364 chose
1811 3339 1849 3364 se
1868 3325 2089 3365 renouvelait
2108 3328 2130 3363 a

356 3397 497 3444 chaque
517 3394 687 3431 conclave
710 3396 807 3442 (voy.
824 3393 910 3429 Joh.
934 3392 1078 3429 Burch.
1094 3391 1224 3436 Diem,
1245 3401 1286 3438 p.
1311 3390 1372 3434 22,
1393 3393 1471 3425 not.
1493 3390 1530 3435 2,
1550 3387 1739 3433 Florentia}
1754 3387 1877 3435 1854),
1894 3387 1928 3423 la
1941 3396 2127 3433 remarque

357 3455 401 3490 de
426 3454 481 3492 M.
500 3454 545 3490 de
559 3453 771 3502 Brequigny
789 3463 964 3490 conserve
983 3455 1084 3489 toute
1105 3462 1146 3488 sa
1163 3450 1289 3487 valeur
1308 3449 1457 3486 morale.
