2262 3958
171 299 360 340 [Ma'11486]
613 296 782 333 RERUM
818 295 879 332 UR
889 295 1121 332 BANARUM
1156 294 1507 334 COMMENTARH.
1887 302 1957 336 203

238 401 379 452 Feria
397 400 581 465 quinta,
607 390 666 448 25
690 400 821 459 maii,
846 400 1020 449 festum
1050 400 1362 448 sacratissimi
1388 400 1607 465 corporis
1630 401 1805 450 Christi
1828 402 1958 451 circa

170 487 344 536 horam
376 484 634 544 decimam,
672 484 866 547 incepta
893 483 983 531 fuit
1021 484 1270 547 processio
1297 500 1306 532 :
1340 485 1496 532 clerus
1532 484 1670 534 Urbis
1698 487 1951 551 precessit,

172 569 300 618 inter
329 584 451 633 quos
481 568 675 616 ultimus
705 567 792 615 fuit
822 567 977 615 clerus
1006 583 1045 614 s.
1082 566 1207 615 Petri
1241 567 1300 616 de
1334 568 1562 617 mandato
1603 572 1747 634 Pape,
1778 570 1952 620 deiude

172 652 408 702 officiales
435 668 635 702 romane
664 651 815 710 curie,
848 654 993 714 prout
1027 667 1173 714 supra
1202 651 1290 699 fuit
1322 652 1613 702 ordinatum.
1648 656 1793 719 Papa,
1830 655 1956 705 facta

171 737 221 786 in
263 753 408 802 parva
445 737 629 801 capella
674 735 890 785 oratione
929 734 979 781 in
1019 734 1286 783 faldistorio
1333 737 1537 786 surrexit
1577 754 1589 785 ε
1629 743 1843 788 amotum
1883 743 1956 788 est

173 820 515 880 faldistorium;
543 823 673 883 Papa
690 822 821 866 stans
835 816 1066 882 imposuit
1087 817 1360 879 incensum,
1386 822 1667 884 genuflexus
1689 822 1957 872 incensavit

173 910 532 955 sacramentum
558 907 633 952 ter
660 902 844 952 ducens
869 901 1169 950 thuribulum
1198 919 1208 951 :
1234 902 1460 968 imposita
1491 905 1581 953 sibi
1608 905 1694 953 fuit
1721 922 1810 970 per
1834 907 1956 955 duos

171 991 401 1040 diaconos
446 987 729 1037 assistentes
777 985 1003 1050 mappula
1051 987 1252 1051 pulchra
1300 988 1361 1036 ad
1406 987 1602 1050 collum,
1659 990 1865 1040 surrexit
1911 995 1955 1040 et

171 1073 378 1124 accessit
398 1073 459 1122 ad
482 1072 632 1121 altare
661 1086 774 1120 cum
802 1070 895 1119 alia
920 1086 1067 1137 parva
1092 1071 1338 1135 mappula,
1367 1072 1555 1136 accepit
1589 1073 1956 1123 tabernaculum

170 1175 260 1224 per
307 1158 483 1224 pedem
516 1173 627 1207 cum
675 1160 983 1207 sacramento
1018 1160 1084 1217 et,
1134 1156 1328 1204 detecto
1375 1156 1551 1221 capite,
1594 1159 1800 1222 portavit
1839 1159 1958 1208 citra

169 1259 364 1308 parvam
386 1243 621 1308 capellam
638 1242 906 1308 predictam
922 1258 931 1301 ;
950 1241 1130 1290 ibidem
1150 1240 1273 1289 sedit
1289 1239 1337 1287 in
1354 1240 1522 1290 sedem
1541 1242 1628 1290 sub
1646 1242 1953 1304 baldachin0‚

172 1332 222 1377 et
261 1331 464 1391 accepto
503 1327 660 1375 bireto
700 1330 886 1375 tantum
924 1325 1131 1390 portavit
1161 1341 1315 1390 usque
1350 1328 1410 1375 ad
1443 1327 1628 1376 curiam
1662 1328 1841 1392 palatii,
1876 1330 1956 1378 ubi

171 1416 373 1476 accepta
392 1411 534 1459 mitra
553 1410 792 1475 preciosa,
810 1408 1017 1473 portavit
1043 1425 1131 1473 per
1156 1413 1306 1458 totam
1334 1411 1698 1475 processionem
1726 1412 1786 1460 ad
1807 1413 1955 1461 altare

171 1495 367 1544 basilice
391 1511 429 1543 5.
463 1495 607 1543 Petri.
642 1494 895 1543 Processio
922 1493 1051 1542 facta
1077 1498 1151 1543 est
1180 1511 1267 1558 per
1297 1495 1420 1543 viam
1443 1498 1623 1544 Novam
1655 1497 1713 1545 ad
1745 1501 1956 1546 castrum

172 1565 221 1627 5.ι
248 1579 439 1644 Angeli‚
473 1578 647 1628 deinde
680 1595 768 1643 per
801 1581 1027 1627 Sanctam
1049 1578 1110 1627 ad
1138 1579 1384 1628 basilicam
1411 1579 1679 1643 predictam
1711 1580 1791 1628 ubi
1830 1583 1958 1645 Papa

171 1663 396 1728 deposuit
429 1667 787 1712 sacramentum
827 1679 974 1727 super
1005 1663 1192 1711 altare:
1219 1667 1369 1723 stanS,
1408 1663 1637 1727 imposuit
1675 1664 1951 1724 incensum3

171 1746 458 1811 genuflexus
493 1746 758 1795 incensavit
791 1751 1168 1806 sacramentum,
1221 1746 1336 1794 dixit
1378 1747 1553 1796 deinde
1597 1748 1956 1797 confessionem

170 1834 219 1880 et
249 1829 343 1880 alia
371 1845 507 1878 more
540 1829 680 1878 solito
703 1835 813 1878 sunt
843 1831 1113 1879 observata.
1157 1831 1354 1879 Missam
1388 1830 1648 1879 celebravit
1688 1834 1855 1880 Rmus.
1897 1834 1953 1881 D.

169 1914 426 1969 cardinalis
445 1931 487 1964 s.
511 1914 773 1964 Clementis
807 1915 887 1978 qui
915 1930 1014 1964 non
1041 1915 1171 1964 venit
1192 1916 1253 1964 ad
1279 1915 1673 1980 processionem3
1700 1917 1803 1978 sed,
1830 1920 1959 1983 Papa

169 1999 497 2050 descendente
519 2015 630 2048 cum
661 2002 965 2048 sacramento
994 1999 1054 2049 de
1075 1999 1271 2064 palatiO,
1302 2000 1554 2049 descendit
1578 2000 1681 2065 ipse
1713 2001 1772 2049 ad
1792 2002 1959 2050 basili-

170 2101 278 2135 cam
310 2084 391 2133 uhi
426 2084 612 2148 accepit
641 2087 928 2148 paramenta
960 2100 1047 2148 pro
1078 2084 1228 2132 missa
1263 2084 1484 2133 dicenda.
1522 2087 1627 2133 Non
1660 2085 1746 2134 fuit
1774 2101 1954 2134 sermo.

171 2168 327 2230 Finita
345 2167 512 2227 missa,
537 2170 666 2232 Papa
684 2166 815 2216 dedit
834 2166 1186 2231 indulgentiam
1208 2171 1395 2232 septem
1422 2183 1661 2216 annorum
1690 2172 1735 2217 et
1758 2170 1956 2219 totidem

170 2252 591 2318 quadragenarum
606 2267 752 2315 quam
764 2250 1098 2316 pronunciavit
1110 2250 1356 2315 predictus
1372 2251 1628 2300 cardinalis
1645 2269 1683 2301 s.
1698 2253 1956 2303 Clementis

174 2337 443 2387 celebrans.

236 2421 376 2472 Feria
390 2425 543 2481 sexta,
570 2424 630 2469 26
660 2419 792 2481 maii,
826 2419 913 2467 fuit
943 2419 1188 2484 publicum
1221 2421 1564 2470 consistorium
1590 2422 1639 2470 in
1669 2422 1824 2487 prima
1851 2423 1958 2472 aula

170 2506 333 2572 palatii
363 2505 615 2570 apostolici
655 2504 784 2569 apud
812 2521 852 2552 s.
887 2507 1100 2565 Petrum,
1135 2504 1183 2552 in
1210 2520 1306 2568 quo
1337 2507 1393 2554 D.
1420 2506 1666 2554 Johannes
1695 2511 1742 2555 et
1770 2508 1957 2572 collega

170 2606 306 2651 suus,
333 2594 551 2638 oratores
579 2588 707 2653 regis
730 2588 946 2648 Polonie,
983 2592 1261 2652 prestarunt
1292 2589 1487 2638 nomine
1519 2591 1647 2653 regis
1679 2591 1752 2639 sui
1784 2593 1868 2640 SS.
1895 2595 1952 2641 D.

170 2675 227 2722 N.
265 2687 390 2736 pape
427 2671 755 2721 obedientiam
795 2671 1025 2731 debitam,
1071 2676 1345 2722 asserentes
1392 2674 1714 2734 Kazimirum,
1760 2675 1957 2723 Polonie

170 2771 355 2821 regem,
395 2755 614 2820 profiteri
654 2757 993 2806 Innocentium
1033 2763 1252 2809 octavum
1298 2774 1464 2807 verum
1510 2759 1684 2808 Christi
1725 2759 1956 2807 vicarium

172 2855 508 2890 successorem
529 2839 678 2888 Petri.
704 2840 982 2889 Orationem
1002 2842 1116 2891 fecit
1130 2842 1374 2907 predictus
1389 2845 1444 2891 D.
1462 2844 1708 2892 Johannes
1728 2843 1775 2890 in
1793 2844 1956 2890 habitu

171 2924 402 2984 clericali,
437 2939 536 2972 non
572 2923 761 2988 prelati,
795 2939 907 2972 cum
938 2924 1111 2973 electio
1139 2926 1332 2990 capituli
1359 2943 1458 2975 non
1492 2927 1573 2976 det
1599 2927 1838 2985 habitum,
1871 2927 1956 2974 sed

175 3007 348 3056 electio
369 3010 730 3074 Papa-tantum,
755 3009 804 3057 iu
818 3009 987 3058 habitu
1004 3010 1148 3060 etiam
1165 3011 1374 3059 clericali
1390 3014 1593 3071 tantum,
1616 3011 1727 3059 utin
1751 3011 1955 3059 adventu

176 3107 262 3139 suo
293 3091 471 3141 Urbem
501 3092 709 3142 intravit.
743 3093 898 3142 Finito
925 3093 1117 3158 publico
1146 3094 1450 3155 consistorio,
1483 3094 1753 3143 cardinales
1784 3109 1954 3142 omnes

174 3181 484 3226 accesserunt
510 3178 571 3226 ad
590 3178 871 3243 pontificem
905 3178 984 3242 qui
1018 3178 1196 3227 ibidem
1218 3177 1460 3237 adstatim,
1493 3178 1553 3227 de
1575 3177 1775 3226 consilio
1798 3178 1955 3226 cardi-

171 3261 371 3322 nalium,
395 3262 726 3325 pronunciavit
752 3267 941 3312 secrete
969 3267 1135 3311 tamen
1164 3262 1435 3326 predictum
1457 3264 1512 3309 D.
1539 3262 1809 3310 Johannem
1832 3261 1955 3311 elec-

173 3348 274 3393 tum
332 3344 722 3394 Premisliensem
766 3350 814 3395 et
860 3362 974 3396 eum
1020 3346 1225 3395 ecclesie
1274 3345 1599 3394 Premisliensi
1652 3345 1854 3409 prefecit
1904 3347 1952 3394 in

170 3428 451 3492 episcopum
489 3432 536 3477 et
565 3432 827 3492 pastorem,
877 3430 981 3493 ipso
1018 3430 1337 3494 personaliter
1371 3445 1535 3477 coram
1574 3445 1632 3478 eo
1663 3430 1947 3493 genutlexo;
