2262 3958
107 296 326 339 {Novembre
343 297 434 339 1485]
553 297 721 334 RERUM
755 297 1059 336 URBANARUM
1093 297 1444 335 COMMENTARII.
1827 298 1890 334 161

171 403 297 450 Crux
315 405 548 465 argentea
567 416 678 450 cum
698 417 785 450 suo
804 401 995 459 baculu,

172 483 453 533 Turibulum
473 499 585 533 cum
606 485 822 534 navicula
844 492 890 534 et
911 485 1176 551 cochleari,

169 568 266 616 Vas
286 582 410 631 aque
432 567 686 618 benedicte
704 585 816 618 cum
835 569 1127 632 aspersoriO,

175 652 374 715 Septem
395 651 688 701 candelabra
707 657 953 717 argentea,

164 733 358 784 Missale
381 736 782 800 evangelistarum
805 739 850 784 et
873 734 1188 798 epistolarum
1207 740 1255 783 et
1270 735 1393 784 liber
1417 735 1754 795 absolutionis,

171 817 508 867 Faldistorium
526 835 612 882 pro
628 819 922 868 celebrante.

170 903 240 950 De
261 901 679 951 domocardinalis
705 901 921 951 defuncti
952 903 1207 953 mittantur
1233 909 1442 968 quatuor
1473 904 1684 953 scabella
1710 904 1900 968 depicta

113 985 174 1035 de
194 1001 390 1036 camera
409 986 471 1035 ad
490 1003 530 1034 S.
554 985 798 1044 Sabinam.

175 1070 297 1118 Cera
316 1084 405 1133 pro
427 1069 503 1119 die
524 1069 682 1134 prima
701 1071 1017 1135 exequiarum
1039 1071 1305 1121 ordinanda
1327 1090 1335 1120 ε

174 1152 424 1202 lutorticia
459 1168 544 1202 sex
580 1152 812 1202 librarum
861 1155 1109 1219 quodlibet
1154 1172 1240 1221 pro
1291 1155 1614 1205 cardinalibus
1652 1160 1700 1206 et
1743 1154 1899 1215 altari,

115 1252 337 1287 numero.
413 1275 424 1286 .
501 1226 551 1286 .’
587 1275 1111 1289 .......
1197 1279 1205 1288 .
1282 1278 1291 1288 .
1382 1279 1391 1289 .
1476 1278 1485 1287 .
1560 1278 1569 1287 .
1648 1278 1657 1287 .
1729 1255 1904 1288 ,κχιι

170 1321 418 1372 lntorticia
438 1328 648 1387 quatuor
667 1323 896 1373 librarum
920 1325 1169 1389 quodlibet
1188 1341 1276 1390 pro
1295 1324 1519 1384 ecclesia,
1544 1339 1806 1373 numero...
1846 1340 1906 1371 Lx

176 1405 424 1456 Intorticia
444 1406 619 1456 similia
630 1423 777 1472 super
794 1413 1006 1458 castrum
1022 1409 1201 1458 doloris
1217 1414 1265 1459 et
1285 1410 1431 1471 circa,
1452 1425 1717 1459 numero...
1753 1425 1906 1474 xxmx

173 1490 425 1540 lutorticia
451 1490 626 1541 similia
654 1508 741 1557 pro
776 1493 1040 1558 sepultura,
1085 1494 1319 1554 sacristia,
1355 1497 1485 1559 Papa
1511 1497 1558 1543 et
1587 1497 1774 1553 orante,
1814 1509 1904 1541 nu-

114 1590 1904 1627 mero...................1111

174 1660 422 1713 lutorticia
447 1661 621 1711 similia
647 1662 742 1711 duo
767 1678 855 1727 pro
885 1662 1071 1727 capella
1099 1663 1405 1712 servientium
1441 1678 1704 1711 armorum.
1750 1701 1760 1710 .
1868 1675 1903 1710 11

177 1743 353 1795 Facule
375 1744 580 1793 duarum
602 1745 834 1794 librarum
861 1746 1076 1810 quelibet
1098 1762 1184 1811 pro
1205 1747 1476 1796 oratoribus
1496 1746 1659 1811 palatii
1681 1751 1728 1795 et
1746 1747 1907 1795 funes-

115 1828 192 1887 tis,
221 1843 445 1878 numero.
527 1865 536 1875 .
622 1867 1149 1878 .......
1239 1870 1248 1878 .
1327 1868 1337 1879 .
1410 1868 1418 1877 .
1495 1867 1504 1877 .
1576 1869 1585 1878 .
1659 1868 1668 1877 .
1751 1867 1760 1877 .
1825 1847 1909 1878 cct,

175 1911 352 1975 Facula
394 1912 534 1962 unius
566 1913 687 1964 libre
721 1915 934 1978 quelibet
969 1930 1056 1979 pro
1085 1914 1410 1975 cubiculariiS,
1449 1914 1739 1963 officialibus
1771 1931 1905 1974 xxix,

111 2010 317 2046 numero
355 2030 1059 2046 .........
1109 2004 1145 2044 ’.
1224 2036 1234 2046 .
1316 2037 1325 2045 .
1412 2036 1421 2045 .
1497 2035 1509 2045 .
1583 2035 1594 2047 .
1660 2035 1670 2046 .
1744 2036 1752 2045 .
1797 2014 1909 2046 cccc

131 2084 134 2087 ’
176 2079 355 2129 Facule
373 2080 531 2129 medie
550 2081 671 2129 libre
686 2096 773 2144 pro
793 2081 1075 2140 curialibus,
1098 2081 1386 2130 officialibus
1404 2098 1537 2142 xxm,
1557 2098 1777 2130 numero.
1798 2098 1910 2130 cccc

132 2167 135 2170 ’
177 2163 356 2212 Facule
377 2167 584 2227 quatuor
605 2164 856 2213 unciarum
874 2181 961 2229 pro
985 2170 1145 2213 castro
1169 2165 1350 2214 doloris
1370 2171 1418 2214 et
1438 2165 1783 2214 distribuende.
1840 2182 1909 2213 Mo

172 2246 383 2296 Candele
403 2263 546 2312 parve
566 2247 729 2312 viginti
746 2263 834 2311 pro
855 2247 976 2296 libra
997 2263 1083 2312 pro
1107 2248 1268 2296 missis
1289 2248 1444 2297 hassis
1465 2249 1586 2299 libre
1606 2250 1787 2315 viginti.
1843 2267 1911 2299 xx

173 2332 445 2396 Deputetur
461 2330 632 2395 aliquis
651 2331 776 2380 fidus
799 2331 880 2395 qui
902 2336 1063 2380 sumat
1084 2348 1247 2380 ceram
1270 2349 1357 2397 per
1373 2349 1633 2382 numerum
1655 2338 1702 2383 et
1720 2334 1910 2399 pondus

117 2413 178 2463 ab
212 2415 533 2475 aromatoriis,
574 2415 775 2479 singulis
813 2415 981 2464 diebus
1015 2415 1217 2480 recipiat
1254 2421 1301 2465 et
1341 2417 1401 2465 ad
1438 2418 1695 2466 ecclesiam
1731 2419 1911 2482 portari

116 2497 260 2548 saciat
281 2515 337 2547 ac
358 2498 537 2549 ibidem
559 2499 817 2559 custodiat,
850 2500 927 2548 cui
950 2499 1189 2549 addantur
1213 2506 1308 2550 tres
1330 2501 1409 2550 vel
1432 2507 1639 2565 quatuor
1658 2503 1913 2551 servitores

115 2582 196 2647 qui
224 2599 387 2633 ceram
407 2588 516 2649 post
543 2583 799 2649 magistros
828 2584 1218 2634 ceremoniarum
1248 2590 1461 2650 portent,
1490 2602 1578 2651 per
1605 2586 1711 2635 illos
1736 2603 1914 2652 oppor-.

117 2670 234 2716 tune
255 2666 652 2717 distribuendam.
1234 2656 1238 2660 ”

187 2749 447 2799 ordinetur
491 2756 539 2801 et
584 2751 633 2800 in
673 2751 879 2802 ecclesia
924 2769 964 2800 s,
1016 2751 1193 2801 Sabine
1241 2752 1402 2817 aliqua
1447 2755 1633 2819 capella
1676 2755 1748 2804 vel
1795 2755 1915 2804 alius

120 2834 259 2883 locus
299 2834 592 2884 conveniens
623 2839 671 2884 et
709 2835 845 2884 fortis
874 2836 918 2883 in
962 2852 1057 2900 quo
1101 2853 1215 2885 cera
1252 2837 1471 2902 predicta
1510 2838 1710 2903 singulis
1748 2840 1915 2888 diebus

111 2916 296 2982 ,reponi
333 2922 378 2967 et
413 2918 641 2967 custodiri
679 2919 848 2984 possit,
889 2919 1062 2968 exinde
1098 2921 1337 2984 portanda
1369 2925 1417 2970 et
1454 2928 1724 2987 opportune
1760 2922 1916 2971 distri-

124 3000 332 3050 buenda.
691 2993 696 2997 ’

194 3086 372 3136 Ultima
386 3086 463 3137 die
480 3087 745 3137 servabitur
759 3087 906 3147 idem,
925 3086 1084 3152 quoad
1098 3087 1376 3152 qualitatem
1390 3094 1436 3139 et
1451 3090 1767 3155 quantitatem
1785 3106 1914 3151 cere,

129 3174 276 3235 prout
298 3187 443 3236 supra
460 3171 511 3221 in
526 3172 683 3237 prima
703 3173 779 3222 die
803 3178 876 3222 est
896 3178 1132 3222 notatum.

196 3255 314 3303 ltem
336 3270 424 3318 pro
446 3256 666 3305 custodia
685 3273 795 3306 cere
819 3256 1093 3320 supradicte
1116 3256 1373 3321 deputatus
1397 3256 1526 3306 dabit
1543 3258 1699 3322 prima
1720 3257 1796 3308 die
1821 3259 1924 3308 offi-

130 3337 334 3388 cialibus
355 3338 671 3405 infrascriptis
696 3357 781 3391 seu
803 3356 972 3390 eorum
1001 3340 1302 3390 thesaurario
1330 3340 1402 3389 vel
1425 3341 1621 3390 officiali
1645 3343 1922 3408 inscriptam

131 3438 242 3472 cere
261 3423 578 3488 quantitatem
601 3441 611 3472 ε

321 3537 353 3561 τ.
377 3537 400 3561 1.
999 3518 1003 3522 ⁴
1690 3529 1728 3568 ss
