2262 3958
290 284 360 320 216
740 312 744 318 .
901 284 1134 322 JOHANNIS
1167 283 1462 331 BURCHARDI,
1788 282 1953 324 [octobre
1975 280 2066 324 1483]

287 386 522 435 memorie
546 385 799 434 cardinalis
819 384 1083 449 Agriensis.
1117 388 1207 434 Pro
1236 384 1391 449 prima
1417 385 1511 445 die,
1542 387 1707 433 RmuS.
1741 387 1795 433 P.
1827 387 1886 433 D.
1914 384 2068 433 cardi-

289 469 409 517 nalis
451 486 491 517 s.
532 469 790 517 Clementis
830 468 1087 517 celebravit
1135 467 1352 517 missam.
1390 467 1714 517 Interfuerunt
1751 467 1918 516 RRmi.
1963 470 2061 516 DD.

288 553 725 611 vicecancellarius,
750 552 1110 615 Neapolitanus,
1137 568 1176 600 s.
1202 551 1328 600 Petri
1352 552 1413 600 ad
1425 551 1647 610 Vincula,
1667 551 2061 611 Mediolanensis,

290 636 685 695 RechanatensiS‚
734 636 792 684 de
838 635 1125 696 Comitihus,
1179 636 1425 695 SenensiS,
1475 635 1692 695 Sabellis,
1742 636 1974 684 Columna
2015 639 2063 684 et

290 719 554 766 Ascanius:
582 718 853 767 intimatum
890 719 978 768 fuit
1019 736 1106 784 pro
1151 720 1272 767 hora
1308 719 1496 768 decima
1532 721 1726 781 quarta3
1765 717 1851 766 sed
1890 718 2060 782 prima,

290 801 417 850 circa
437 801 674 851 decimam
698 803 928 866 quintam,
955 802 1044 851 fuit
1064 803 1313 867 inceptum
1336 802 1567 851 officium.
1601 803 1905 861 Sermonem,
1931 800 2064 850 finita

287 885 449 945 missa,
497 885 612 933 fecit
665 888 723 933 D.
767 886 1148 935 Archidiaconus
1197 890 1449 944 Cremone,
1492 884 1765 949 capellanus
1805 884 2061 935 cardinalis

285 968 512 1023 defuncti,
537 971 584 1016 et
601 983 825 1017 sermone
847 969 1002 1030 finito,
1028 970 1334 1019 absolverunt
1350 985 1444 1018 una
1461 984 1570 1017 cum
1592 967 1870 1017 celebrante
1889 968 2057 1018 RRmi.

285 1053 385 1099 DD.
420 1051 839 1100 vicecancellarius
879 1057 927 1100 et
959 1054 1296 1118 Neapolitanus
1327 1051 1559 1117 episcopi,
1599 1051 1974 1101 Mediolanensis
2013 1055 2061 1100 et

284 1134 660 1183 Rechanatensis
678 1135 946 1199 presbyteri
965 1137 1232 1186 cardinales
1258 1154 1267 1185 :
1290 1136 1464 1185 banchi
1492 1152 1577 1201 pro
1605 1134 1797 1184 RRmis.
1829 1137 1928 1184 DD.
1951 1149 2058 1183 car-

284 1217 518 1265 dinalibus
548 1217 699 1280 parati
730 1217 919 1266 fuerunt
951 1235 1009 1267 ex
1035 1220 1211 1283 palatio
1236 1219 1517 1283 apostolico,
1542 1219 1607 1267 illi
1635 1218 1857 1267 videlicet
1885 1217 2058 1281 quibus

283 1305 478 1348 utuntur
504 1299 552 1347 in
579 1299 781 1363 publicis
807 1301 1122 1364 consistoriis,
1154 1308 1200 1351 et
1227 1303 1369 1367 positi
1395 1303 1508 1350 hinc
1537 1306 1582 1351 et
1610 1301 1720 1350 inde
1744 1303 1882 1365 juxta
1908 1300 2054 1349 altare

283 1384 437 1447 majus
466 1383 526 1431 ad
561 1398 724 1430 muros
762 1402 771 1431 ε
807 1389 1020 1433 oratores
1055 1390 1102 1434 et
1133 1386 1300 1450 prelati
1335 1386 1496 1434 locum
1527 1385 1799 1433 habuerunt
1829 1383 1879 1432 in
1907 1383 2055 1432 choro

283 1467 501 1515 fratrum.
528 1469 755 1515 Cantores
778 1467 972 1516 fuerunt
989 1473 1117 1517 retro
1133 1468 1279 1516 altare
1301 1468 1396 1532 maj
1405 1483 1481 1527 us,
1502 1467 1739 1531 pulpitum
1753 1481 1840 1530 pro
1862 1469 2055 1515 oraturo

281 1550 491 1614 positum
512 1549 597 1597 fuit
620 1554 754 1598 extra
768 1551 969 1599 chorum
990 1551 1302 1600 cardinalium
1324 1551 1454 1599 circa
1468 1551 1698 1614 angulum
1713 1551 1852 1615 juxta
1869 1549 2057 1598 cancel-

280 1632 378 1679 lum
401 1632 536 1696 juxta
560 1637 745 1696 gratam
777 1633 982 1682 ferream
1010 1635 1068 1682 ad
1096 1635 1313 1684 dextram
1341 1633 1578 1682 intrantis.
1609 1632 1712 1681 Alia
1738 1630 1899 1681 omnia
1917 1645 2053 1680 more

281 1715 420 1763 solito
440 1720 551 1764 sunt
576 1717 840 1765 observata.

346 1799 586 1849 Schedula
616 1816 725 1848 cere
760 1801 976 1850 ordinate
1010 1818 1097 1866 pro
1130 1803 1286 1867 prima
1318 1806 1365 1850 et
1389 1816 1524 1850 nona
1550 1800 1624 1848 die
1657 1818 1666 1848 :

345 1882 584 1931 intorticia
610 1899 693 1931 sex
717 1883 948 1933 librarum
984 1886 1228 1949 quodlibet
1253 1901 1339 1950 pro
1368 1881 1684 1933 cardinalibus
1713 1885 1760 1930 et
1789 1879 1925 1929 altari
1956 1879 2051 1929 sive

280 1963 542 2013 elevatione
568 1966 874 2026 sacramenti,
910 1983 1110 2016 numero
1169 2005 1178 2014 .
1254 2005 1264 2015 .
1341 2005 1350 2013 .
1427 2005 1436 2015 .
1515 1998 1524 2015 ὁ
1599 2004 1608 2012 .
1685 2003 1693 2012 .
1769 2003 1778 2013 .
1852 2003 1861 2013 .
1934 1981 2052 2014 xxiv

344 2047 583 2096 intorticia
615 2053 820 2111 quatuor
868 2049 1097 2099 librarum
1132 2052 1376 2114 quodlibet
1411 2064 1498 2114 pro
1544 2049 1748 2099 ecclesia
1791 2054 1838 2097 et
1870 2053 2046 2108 castre,

279 2145 482 2179 numero
513 2168 1870 2183 .................
1973 2147 2050 2180 cvi

344 2215 500 2264 facule
523 2215 662 2263 unius
683 2215 803 2264 libre
824 2231 911 2280 pro
933 2217 1253 2278 cubiculariis,
1284 2232 1487 2266 numero
1529 2254 1538 2264 .
1617 2253 1626 2263 .
1695 2253 1703 2263 .
1777 2254 1786 2263 .
1862 2253 1871 2262 .
1968 2230 2053 2264 ccc

338 2298 492 2347 facule
539 2299 743 2347 duarum
789 2299 1018 2349 librarum
1057 2317 1144 2365 pro
1179 2301 1465 2361 oratoribus,
1510 2299 1703 2364 prelatis
1743 2303 1791 2348 et
1827 2298 2045 2357 funestis,

278 2397 520 2430 numerO.
593 2419 603 2429 .
666 2420 675 2429 .
746 2420 754 2429 .
831 2420 840 2429 .
920 2421 929 2431 .
1009 2419 1870 2433 ...........
1993 2397 2049 2430 cc

343 2464 498 2513 facule
519 2464 676 2513 medie
700 2465 820 2514 libre
838 2481 925 2529 pro
947 2466 1184 2514 scutiferis
1209 2467 1536 2526 cardinalium,
1561 2481 1781 2515 numero,
1859 2505 1870 2515 .
1965 2482 2048 2515 ccc

340 2547 500 2596 ‘facule
517 2551 719 2610 quatuor
734 2547 984 2596 unciarum
1002 2565 1089 2612 pro
1111 2553 1266 2598 castro
1289 2553 1336 2597 et
1352 2536 1547 2613 populo}
1569 2564 1788 2597 numero.
1857 2585 1867 2596 .
1981 2563 2044 2596 Mv

342 2633 631 2679 Executores
665 2632 935 2679 testamenti
962 2632 1132 2695 prefati
1157 2631 1409 2680 cardinalis
1437 2631 1647 2680 defuncti
1675 2631 1869 2680 fuerunt
1896 2635 2046 2681 Reve-

278 2714 549 2762 rendissimi
573 2717 672 2763 DD.
697 2714 1112 2764 vicecancellarius
1141 2720 1189 2764 et
1216 2714 1448 2764 Antonius
1475 2714 1729 2764 cardinalis
1751 2719 1796 2764 et
1821 2717 1878 2764 D.
1905 2716 2046 2781 Aloy-

276 2797 372 2845 sius
394 2797 452 2845 de
470 2797 673 2857 Maffeis,
699 2797 903 2860 scriptor
924 2797 1233 2862 apostolicus.

343 2883 459 2929 Cum
484 2881 578 2930 hoc
605 2896 746 2929 mane
773 2883 936 2928 Rmus.
969 2882 1024 2927 D.
1047 2880 1300 2929 cardinalis
1317 2879 1735 2930 vicecancellarius
1754 2882 1962 2932 venisset
1981 2882 2044 2931 ad

275 2964 528 3013 ecclesiam
557 2964 757 3028 primuS,
788 2964 900 3027 quia
932 2968 1161 3012 executor
1191 2964 1303 3013 vidit
1336 2980 1468 3012 arma
1492 2965 1542 3012 in
1576 2964 1682 3013 telis
1712 2965 1910 3014 modica
1933 2981 2040 3015 esse

274 3047 490 3096 similiter
517 3051 564 3096 et
589 3047 831 3096 intorticia
850 3063 1002 3111 pauca
1029 3047 1238 3110 desuper
1255 3048 1430 3111 posita,
1452 3047 1599 3096 voluit
1619 3048 1747 3111 quod
1770 3048 1943 3097 fierent
1963 3050 2043 3098 ad-

268 3129 361 3178 huc
384 3129 475 3177 alia
495 3145 627 3180 arma
646 3129 695 3177 in
713 3129 819 3178 telis
838 3146 988 3194 usque
1012 3130 1071 3179 ad
1091 3130 1293 3178 chorum
1314 3130 1475 3178 altaris
1489 3130 1602 3179 hinc
1619 3134 1665 3179 et
1682 3131 1811 3190 inde,
1833 3136 1880 3180 et
1895 3147 2042 3196 super

270 3212 538 3260 cancellum
560 3212 768 3260 ferreum
790 3228 932 3276 super
952 3214 1097 3262 altare
1121 3213 1275 3277 majus
1290 3213 1673 3262 intransversum
1686 3230 1775 3278 per
1787 3215 2036 3275 chordam,

270 3293 335 3340 ita
355 3299 406 3341 ut
439 3298 590 3342 totum
611 3296 845 3358 quadrum
861 3296 1065 3345 ecclesie
1087 3299 1329 3354 ornarent,
1354 3297 1483 3358 quod
1502 3296 1682 3344 factum
1708 3302 1780 3345 est
1801 3313 1887 3360 pro
1909 3311 2037 3344 nona

270 3375 345 3423 die
369 3378 700 3439 exequiarum;
727 3382 774 3427 et
794 3379 905 3442 poni
928 3379 1039 3426 fecit
1070 3378 1304 3442 superilla
1325 3394 1458 3426 arma
1478 3379 1591 3427 hinc
1625 3383 1672 3426 et
1690 3379 1798 3426 inde
1817 3378 1937 3426 ultra
1959 3377 2039 3425 illa
