2262 3958
391 338 432 374 10
991 335 1223 373 JOHANNIS
1257 335 1551 379 BURCHARDI,
1943 338 2049 379 [Aout
2069 339 2158 382 1484]

387 455 530 504 supra
552 443 719 504 pectus
748 454 941 487 crucem
971 439 1154 485 habens
1188 437 1406 486 manibus
1435 438 1731 502 compositis,
1766 441 1991 490 defuncto
2023 458 2158 491 reve-

385 524 587 572 rentiam
622 523 908 587 profundam
939 521 1179 569 faciebant
1206 521 1575 580 cardinalarem3
1604 526 1703 570 tum
1735 523 1974 573 intrabant
2000 525 2156 573 aulam

383 622 606 670 magnam
627 621 776 669 prope
798 604 975 652 dictam
998 620 1257 663 cameram,
1282 621 1367 667 pro
1391 605 1532 652 rebus
1552 604 1826 654 ordinandis
1845 608 2050 656 locuturi
2072 608 2150 674 (1).

328 735 331 739 ,
447 693 708 753 Deputatus
736 688 823 735 fuit
851 687 1104 751 episcopus
1131 687 1375 751 Septensis
1410 688 1703 752 capitaneus,
1735 689 1830 744 sive
1865 692 2156 754 gubernator

381 772 598 838 Capitolii
622 789 631 832 ;
682 771 936 836 episcopus
983 770 1272 829 Cerviensis,
1325 771 1600 834 capitaneus
1639 775 1776 835 porte
1823 773 1984 836 palatii
2028 775 2152 839 apud

380 860 593 905 sanctum
635 858 862 913 Petru1n;
906 855 965 902 ad
1008 854 1215 918 singulas
1258 858 1419 917 portas
1460 855 1598 903 Urbis
1640 856 1849 920 deputati
1893 857 2151 921 scriptores

378 938 648 1004 apostolici,
691 938 912 996 curiales,
949 941 995 984 et
1029 936 1154 984 cives
1195 937 1379 984 romani
1412 937 1615 997 mixtim,
1657 939 2062 1005 commissumque
2101 946 2152 990 ut

378 1023 671 1072 scriberetur
697 1020 917 1068 omnibus
944 1019 1240 1085 principibus
1275 1024 1322 1068 et
1355 1020 1495 1068 terris
1529 1026 1576 1069 et
1607 1021 1892 1071 officialibus
1926 1025 1984 1071 de
2019 1024 2149 1072 obitu

375 1109 520 1170 Pape.
548 1104 769 1168 Deputati
798 1108 906 1152 sunt
936 1103 1053 1152 certi
1083 1103 1349 1152 cardinales
1370 1119 1457 1168 pro
1480 1104 1696 1153 custodia
1715 1105 1894 1169 palatii,
1920 1110 1967 1155 et
1987 1122 2147 1156 rerum

375 1187 698 1252 expeditione,
724 1202 814 1250 que
837 1189 1165 1234 occurrerent.

437 1276 550 1321 Post
571 1272 784 1336 quintam
804 1271 974 1318 horam
995 1270 1237 1317 Johannes
1258 1269 1408 1318 Maria
1431 1270 1588 1318 socius
1619 1286 1773 1331 meus,
1803 1271 1853 1319 in
1873 1272 2016 1320 domo
2037 1287 2147 1322 mea

371 1372 448 1404 me
472 1355 669 1415 vocavit,
699 1370 807 1403 cum
836 1369 929 1417 quo
957 1352 1062 1401 veni
1096 1353 1156 1401 ad
1187 1353 1414 1416 palatium
1447 1354 1714 1417 predictum
1741 1354 1802 1402 ad
1828 1354 2144 1406 ordinandum

370 1455 459 1502 que
489 1438 764 1487 necessaria
793 1441 928 1485 erant
948 1452 1034 1500 pro
1058 1436 1300 1500 sepultura
1326 1435 1561 1496 defuncti3
1593 1437 1676 1484 sed
1704 1441 1845 1486 antea
1866 1443 2057 1490 venerat
2083 1442 2143 1490 ad

368 1523 594 1586 palatium
625 1521 1050 1570 reverendissimus
1083 1518 1303 1567 dominus
1329 1519 1768 1580 vicecancellarius,
1799 1525 1863 1580 et,
1900 1537 1959 1570 ex
1983 1538 2139 1584 more,

368 1609 601 1669 stampam
622 1621 709 1668 pro
730 1603 965 1652 bullandis
981 1603 1131 1651 literis
1153 1602 1446 1667 apostolicis,
1470 1619 1647 1652 nomen
1665 1604 1907 1668 pontificis
1929 1605 2140 1656 defuncti

366 1689 710 1747 continentem,
744 1687 902 1750 fregit.
939 1686 1249 1750 Congregatis
1277 1685 1449 1734 deinde
1484 1687 1802 1735 cardinalibus
1830 1687 1876 1735 in
1898 1688 2006 1737 loco
2026 1705 2138 1754 pre-

365 1771 510 1830 dicto,
549 1772 826 1829 bullatores,
873 1785 1031 1828 nares,
1076 1785 1215 1817 aures
1253 1773 1300 1818 et
1341 1770 1609 1833 posteriora
1645 1769 1877 1829 defuncti,
1912 1771 2135 1819 bombice

363 1854 576 1902 balsamo
616 1854 842 1912 intincta,
885 1856 1253 1917 constuparunt,
1297 1868 1380 1911 ao,
1422 1852 1749 1916 adjuvantibus
1787 1852 2133 1916 penitentiariis

363 1936 614 1984 ordinariis
644 1935 841 1984 basilice
873 1935 1024 1983 sancti
1052 1934 1206 1994 Petri,
1231 1935 1308 1997 qui
1336 1935 1529 1982 interim
1557 1934 1771 1982 officium
1797 1935 2132 1985 defunctorum

361 2020 489 2068 circa
521 2019 799 2068 defunctum
828 2018 1044 2066 dixerant
1071 2017 1307 2065 submissa
1334 2033 1470 2076 voce,
1500 2017 1784 2081 intelligibili
1811 2022 1990 2078 tamen,
2021 2035 2130 2068 cum

359 2107 556 2167 coperta
574 2103 704 2162 lecti,
731 2107 777 2151 et
798 2103 1005 2166 quodam
1025 2117 1203 2166 panno,
1236 2100 1314 2164 qui
1343 2105 1451 2149 ante
1487 2105 1675 2165 portam
1702 2116 1893 2150 camere
1913 2102 2128 2166 predicte

355 2186 638 2250 pandiderat
668 2186 726 2234 de
759 2186 911 2244 lecto,
949 2189 996 2234 et
1029 2200 1220 2233 camera
1258 2184 1474 2249 predicta
1512 2184 1571 2232 ad
1610 2200 1852 2233 cameram
1893 2185 2126 2249 papagalli

354 2269 631 2318 inferiorem
650 2273 975 2333 portaverunt,
1000 2273 1047 2317 et
1068 2268 1247 2317 ibidem
1275 2268 1322 2315 in
1352 2267 1510 2316 medio
1534 2283 1675 2333 supra
1695 2282 1913 2316 mensam
1932 2266 2125 2333 longam

352 2353 529 2399 nudum
551 2356 828 2416 posuerunt,
855 2352 983 2400 circa
1002 2352 1172 2399 horam
1193 2352 1448 2400 decimam.
1471 2352 1631 2399 Abbas
1663 2351 1812 2399 sancti
1835 2350 2120 2410 Sebastiani,

351 2434 565 2494 sacrista,
589 2434 754 2482 habuit
773 2435 952 2483 lectum
975 2450 1083 2482 cum
1105 2434 1424 2493 fornimentis‚
1446 2435 1560 2482 licet
1589 2435 1648 2482 ad
1670 2433 1884 2481 officium
1904 2437 2120 2482 nostrum

347 2518 504 2581 potius
532 2518 811 2581 pertineret.
844 2517 948 2565 Alia
978 2517 1155 2576 omnia,
1185 2517 1535 2581 quamprimum
1562 2515 1816 2564 defunctus
1844 2531 1902 2564 ex
1929 2531 2121 2566 camera

319 2619 324 2623 ¹
346 2604 559 2664 portatus
581 2601 683 2659 fuit,
714 2600 855 2648 unico
882 2604 1147 2659 momento,
1179 2604 1230 2649 ut
1256 2599 1322 2648 ita
1347 2600 1521 2659 dicam,
1552 2599 1735 2647 sublata
1764 2602 1896 2658 sunt;
1921 2615 2032 2647 nam
2058 2600 2117 2648 ab

345 2684 424 2732 illa
455 2684 575 2731 hora
607 2684 673 2731 ad
698 2684 866 2731 horam
904 2673 1085 2730 sextam
1120 2699 1290 2746 usque,
1324 2683 1453 2730 omni
1485 2682 1728 2747 diligentia
1753 2700 1840 2749 per
1864 2699 1942 2732 me
1970 2682 2112 2743 facta,

343 2783 441 2815 non
468 2766 600 2830 potui
627 2766 805 2814 habere
833 2781 981 2814 unum
1007 2766 1229 2824 bacilem,
1261 2782 1405 2813 unum
1426 2767 1677 2826 lintheum,
1706 2768 1780 2816 vel
1801 2767 1993 2831 aliquod
2012 2783 2110 2826 vas,

342 2850 391 2897 in
414 2866 508 2913 quo
530 2849 689 2896 vinum
721 2853 765 2897 et
794 2866 915 2912 aqua
942 2866 1050 2896 cum
1077 2849 1239 2897 herbis
1269 2849 1518 2898 odoriferis
1546 2867 1632 2914 pro
1658 2851 1862 2899 lavando
1884 2850 2110 2898 defuncto
2138 2854 2140 2857 ’

344 2933 659 2991 ordinaretur,
698 2948 853 2995 neque
887 2932 1109 2990 brachas,
1146 2936 1192 2980 et
1226 2932 1471 2980 camisiam
1507 2934 1733 2981 mundam
1765 2949 1852 2997 pro
1886 2932 2108 2980 defuncto

341 3015 600 3074 induendo,
641 3015 754 3063 licet
793 3014 970 3078 pluries
1021 3015 1116 3063 hoc
1155 3031 1182 3062 a
1216 3015 1454 3063 cardinale
1499 3015 1763 3073 Parmensi,
1798 3019 1939 3063 Petro
1978 3018 2107 3063 Man-

342 3103 504 3158 tuano,
526 3098 720 3146 domino
741 3098 995 3158 Accursio,
1020 3098 1250 3162 Gregorio
1272 3102 1318 3146 et
1341 3098 1676 3146 Bartholomeo
1698 3098 1756 3145 de
1773 3100 1945 3156 Ruere,
1963 3100 2107 3146 Geor-

342 3182 418 3243 gio
451 3186 700 3246 scopatore
734 3179 796 3246 (2)
825 3185 1032 3240 secreto,
1057 3184 1103 3229 et
1129 3181 1320 3229 Andrea
1349 3180 1681 3229 barbitonsore
1710 3196 1796 3228 suo
1824 3180 1902 3243 qui
1936 3195 2103 3228 omnes

387 3329 419 3362 1.
448 3327 540 3375 Voy.
565 3329 703 3364 Diario
730 3330 772 3364 di
792 3330 912 3365 Roma
935 3328 996 3364 del
1020 3328 1166 3374 NotaJ'o
1194 3328 1257 3363 del
1275 3328 1507 3373 Nantiporto
1532 3327 1695 3375 (Murat.,
1717 3327 1804 3364 Rer.
1828 3327 1919 3363 Ital.
1942 3327 2099 3373 Ser-ipe„

336 3389 362 3421 t.
386 3386 449 3429 III,
470 3397 506 3432 p.
529 3397 566 3430 ιι,
589 3386 656 3423 col.
680 3388 782 3424 1088.

384 3444 419 3479 2.
448 3444 500 3479 De
515 3442 661 3480 l'italien
685 3459 702 3477 κ
726 3449 925 3493 scopatore,
950 3461 967 3479 »
988 3445 1173 3494 balayeur.
