2262 3958
329 366 400 403 404
938 361 956 397 J
963 360 1171 398 OHANNIS
1203 359 1497 407 BURCHARDI,
1879 363 1985 404 [Avril
2007 364 2098 406 1490]

332 465 535 515 accessit
588 466 648 514 ad
694 465 842 513 altare
895 463 995 522 ubi,
1044 462 1345 526 genuflexus,
1392 461 1656 512 incensavit
1717 471 2093 515 sacramentum.

330 548 763 600 vicecancellarius
796 547 1010 612 porrexit
1033 546 1249 610 pontifici
1281 545 1537 610 genuflexo
1578 546 1779 595 calicem
1807 564 1919 597 cum
1943 566 2099 598 sacra·

332 637 495 681 mento
522 631 602 695 qui
624 631 758 679 illum
780 630 947 679 ordine
969 634 1201 678 consueto
1227 629 1430 693 portavit
1457 645 1608 692 usque
1630 629 1690 677 ad
1709 631 1913 694 primam
1934 633 2095 697 capel-

330 715 426 762 lam
461 715 520 762 ad
539 714 700 763 locum
723 713 996 762 ordinatum
1020 712 1101 761 ubi
1122 712 1333 776 reposuit
1352 727 1460 759 cum
1483 718 1801 762 sacramento.
1828 717 1948 762 Tum
1969 718 2100 780 Papa

331 799 559 863 imposuit
577 798 829 847 incensum
850 796 899 843 in
920 812 1016 844 uno
1039 795 1281 843 thuribulo
1304 800 1350 843 et
1371 796 1655 859 genuflexus
1671 795 1953 845 incensavit.
1980 799 2099 846 Cum

334 886 461 946 Papa
488 885 843 931 sacramentum
872 896 930 928 ex
959 879 1143 943 capella
1176 879 1358 943 maj0re
1384 879 1443 926 ad
1475 879 1712 928 minorem
1746 884 1975 944 portaret,
2006 879 2100 927 dux

333 966 498 1016 Urbini
533 965 738 1030 portavit
776 964 990 1011 fimbrias
1035 963 1253 1026 pluvialis
1285 978 1420 1011 more
1455 963 1613 1011 solito.
1653 965 1904 1012 lncensato
1939 979 2099 1011 sacra·

331 1053 515 1109 mento,
540 1049 739 1097 sacrista
766 1046 936 1095 clausit
962 1046 1190 1094 locellum
1218 1050 1264 1094 et
1295 1045 1551 1109 assignavit
1591 1046 1773 1094 clavem
1804 1046 2094 1096 cardinalis.

333 1131 462 1180 Petri
480 1131 540 1179 ad
565 1131 770 1181 Vincula
788 1130 838 1178 in
859 1130 1120 1179 crastinum
1145 1129 1463 1178 celebraturo.
1497 1131 1616 1176 Tum
1646 1130 1791 1192 Papa,
1822 1127 1961 1176 nobis
1983 1143 2100 1192 quo-

334 1228 426 1276 que
462 1228 559 1260 non
602 1212 976 1271 advertentibus,
1019 1211 1205 1275 accepit
1235 1212 1445 1271 mitram,
1483 1211 1703 1260 similiter
1731 1215 1779 1259 et
1815 1211 2006 1274 plurimi
2039 1228 2099 1260 ex

334 1294 655 1343 cardinalibus
681 1294 845 1343 intrati
879 1294 1128 1343 exiverunt
1167 1294 1401 1358 capellam
1434 1294 1494 1342 ad
1525 1294 1687 1343 locum
1716 1294 1907 1357 publice
1945 1294 2098 1343 bene-

334 1379 556 1428 dictionis
585 1394 677 1442 quo
703 1382 831 1442 Papa
859 1377 1087 1443 pedester
1119 1377 1249 1425 venit
1282 1377 1369 1424 sub
1405 1376 1713 1435 baldachino,
1742 1376 1958 1424 fimbrias
1987 1393 2099 1440 pre-

334 1463 461 1510 dicto
488 1461 609 1509 duce
632 1460 878 1509 deferente
897 1459 979 1508 ubi
1011 1463 1120 1522 post
1141 1461 1286 1524 Papa,
1312 1459 1530 1523 deposito
1557 1458 1750 1524 pluviali
1781 1459 1889 1507 albo
1912 1460 2098 1524 accepit

333 1545 555 1594 rubeum.
611 1543 808 1608 Accepit
856 1542 1122 1591 cardinales
1173 1542 1234 1590 ad
1274 1542 1591 1591 reverentiam
1643 1547 1691 1591 et
1736 1542 1850 1591 lecti
1903 1542 2098 1591 fuerunt

333 1644 588 1693 processus
622 1627 792 1676 soliti'
780 1644 829 1675 1n
864 1626 1036 1690 quibus
1071 1630 1235 1691 preter
1272 1626 1671 1676 consuetudinem
1710 1624 2097 1675 anathematizati

333 1713 525 1760 fuerunt
570 1716 617 1760 et
658 1711 1059 1760 excommunicati
1068 1746 2094 1759 .....................

335 1797 414 1858 qui
441 1795 699 1858 quemdam
707 1831 987 1842 ......
1030 1796 1112 1842 SS.
1139 1797 1196 1842 D.
1221 1793 1374 1842 nostri
1401 1807 1648 1842 cursorem
1677 1791 1909 1856 quasdam
1934 1791 2099 1839 literas

335 1878 683 1928 executoriales
721 1878 780 1925 ad
813 1893 895 1926 eos
930 1877 1227 1925 deferentem
1260 1880 1522 1939 coegerunt
1555 1875 1615 1923 ad
1646 1874 2000 1923 comedendum
2033 1872 2096 1938 (1)

335 1960 530 2009 easdem
569 1960 733 2008 literas
760 1975 846 2023 per
877 1962 931 2008 D.
969 1962 1222 2024 Hugonem
1258 1959 1316 2008 de
1354 1958 1538 2007 Benziis
1577 1958 1924 2007 subdiaconum
1959 1971 2096 2019 apos-

334 2043 531 2092 tolicum
559 2043 607 2090 in
633 2043 782 2091 latino
809 2047 855 2090 et
878 2046 1069 2090 Rmum.
1098 2045 1154 2091 D.
1175 2041 1466 2090 cardinalem
1486 2042 1544 2090 de
1563 2041 1795 2090 Columna
1818 2041 1867 2088 in
1890 2039 2088 2104 vulgari.

335 2129 387 2174 ln
425 2127 520 2175 fine
548 2129 676 2190 Papa
706 2125 837 2174 dedit
864 2126 1253 2175 benedictionem
1281 2130 1328 2174 et
1363 2125 1602 2189 plenarias
1628 2123 1950 2188 indulgentias
1980 2138 2099 2186 quas

336 2208 502 2257 RRmi.
528 2211 627 2257 DD.
655 2209 882 2259 Senensis
904 2210 952 2256 in
969 2210 1117 2259 latino
1144 2214 1191 2258 et
1216 2209 1274 2258 de
1306 2209 1537 2257 Columna
1563 2207 1829 2256 cardinales
1850 2206 1898 2254 in
1914 2204 2098 2269 vulgari

335 2291 654 2354 publicarunt.

400 2374 580 2430 Quibus
616 2374 840 2437 peractis,
873 2373 1038 2420 RRmi.
1074 2373 1341 2421 cardinales
1371 2388 1559 2431 omnes,
1590 2371 1822 2436 depositis
1855 2387 1943 2436 par
1963 2386 2098 2421 men-

336 2457 412 2516 tis,
446 2457 495 2503 in
526 2456 689 2520 cappis
720 2459 898 2520 Papam
929 2455 1226 2504 associarunt
1259 2456 1319 2503 ad
1348 2455 1536 2503 tertiam
1570 2456 1727 2503 aulam
1758 2455 1835 2501 ubi
1861 2453 2091 2502 tredecim

336 2539 626 2603 pauperibus
667 2538 816 2601 pedes
868 2542 968 2586 erat
1014 2537 1226 2597 loturus,
1276 2537 1476 2586 Senensi
1515 2541 1562 2586 et
1604 2537 1662 2585 de
1704 2539 1836 2584 Fuxo
1880 2536 2094 2584 diaconis

338 2620 672 2668 assistentibus
705 2625 751 2668 et
774 2620 979 2668 Ascanio
1006 2620 1305 2682 evangelium
1325 2619 1538 2679 lecturo;
1561 2619 1784 2667 omnibus
1805 2618 2097 2683 paramentis

339 2702 664 2750 diaconalibus
679 2702 856 2766 paratis
879 2701 1122 2759 duntaxat,
1138 2701 1353 2766 ,exceptis
1375 2703 1453 2765 qui
1469 2702 1620 2766 parati
1639 2701 2030 2766 processionibus
2053 2705 2100 2749 et

340 2785 663 2835 benedictioni
689 2785 1026 2845 interfuerunt,
1058 2800 1209 2848 usque
1235 2785 1294 2832 ad
1321 2785 1468 2833 finem
1493 2786 1687 2834 lotionis
1713 2790 2099 2854 permanserunt.

339 2868 650 2932 Evangelium
683 2873 792 2916 ante
820 2868 1054 2916 lotionem
1094 2866 1210 2914 dixit
1253 2867 1507 2915 cardinalis
1534 2869 1768 2917 Ascanius
1792 2888 1801 2917 ε
1830 2868 1877 2916 in
1898 2868 2096 2928 lotione,

339 2951 567 3014 magister
588 2950 758 2997 domus
774 2949 1056 2998 ministravit
1074 2949 1288 2999 tobaleas
1304 2969 1313 3009 ;
1331 2953 1386 2999 D.
1410 2951 1670 3016 Sinulphus
1689 2952 1891 3016 portavit
1905 2950 2101 3015 pallium

340 3050 447 3082 cum
469 3033 688 3092 tobaleis,
711 3037 757 3081 et
776 3035 833 3081 D.
849 3035 1029 3097 Gaspar
1051 3033 1262 3081 Blondus
1282 3049 1491 3093 camere,
1517 3035 1713 3098 pallium
1736 3050 1843 3082 cum
1863 3034 2099 3097 pecuniis.

340 3120 484 3165 Facta
503 3117 682 3165 lotione
703 3116 898 3180 pedum,
923 3116 1015 3163 dux
1043 3116 1208 3164 Urbini
1236 3116 1519 3164 ministravit
1548 3117 1709 3179 pelves
1735 3122 1781 3166 et
1812 3133 1983 3180 aquam
2014 3132 2102 3181 pro

339 3200 520 3248 lotione
538 3215 765 3246 manuum
782 3202 908 3262 Pape
935 3218 943 3246 ;
967 3199 1059 3247 alia
1074 3199 1326 3247 observata
1339 3203 1446 3247 sunt
1468 3215 1602 3247 more
1616 3200 1773 3248 solito.
1791 3202 1843 3247 ln
1857 3199 2103 3247 credentia

270 3298 272 3301 ·
340 3286 505 3344 parata
526 3287 662 3330 erant
685 3282 780 3330 duo
809 3297 922 3330 vasa
953 3298 1128 3346 magna
1156 3282 1215 3330 ad
1238 3296 1464 3345 pompam
1491 3282 1666 3345 posita,
1702 3299 1811 3346 que,
1845 3286 2101 3345 antequam

342 3366 469 3427 Papa
493 3366 717 3426 venisset,
755 3366 931 3430 deponi
957 3366 1048 3415 feci
1080 3366 1193 3415 licet
1224 3365 1570 3414 credentiarius
1598 3365 1646 3412 in
1669 3364 1762 3414 hoc
1791 3365 1906 3414 satis
1933 3364 2102 3411 durum

391 3466 423 3499 1.
453 3465 566 3501 Meme
593 3466 720 3502 lacune
741 3467 832 3503 dans
853 3470 936 3503 tous
955 3466 1008 3502 les
1030 3477 1118 3502 mss.
