2262 3958
167 297 384 342 [Aout1486]
607 295 776 332 RERUM
811 296 1113 333 URBANARUM
1146 295 1497 333 COMMENTARH.
1521 302 1529 305 '
1878 299 1950 334 207

230 402 370 452 Feria
386 405 536 462 sexta,
561 405 612 449 11
634 401 840 466 augusti,
861 401 990 450 circa
1012 401 1183 448 horam
1204 400 1394 449 tertiam
1421 399 1594 458 noctiS‚
1613 400 1842 448 conclusa
1861 400 1950 448 fuit

161 503 255 551 pax
274 485 401 535 inter
422 488 507 535 SS.
540 488 596 533 D.
629 488 685 534 N.
725 501 898 550 papam
930 488 978 533 et
1007 484 1364 532 Ferdinandum
1402 483 1561 533 Sicilie
1589 499 1775 548 regem,
1808 488 1856 532 et
1892 484 1951 532 de

162 569 383 634 capitulis
411 570 550 619 factis
585 573 779 634 rogatus
815 569 902 618 fuit
939 571 995 616 D.
1034 569 1281 633 Philippus
1315 569 1374 617 de
1419 571 1719 617 Pontecurvo
1756 583 1951 617 camere

162 653 427 719 apostolice
449 654 683 704 notarius.

231 739 370 788 Feria
412 739 644 799 secunda,
686 742 743 787 14
770 736 950 787 mensis
977 737 1181 800 augusti,
1222 736 1309 785 fuit
1339 736 1680 786 consistorium
1710 740 1952 785 secretum

164 824 224 872 ab
241 824 366 874 hora
379 823 668 872 duodecima
686 838 836 886 usque
855 821 916 869 ad
930 820 1170 869 decimam
1186 821 1400 887 quintam
1418 822 1492 869 vel
1513 822 1666 879 circa;
1686 839 1780 886 quo
1797 823 1952 882 finito,

165 909 433 958 cardinales
459 911 694 958 venerunt
714 907 774 955 ad
794 905 1030 969 capellam
1051 905 1288 968 majorem
1315 905 1497 968 palatii,
1521 905 1571 952 in
1591 921 1687 969 qua
1714 906 1958 954 celebrata

166 992 253 1042 fuit
269 993 420 1040 missa
443 991 787 1039 defunctorum
825 987 1137 1037 anniversarii
1166 987 1326 1036 obitus
1358 988 1475 1037 Sixti
1503 990 1587 1036 llll
1615 1006 1703 1053 per
1735 992 1790 1036 R.
1817 992 1869 1037 P.
1897 992 1953 1037 D.

165 1075 439 1125 Iohannem
460 1073 747 1139 episcopum
777 1073 1101 1133 Calmensem,
1134 1075 1264 1137 Papa
1299 1073 1519 1132 absente,
1554 1078 1601 1120 et
1633 1073 1825 1121 RRmis.
1852 1076 1953 1121 DD.

165 1157 578 1218 vicecancellario,
619 1175 664 1206 s-
702 1157 870 1217 Marci,
905 1156 1246 1221 Andegavensi
1280 1172 1335 1205 ac
1369 1156 1474 1204 aliis
1500 1156 1824 1204 cardinalibus
1852 1172 1959 1220 pre-

168 1242 402 1292 sentibus.
462 1241 830 1290 Absolutionem
879 1246 989 1304 post
1030 1240 1227 1289 missam
1276 1239 1393 1289 feeit
1441 1241 1653 1305 prefatus
1700 1241 1958 1306 episcopus

167 1325 437 1386 celebranS,
463 1330 511 1375 et
530 1325 641 1385 alia,
672 1329 812 1390 prout
830 1325 879 1372 in
900 1324 1210 1374 ceremoniali
1245 1325 1510 1384 ordinatur,
1547 1328 1656 1373 sunt
1683 1325 1954 1374 observata.

237 1411 378 1474 Feria
406 1410 563 1468 tertia,
594 1413 650 1458 15
676 1409 884 1474 augusti,
928 1410 1107 1458 festum
1139 1408 1486 1474 assumptionis
1516 1409 1657 1458 beate
1694 1409 1843 1459 Marie
1867 1410 1958 1457 vir-

169 1495 311 1561 ginis,
337 1497 393 1542 R.
418 1497 472 1542 P.
490 1496 545 1542 D.
570 1494 817 1542 Johannes
839 1493 1097 1558 episcopus
1126 1493 1448 1542 Tornacensis
1477 1493 1737 1542 celebravit
1760 1493 1959 1541 missam

168 1578 529 1644 pontificaliter,
557 1581 687 1642 Papa
708 1582 755 1627 et
773 1578 1098 1626 cardinalibus
1122 1577 1402 1626 absentibus
1424 1582 1470 1626 et
1497 1577 1662 1641 paucis
1682 1593 1742 1626 ex
1763 1577 1959 1641 prelatis

169 1662 333 1728 palatii
353 1662 402 1710 in
424 1677 510 1710 suo
532 1662 814 1725 quotidiano
835 1661 1000 1710 habitu
1024 1662 1332 1726 presentibus
1359 1678 1368 1710 :
1392 1662 1644 1710 observata
1666 1666 1778 1709 sunt
1799 1661 1963 1709 omnia

168 1751 307 1812 prout
328 1745 378 1794 in
399 1746 503 1795 aliis
521 1746 682 1794 missis
701 1746 1015 1806 solemnibus,
1038 1749 1168 1810 Papa
1185 1747 1404 1804 absente,
1427 1749 1782 1795 consueverunt
1800 1745 1964 1793 obser-

168 1831 283 1880 vari.

235 1915 375 1964 Feria
395 1914 556 1975 tertia,
591 1918 650 1964 29
673 1914 882 1980 augusti,
916 1916 1095 1964 festum
1129 1914 1464 1964 decollationis
1498 1934 1537 1964 s.
1563 1915 1798 1964 Johannis
1835 1916 1961 1979 Bap-

171 2000 299 2061 tiste,
324 1999 706 2048 anniversarium
727 1999 1070 2064 assumptionis
1091 2002 1175 2049 SS.
1203 2003 1259 2047 D.
1284 2002 1342 2048 N.
1378 2001 1646 2050 Innocentii
1677 2004 1804 2066 Pape
1825 2003 1956 2059 VIII,

172 2084 340 2133 Rmus.
355 2080 616 2133 cardinalis
633 2084 907 2133 Parmensis
928 2084 976 2131 in
998 2084 1292 2149 paramentis
1306 2085 1466 2134 rubeis
1487 2085 1747 2135 celebravit
1762 2085 1962 2133 missam

171 2168 442 2218 solemnem
468 2167 518 2216 in
538 2168 723 2233 capella
746 2168 930 2231 majore
954 2168 1134 2232 palatii,
1173 2171 1303 2232 Papa
1330 2173 1378 2217 et
1405 2169 1730 2218 cardinalibus
1758 2184 1963 2233 presen-

174 2251 318 2302 tibus.
343 2255 474 2317 Papa
495 2252 622 2301 venit
649 2252 710 2300 ad
730 2252 1048 2300 faldistorium
1076 2252 1137 2300 ad
1172 2253 1599 2316 genuflectendum
1629 2269 1717 2318 pro
1744 2269 1886 2301 versu
1914 2252 1963 2300 in

173 2336 309 2385 altari
336 2354 345 2384 :
382 2335 502 2385 Veni
519 2344 679 2384 sancte
700 2336 926 2401 Spiritus,
957 2344 1065 2395 etc„
1090 2352 1235 2400 quem
1264 2341 1428 2385 tamen
1458 2354 1555 2385 non
1595 2337 1777 2401 incepit
1804 2353 1963 2400 neque

172 2418 338 2468 debuit
355 2418 572 2483 incipere
589 2435 598 2477 ;
619 2419 747 2468 dicta
758 2418 844 2467 fuit
862 2419 1037 2469 deinde
1056 2434 1202 2483 prosa
1219 2423 1266 2468 et
1289 2419 1485 2468 interim
1499 2420 1782 2485 impositum
1799 2421 1964 2469 incen—

173 2518 282 2552 sum
301 2518 390 2568 pro
411 2502 680 2567 evangeliO,
707 2519 763 2551 ac
788 2502 881 2551 alia
900 2503 1063 2552 omnia
1083 2502 1338 2552 observata
1355 2520 1491 2554 more
1510 2505 1668 2554 solito.
1695 2508 1778 2554 Est
1800 2510 1963 2554 tamen

173 2586 526 2636 advertendum
548 2587 679 2652 quod
699 2587 738 2635 si
761 2592 985 2637 cantores
1016 2589 1200 2639 nollent
1221 2605 1418 2654 prosam
1440 2589 1620 2650 dicere,
1645 2590 1776 2654 quod
1796 2589 1965 2638 incen-

177 2686 283 2720 sum
302 2670 578 2736 imponatur
597 2676 856 2736 antequam
879 2675 1010 2737 Papa
1029 2674 1189 2723 veniat
1220 2674 1280 2722 ad
1310 2675 1741 2738 genuflectendum
1763 2673 1962 2722 minime

176 2754 542 2819 protraheretur
563 2755 658 2804 sive
681 2756 968 2805 tradaretur.
996 2757 1128 2817 Heri,
1159 2774 1256 2805 non
1291 2757 1486 2807 fuerunt
1522 2775 1722 2822 vespere
1752 2757 1963 2822 papales.

243 2837 384 2888 Feria
402 2838 586 2903 quinta,
609 2841 662 2887 31
692 2839 896 2903 augusti,
915 2840 1043 2888 venit
1065 2841 1125 2888 ad
1147 2842 1326 2890 Urbem
1348 2859 1436 2907 per
1456 2848 1644 2907 portam
1664 2860 1702 2890 s.
1721 2838 1965 2890 Laurentii

179 2925 237 2972 D.
261 2921 497 2971 Antonius
519 2922 578 2971 de
598 2922 883 2972 Alexandris
903 2927 1068 2972 orator
1087 2924 1375 2973 Ferdinandi
1410 2925 1572 2973 Sicilie
1593 2924 1738 2988 regis,
1760 2924 1881 2970 hora
1900 2936 1964 2968 xn

171 3005 251 3054 ‘vel
272 3006 426 3067 circa;
461 3007 536 3055 cui
558 3012 790 3056 venerunt
812 3007 1000 3056 obviam
1022 3007 1200 3057 familie
1224 3011 1308 3057 SS.
1341 3012 1398 3057 D.
1425 3011 1480 3057 N.
1509 3024 1651 3073 pape,
1683 3011 1729 3054 et
1751 3003 1966 3053 omnium

180 3093 471 3139 RRmorum.
510 3094 612 3140 DD.
649 3089 966 3141 cardinalium
1004 3092 1218 3157 exceptis
1249 3092 1604 3156 Andegavensi,
1637 3088 1968 3138 Mediolanen-

179 3176 314 3240 sique
340 3179 387 3223 et
402 3175 460 3223 de
485 3175 735 3236 Columna,
750 3176 830 3240 qui
852 3194 949 3226 non
971 3177 1206 3226 miserunt
1225 3176 1430 3224 familias
1453 3192 1590 3234 suas;
1612 3173 1789 3222 familie
1812 3170 1969 3219 cardi-

178 3260 380 3321 nalium,
399 3259 536 3324 juxta
555 3264 602 3310 et
623 3261 749 3309 intra
769 3266 959 3326 portam
990 3266 1131 3325 prout
1153 3276 1262 3309 euin
1286 3259 1605 3324 reperierunt,
1650 3258 1802 3321 ipsum
1837 3271 1972 3304 rece-

179 3349 371 3411 perunt.
409 3343 540 3408 Papa
583 3336 744 3409 autem
784 3343 969 3407 recepit
1008 3343 1142 3391 illum
1181 3343 1318 3407 juxta
1366 3341 1598 3390 macellos
1634 3339 1757 3388 inter
1791 3338 1970 3404 palatia

181 3447 219 3478 s.
243 3429 406 3479 Basilii
429 3431 476 3478 et
498 3444 536 3475 s.
562 3426 730 3484 Marci.
754 3427 1033 3478 Associatus
1063 3427 1150 3476 fuit
1179 3443 1313 3475 moro
1337 3425 1477 3474 solito
1500 3441 1651 3488 usque
1683 3424 1743 3473 ad
1772 3423 1970 3472 domum
