2262 3958
151 293 258 338 lMars
278 293 370 335 1486]
412 256 415 257 ⁷
589 289 758 327 RERUM
793 287 1099 327 URBANARUM
1135 286 1485 326 COMMENTARII.
1868 289 1933 325 ¹87

86 452 95 458 ,
147 412 176 446 a
192 395 469 446 cantoribus
484 393 755 443 diceretur:
773 393 846 442 Et
856 393 905 442 in
922 401 1062 453 terra,
1084 400 1192 452 ete„
1211 392 1292 442 ubi
1309 390 1496 456 accepit
1507 394 1791 457 paramenta
1804 390 1931 451 alba,

145 497 201 531 ac
223 480 264 530 si
282 479 536 546 epistolam
556 483 684 529 esset
701 479 937 538 dicturus;
960 482 1007 527 et
1027 477 1163 526 finita
1183 477 1403 542 epistola,
1429 476 1588 536 exivit,
1606 479 1654 525 et
1669 480 1800 524 stans
1822 478 1933 524 ante

145 564 372 614 ultimum
394 565 598 631 gradum
619 563 724 613 solii
753 566 898 628 Pape,
916 562 1138 611 videlicet
1158 562 1205 610 in
1228 562 1371 627 plano
1402 562 1585 627 capelle
1614 565 1724 610 ante
1753 563 1934 625 Papam

143 648 356 698 cantavit
382 665 392 697 ε
416 649 567 698 Pater
590 656 767 707 sancte,
798 646 1036 695 annuncio
1061 647 1185 695 vobis
1210 647 1445 711 yazcdium
1467 661 1698 710 maynum
1719 644 1847 710 quod
1868 652 1939 693 est

143 732 352 781 alleluia.
391 735 496 790 Quo
523 732 669 792 dicto,
701 730 923 791 surrexit,
954 733 1001 778 et
1026 746 1124 778 non
1158 730 1438 778 deosculato
1469 730 1590 794 pede
1624 732 1751 794 Pape
1786 729 1847 778 ad
1882 745 1933 777 se

143 817 421 867 exuendum
455 817 612 866 rediit.
645 818 746 880 Ego
773 814 840 863 fui
873 814 933 863 ad
962 815 1067 878 ejus
1095 813 1338 862 sinistram
1378 829 1489 861 cum
1525 817 1762 873 cantaret,
1801 829 1856 861 ac
1883 814 1934 861 in

143 902 303 951 eundo
317 917 375 951 ac
395 900 644 950 redeundo
663 899 820 964 ipsum
841 898 1078 964 precessi;
1101 898 1308 947 debebat
1318 902 1482 946 tamen
1504 896 1644 947 dictis
1665 897 1932 961 prenotatis

141 985 271 1035 idem
284 985 604 1035 subdiaconus
619 983 795 1049 pedem
807 985 936 1047 Pape
959 982 1223 1042 osculasse,
1247 983 1377 1047 quod
1394 999 1482 1048 per
1502 997 1719 1032 errorem
1737 980 1930 1039 obmisi,

139 1066 254 1133 quia
272 1068 324 1118 in
343 1067 656 1118 ceremoniali
678 1070 736 1116 D.
765 1067 971 1116 Pientini
1002 1082 1099 1116 non
1127 1066 1304 1126 inveni,
1332 1065 1418 1115 sed
1438 1069 1608 1130 postea
1635 1065 1686 1113 in
1711 1078 1933 1114 ceremo-

137 1151 255 1202 niali
286 1155 345 1202 D.
378 1153 436 1201 A.
462 1151 666 1201 Rebioli.

202 1236 361 1286 Finito
381 1253 470 1302 per
499 1240 722 1286 cantores
748 1253 758 1285 ε
783 1236 856 1285 Et
874 1237 923 1285 in
945 1244 1093 1296 terra,
1134 1252 1246 1285 cum
1279 1235 1536 1285 cardinalis
1573 1234 1826 1284 celebrans
1862 1235 1932 1284 di-

135 1335 248 1371 cere
265 1321 476 1371 debebat
496 1338 506 1370 :
527 1321 642 1370 Puer
656 1321 798 1381 vobiS,
823 1321 1002 1386 incepit
1020 1321 1183 1370 dicere
1204 1338 1213 1370 ε
1234 1321 1475 1369 Dominus
1497 1320 1732 1368 vobiscum
1741 1337 1762 1378 ,·
1778 1320 1865 1369 sed
1880 1320 1931 1368 in

135 1405 293 1471 prima
325 1405 508 1472 syllaba
534 1405 739 1470 cognovi
774 1409 822 1454 et
851 1405 1011 1470 ipsum
1043 1405 1297 1470 premonui
1329 1405 1571 1466 adstatim,
1603 1410 1651 1454 et
1677 1405 1744 1454 sic
1775 1406 1927 1456 dixit:

134 1491 366 1540 Dominus
376 1507 484 1556 paoe
500 1490 644 1550 vobiS,
665 1504 762 1538 uno
784 1489 999 1538 anhelitu
1017 1506 1027 1549 ;
1047 1490 1263 1539 officium
1278 1489 1452 1539 deinde
1467 1488 1801 1538 continuatum
1820 1488 1927 1549 fuit,

138 1580 282 1640 prout
297 1575 347 1624 in
366 1574 609 1624 ordinario
626 1578 673 1624 et
690 1574 1021 1623 ceremoniali.
1041 1576 1160 1623 Cum
1177 1574 1418 1624 diceretur
1436 1574 1702 1640 antiphona
1739 1573 1932 1638 Vespere

136 1667 311 1721 autem,
343 1668 451 1719 ete„
483 1663 595 1708 ante
615 1659 918 1723 Magnifi'eat,
946 1661 1074 1723 Papa
1101 1659 1333 1724 imposuit
1360 1659 1613 1708 incensum
1649 1662 1696 1708 et
1734 1658 1929 1723 incepto

133 1743 442 1809 Maqnifieat‚
463 1742 719 1792 cardinalis
734 1742 987 1791 celebrans
1008 1742 1274 1792 incensavit
1289 1743 1456 1803 altare,
1472 1747 1642 1808 postea
1662 1743 1750 1791 fuit
1767 1743 1932 1810 incen3

139 1830 270 1878 satus
291 1827 414 1892 ipse,
438 1830 540 1875 tum
563 1829 694 1891 Papa
715 1830 762 1876 et
782 1826 862 1875 alii
884 1842 1054 1876 omnes
1076 1843 1212 1876 more
1239 1828 1399 1877 solit0.

198 1915 365 1962 Rmus.
403 1915 462 1962 D.
501 1911 757 1961 cardinalis
798 1928 838 1960 s.
868 1912 1018 1961 Marci
1054 1927 1154 1961 non
1193 1912 1284 1960 fuit
1322 1912 1417 1961 hoc
1457 1928 1600 1961 mane
1641 1913 1690 1961 in
1723 1913 1926 1978 capella.

135 1996 305 2046 RRmi.
336 1999 440 2046 DD.
464 1996 733 2046 cardinales
772 1996 1213 2058 vicecancellariUS,
1245 1997 1588 2061 Neapolitanus
1622 2002 1670 2047 et
1700 1998 1930 2047 Senensis

132 2081 551 2146 reprehenderunt
578 2097 656 2130 me
685 2081 743 2130 de
779 2080 1111 2130 incensatione
1141 2081 1303 2130 altaris
1337 2081 1460 2130 infra
1486 2081 1781 2147 Magnifieat
1806 2084 1950 2132 facta*

132 2179 222 2229 per
238 2163 537 2214 cardinalem
555 2165 905 2225 celebrantem,
923 2166 1142 2215 dicentes
1163 2165 1293 2229 quod
1318 2169 1575 2230 postquam
1606 2182 1693 2230 pro
1714 2167 1930 2231 vesperis

131 2247 330 2313 incepta
349 2253 454 2297 erat
475 2248 713 2309 Alleluia,
740 2257 848 2309 ete,
877 2249 1130 2299 celebrans
1165 2249 1413 2298 debuisset
1451 2249 1501 2298 in
1538 2266 1690 2298 cornu
1725 2251 1927 2315 epistole

131 2331 308 2381 dixisse
331 2332 573 2382 submissa
609 2349 728 2382 voce
771 2334 950 2395 omnia,
993 2334 1138 2384 etiam
1166 2334 1514 2383 etorationem
1535 2334 1770 2399 Spiritum
1798 2337 1929 2385 uobis

129 2414 345 2475 Domine,
370 2423 479 2476 ete„
503 2431 560 2464 ac
581 2416 756 2466 deinde
782 2417 831 2465 in
858 2417 1124 2467 faldistorio
1147 2418 1311 2467 omnia
1336 2422 1620 2483 paramenta
1641 2419 1926 2485 deposuisse

136 2514 194 2548 ac
213 2499 356 2549 ivisse
371 2499 433 2549 ad
450 2499 612 2549 locum
634 2516 773 2550 suum
792 2501 920 2551 inter
939 2502 1058 2551 alios
1081 2503 1369 2562 cardinaleS,
1382 2506 1430 2552 et
1451 2503 1520 2552 sic
1542 2503 1927 2554 incensationem

131 2582 295 2632 altaris
317 2587 366 2633 et
389 2583 658 2634 orationem
684 2586 952 2650 predictam
975 2605 984 2635 :
1009 2586 1242 2651 Spiritum
1263 2589 1412 2650 nobis,
1436 2589 1659 2651 Domine,
1684 2598 1792 2651 etc„
1817 2606 1928 2639 can-

133 2667 330 2717 tandam
357 2685 445 2733 pro
471 2669 684 2735 vesperis
706 2672 790 2720 SS.
819 2673 876 2720 D.
902 2674 958 2721 N.
983 2688 1107 2737 pape
1133 2689 1424 2734 reservasse,
1457 2675 1597 2739 cujus
1628 2678 1792 2724 essent
1818 2691 1926 2724 ves-

130 2766 268 2817 pere,
306 2766 367 2800 ex
388 2768 448 2802 eo
469 2753 596 2816 quod
623 2769 730 2802 cras
758 2755 1090 2804 celebraturus
1119 2760 1248 2805 esset
1276 2756 1516 2806 Sanctitas
1546 2773 1648 2806 sua.
1677 2759 1924 2823 Respondi

131 2835 327 2885 RRmis.
352 2837 453 2885 DD.
479 2836 803 2885 cardinalibus
825 2839 1054 2903 predictis
1075 2840 1204 2903 quod
1223 2841 1443 2905 predicta
1466 2857 1525 2891 eo
1546 2842 1692 2891 modo
1717 2846 1770 2891 ut
1790 2842 1923 2890 dice-

130 2919 248 2968 bant
273 2919 381 2968 fieri
407 2935 506 2968 non
527 2925 728 2984 possent
763 2937 920 2985 neque
955 2922 1207 2984 deberent,
1241 2925 1326 2973 sed
1356 2940 1415 2974 eo
1442 2925 1588 2974 modo
1622 2931 1764 2990 prout
1798 2926 1923 2974 facta

130 3007 288 3063 erant,
303 3002 413 3068 quia
432 3018 633 3068 vespere
654 3003 930 3068 hujusmodi
954 3010 1118 3054 essent
1134 3022 1245 3070 pars
1263 3007 1411 3057 misse
1430 3012 1478 3057 et
1495 3025 1593 3057 non
1611 3009 1804 3074 proprie
1822 3024 1923 3057 ves-

129 3104 245 3155 pere
267 3088 354 3137 sed
375 3087 484 3137 loco
505 3089 971 3153 postcommunionis
989 3090 1267 3155 hujusmodi
1289 3092 1527 3141 ordinatio
1549 3109 1641 3157 que
1664 3094 1752 3141 sub
1774 3092 1922 3141 missa

130 3172 504 3223 concluderetur
523 3180 765 3238 cumpost
786 3174 1055 3224 orationem
1074 3174 1262 3223 dicatur
1276 3175 1351 3224 Ite
1371 3178 1515 3225 missa
1535 3185 1619 3237 est,
1636 3181 1681 3226 et
1702 3193 1799 3225 non
1822 3176 1920 3225 Be-

129 3257 403 3305 nedieumus
418 3260 561 3321 prout
581 3257 629 3305 in
650 3258 864 3323 vesperis
886 3259 980 3307 dici
1003 3259 1143 3318 solet,
1161 3275 1218 3307 ex
1241 3275 1335 3323 quo
1358 3276 1455 3308 non
1476 3276 1620 3325 posse
1641 3261 1919 3325 hujusmodi

128 3356 156 3389 a
175 3341 326 3390 missa
345 3340 487 3389 dividi
507 3341 591 3390 sed
611 3343 889 3392 necessario
919 3359 1006 3408 per
1032 3343 1360 3393 celebrantem
1390 3344 1622 3409 compleri
1649 3349 1696 3393 et
1717 3361 1807 3410 per
1823 3345 1920 3394 dia-

128 3440 303 3474 conum
325 3425 567 3485 concludi,
595 3425 834 3495 dicentem
865 3427 939 3475 Ile
965 3428 1109 3476 missa
1135 3436 1218 3487 est,
1252 3432 1443 3492 oportet
1467 3445 1477 3477 ε
1503 3429 1561 3477 ad
1591 3429 1720 3493 quod
1752 3433 1916 3479 Rmus.
