2262 3958
270 317 340 352 214
880 309 1112 347 JOHANNIS
1145 308 1440 357 BURCHARm,
1767 314 1931 356 [octobre
1953 316 2044 357 1486]

270 421 509 485 portatum
531 410 615 466 fuit
640 431 812 479 corpus
844 413 1055 461 defuncti
1087 413 1147 461 ad
1176 412 1431 461 ecclesiam
1454 413 1592 463 beate
1619 416 1766 465 Marie
1787 417 1835 465 in
1853 419 2043 467 Araceli

267 518 354 567 per
374 503 547 552 fratres
567 502 671 564 ejus
694 503 954 547 conventus
983 497 1111 544 circa
1130 497 1300 544 horam
1319 496 1598 560 vigesimam
1618 499 1839 562 primam.
1868 501 2043 551 Officio

266 585 585 633 interfuerunt
607 582 776 629 RRmi.
810 584 910 629 DD.
936 579 1265 638 cancellarius,
1297 579 1658 643 NeapolitanUS,
1689 599 1726 631 s,
1755 584 2036 646 ClementiS‚

267 669 325 717 de
363 666 640 724 Comitibus,
686 663 913 712 Senensis
950 668 995 712 et
1039 663 1272 712 Ascanius
1324 663 1606 712 cardinales,
1662 666 1827 715 Nullus
1879 671 2043 718 tamen
2072 723 2076 727 ,

269 767 436 800 eorum
470 748 718 815 associavit
743 763 916 811 corpus
945 747 1005 796 ad
1032 748 1303 807 ecclesiam,
1334 762 1491 810 neque
1518 747 1661 796 etiam
1683 748 1851 812 aliquis
1872 765 2041 800 eorum
2075 755 2082 765 ”

269 834 396 883 venit
416 837 672 897 propterea
692 831 753 879 ad
773 831 1029 880 ecclesiam
1051 846 1107 879 ea
1127 830 1220 890 die,
1244 831 1327 880 sed
1348 834 1601 894 postquam
1622 846 1796 896 corpus
1822 837 2043 897 exporta-

269 922 369 964 tum
391 920 540 964 estex
561 915 723 972 domo,
745 930 913 962 omnes
935 914 1200 963 cardinales
1223 919 1528 962 recesserunt
1542 915 1742 979 quisque
1763 916 1823 964 ad
1838 917 2036 966 domum

272 1015 424 1047 suam.
467 998 661 1045 Familie
703 1000 830 1060 Pape
877 1001 923 1044 et.
968 997 1281 1045 cardinalium
1324 997 1654 1060 equitaverunt
1695 1004 1803 1063 post
1838 1016 2030 1065 corpuS,

270 1084 425 1148 primo
456 1082 645 1146 prelati,
676 1081 848 1129 deinde
879 1081 957 1128 alii
986 1098 995 1129 :
1023 1085 1211 1145 portata
1244 1081 1435 1131 fuerunt
1457 1096 1544 1144 per
1575 1081 1831 1130 familiares
1865 1084 2043 1135 stabuli

270 1172 317 1214 et
344 1166 460 1214 alios
483 1181 719 1229 pauperes
742 1168 851 1212 ante
869 1180 1042 1228 corpus
1060 1164 1272 1212 defuncti
1295 1169 1490 1213 centum
1511 1163 1767 1224 intorticia,
1786 1165 1844 1213 de
1868 1166 2038 1229 quibus

268 1250 431 1313 viginti
450 1253 656 1312 quatuor
677 1252 906 1296 steterant
930 1248 1058 1296 circa
1076 1248 1254 1296 lectum
1276 1247 1325 1294 in
1345 1249 1468 1308 aula,
1496 1253 1542 1296 et
1563 1249 1786 1297 undecim
1808 1249 1866 1297 ad
1896 1254 2041 1313 caput

273 1337 319 1380 et
340 1332 503 1396 pedeS.
531 1330 830 1379 Camerarius
853 1331 968 1379 cleri
993 1330 1159 1378 habuit
1183 1346 1329 1377 unum
1359 1330 1655 1378 intorticium
1677 1335 1723 1379 et
1744 1347 1888 1380 unam
1910 1332 2044 1381 facu-

267 1417 364 1464 lam
388 1415 527 1462 unius
548 1414 668 1464 libre
694 1431 706 1461 ε
729 1413 845 1461 dixit
866 1418 1027 1462 autem
1050 1413 1138 1461 sibi
1170 1413 1333 1461 deberi
1355 1413 1472 1460 duas
1499 1414 1773 1477 hujusmodi
1791 1415 1971 1464 faculas
1993 1420 2040 1464 et

269 1515 414 1548 unam
437 1499 609 1546 libram
638 1498 944 1546 candelarum
971 1512 1240 1560 parvarum.
1269 1498 1388 1544 Item
1419 1496 1614 1559 quilibet
1642 1512 1807 1545 eorum
1837 1501 2044 1562 quatuor

270 1584 661 1647 presbyterorum
682 1582 760 1645 qui
785 1597 948 1630 secum
976 1580 1020 1627 in
1044 1579 1322 1643 plurialibus
1343 1585 1575 1629 venerunt
1595 1580 1762 1629 habuit
1782 1582 1900 1630 duas
1917 1583 2043 1632 facu-

270 1667 340 1714 las
363 1665 522 1714 medie
542 1665 661 1713 libre
682 1664 968 1728 quamlibet;
995 1663 1122 1710 idem
1154 1662 1445 1711 camerarius
1477 1663 1644 1712 habuit
1678 1664 1796 1713 duas
1821 1666 2045 1715 candelas

269 1764 357 1812 pro
381 1764 431 1796 se
454 1752 500 1796 et
521 1747 657 1795 dictis
680 1751 882 1810 quatuor
902 1744 1212 1809 presbyteris,
1242 1745 1526 1808 pluvialibus
1551 1746 1746 1806 indutis,
1777 1748 2046 1811 quiaintel-
2101 1741 2111 1753 ⁸

268 1831 363 1880 lexi
383 1831 449 1878 ita
465 1846 571 1878 esse
593 1831 651 1878 de
679 1846 815 1878 more
844 1830 931 1877 sibi
959 1830 1188 1878 dandum.
1216 1833 1353 1890 Item,
1389 1830 1438 1878 in
1465 1831 1573 1879 aula
1599 1831 1796 1880 cuilibet
1823 1832 2042 1881 recitanti

270 1914 501 1974 officium,
534 1914 642 1961 dedi
673 1910 896 1962 candelas
926 1929 1092 1976 parvas
1124 1917 1171 1962 et
1196 1913 1459 1977 majoribus
1495 1914 1591 1963 sive
1624 1914 2040 1979 principalioribus

269 2002 587 2046 conventuum
627 2013 711 2045 seu
743 1996 1052 2044 ecclesiarum
1083 2012 1182 2045 sex.
1212 1999 1349 2056 Item,
1386 1988 1609 2045 intrando
1646 1997 1902 2046 ecclesiam
1935 1999 2041 2063 qui-

267 2080 383 2128 libet
421 2079 590 2129 habuit
629 2086 832 2146 quatuor
863 2082 1086 2130 candelas
1114 2086 1160 2130 et
1190 2085 1286 2130 tres
1320 2081 1597 2140 baiocchos,
1633 2086 1681 2130 et
1720 2081 1904 2145 priores
1942 2082 2040 2143 sive

270 2163 468 2211 sacriste
490 2169 813 2212 conventuum
835 2165 959 2213 ultra
978 2165 1081 2213 illas
1108 2165 1285 2213 faculas
1312 2165 1428 2213 duas
1456 2165 1613 2213 medie
1639 2165 1760 2213 libre
1778 2165 2039 2229 quamlibet

271 2247 449 2307 officio,
476 2249 769 2307 cursoribuS‚
792 2253 843 2296 ut
870 2248 1099 2309 intellexi,
1134 2248 1369 2297 debentur
1397 2248 1560 2312 viginti
1585 2248 1706 2297 libre
1731 2249 2039 2298 candelarum

270 2347 538 2395 parvarum,
581 2348 691 2379 cum
743 2347 915 2395 corpus
965 2337 1093 2380 esset
1138 2331 1187 2378 in
1238 2332 1445 2380 ecclesia
1489 2332 1717 2395 positum.
1761 2332 1868 2380 Fuit
1914 2332 2042 2381 circa

270 2414 483 2462 medium
527 2415 729 2462 ecclesie
761 2415 842 2462 ubi
895 2415 1052 2462 clerus
1107 2414 1244 2463 Urbis
1290 2414 1405 2461 dixit
1456 2430 1595 2461 suum
1637 2414 1851 2463 officium
1889 2419 1937 2463 et
1973 2416 2040 2463 illi
2116 2418 2125 2429 ‘

269 2502 472 2560 quatuor
488 2496 755 2561 presbyteri
778 2497 826 2544 in
852 2497 1133 2560 pluvialibus
1161 2498 1380 2545 fecerunt
1410 2496 1734 2544 absolutiones
1759 2498 1894 2560 Juxta
1918 2498 2044 2545 ordi-

269 2596 382 2628 nem
421 2596 577 2628 suum.
613 2580 768 2628 Finito
805 2580 985 2639 officio,
1029 2581 1200 2628 fratres
1228 2580 1425 2628 Araceli
1456 2581 1782 2644 deposuerunt
1812 2581 2039 2631 defuncto

268 2666 527 2731 planetam,
553 2664 783 2712 annulum
807 2663 1153 2728 pontificalem,
1186 2678 1279 2726 que
1312 2679 1404 2712 una
1432 2679 1542 2712 cum
1572 2665 1715 2728 pallio
1744 2680 1890 2714 aureo
1912 2665 2041 2729 quod

271 2758 415 2813 super
436 2748 670 2796 catalecto
697 2747 908 2811 positum
943 2746 1099 2794 fuerat
1129 2750 1175 2794 et
1207 2746 1469 2795 mataracio
1503 2763 1612 2796 cum
1643 2748 1872 2812 pulvinari
1896 2748 2038 2797 resti-

274 2836 464 2881 tuerunt
484 2832 544 2880 ad
564 2832 760 2879 domum
783 2830 996 2879 defuncti
1020 2830 1323 2893 reportanda.

336 2916 473 2964 Feria
505 2915 733 2974 secunda,
774 2918 800 2962 2
830 2913 1057 2973 octobiiS,
1090 2914 1214 2962 lecte
1234 2914 1427 2963 fuerunt
1459 2915 1824 2965 constitutiones
1855 2921 1959 2966 rote
1989 2917 2038 2966 in

271 3016 394 3048 nova
423 2999 663 3048 audientia
689 2999 814 3062 apud
843 2998 1088 3047 basilicam
1122 3014 1161 3045 s.
1199 2998 1344 3046 Petri.
1378 2999 1567 3047 Domini
1596 3000 1836 3048 auditores
1864 3005 1966 3049 rote
1988 3005 2036 3049 et

269 3082 651 3130 locumtenentes
691 3097 855 3130 eorum
893 3084 1256 3144 resumpserunt
1297 3097 1481 3142 causaS,
1532 3088 1580 3131 et
1612 3083 1804 3132 fuerunt
1843 3083 2035 3148 incepte

270 3165 528 3214 audientie.
1886 3156 1889 3157 ⁷
1999 3159 2003 3164 ⁴

332 3249 469 3296 Feria
492 3249 648 3309 tertia,
681 3252 707 3297 3
735 3249 914 3298 mensis
943 3249 1170 3307 octobris,
1202 3251 1256 3296 R.
1288 3249 1335 3295 in
1368 3249 1555 3296 Christo
1591 3252 1641 3297 P.
1672 3251 1879 3299 Thomas
1912 3252 2034 3314 epis-

266 3345 414 3393 copus
450 3332 624 3378 Exinus
658 3332 707 3379 in
733 3332 915 3395 maj0re
949 3333 1132 3396 capella
1151 3332 1311 3395 palatii
1345 3332 1592 3395 apostolici
1613 3335 1738 3396 apud
1774 3350 1810 3382 s.
1840 3337 2033 3382 Petrum

267 3404 521 3462 celeblavit
559 3415 755 3462 missam
799 3412 1039 3478 publicam
1087 3412 1422 3463 defunctorum
1456 3414 1592 3476 juxta
1635 3415 2030 3464 consuetudinem
