2262 3958
168 302 430 360 [havian-149⁰]
613 302 782 339 RERUM
816 302 1121 340 URBANARUM
1157 302 1511 341 COMMENTARII.
1884 304 1952 339 387

166 423 255 474 pro
275 407 363 468 eis,
387 411 438 456 ut
459 407 720 472 prefertur,
742 406 991 466 ordinatiS,
1028 404 1451 454 vicecancellarius
1472 404 1776 469 baptizandO,
1803 402 1956 453 semel

170 494 354 541 tantum
375 506 487 540 cum
502 507 628 554 aqua
649 506 845 540 crucem
870 489 985 540 fecit
1007 505 1153 553 super
1174 488 1411 538 cervicem
1432 486 1736 552 baptizande,
1762 485 1954 535 interim

168 574 334 624 dicens
355 575 406 623 in
421 575 613 623 nomine
633 575 814 633 Patris,
845 582 929 621 etc.
1953 583 1957 587 ’

236 659 393 708 Finito
413 658 595 719 officio,
620 653 857 722 baptizata
878 658 935 704 ad
958 657 1157 704 domum
1181 656 1328 720 patris
1348 659 1593 720 reportata
1614 659 1704 715 est,
1730 658 1777 703 et
1798 653 1954 703 cardi-

171 743 308 792 nales
330 757 502 791 omnes
523 741 584 790 ad
605 757 691 789 sua
707 739 886 804 palatia
907 739 1172 798 redierunt,
1200 739 1370 798 trihus,
1395 742 1754 797 Beneventano,
1782 738 1955 786 Ursino

172 830 222 876 et
254 843 296 875 s.
329 825 583 875 Anastasie
613 823 839 887 demptis,
871 822 970 886 qui,
1006 822 1044 869 si
1067 826 1198 870 recte
1229 821 1447 880 memini,
1474 821 1755 885 priusquam
1784 822 1844 870 ad
1872 838 1959 870 sua

170 910 348 976 palatia
367 909 599 967 redirent,
623 907 896 971 predictum
932 905 1245 954 Franciscum
1274 905 1410 964 Cibo,
1446 906 1581 969 cujus
1603 906 1701 954 filia
1722 906 1958 970 baptizata

169 998 261 1056 est,
284 994 335 1042 in
354 992 530 1058 palatio
558 1005 644 1039 suo
664 990 988 1039 visitaverunt.

220 1077 375 1126 'Faria
400 1075 558 1135 tertia,
591 1065 631 1124 '5
666 1074 781 1123 dicti
810 1074 993 1123 mensis
1024 1075 1253 1139 januarii,
1277 1075 1437 1139 vigilia
1467 1075 1722 1139 epiphanie
1744 1075 1954 1135 Domini,

167 1161 364 1211 fuerunt
390 1144 591 1224 vespere
621 1158 820 1223 papales
847 1159 897 1206 in
926 1159 1108 1224 capella
1146 1159 1331 1223 majore
1358 1159 1522 1223 palatii
1551 1158 1803 1223 apostolici
1831 1159 1961 1224 apud

169 1261 209 1294 s.
247 1246 463 1304 Petrum,
503 1246 631 1308 Papa
658 1247 916 1308 presente;
948 1247 995 1292 et
1016 1243 1092 1291 die
1122 1243 1361 1307 sequenti,
1388 1243 1512 1292 festo
1539 1243 1777 1307 ejusdem,
1811 1243 1959 1292 missa

170 1327 404 1378 solemnis
424 1327 473 1376 in
493 1327 696 1376 basilica
724 1344 762 1375 s.
803 1327 929 1376 Petri
959 1343 1102 1390 quam
1125 1327 1383 1376 celebravit
1411 1331 1576 1376 RmuS.
1612 1330 1669 1376 D.
1704 1328 1960 1377 cardinalis

169 1412 532 1478 Neapolitanus,
577 1415 707 1476 Papa
753 1415 982 1476 presente
1026 1428 1035 1459 :
1088 1427 1366 1460 sermonem
1418 1412 1531 1461 fecit
1571 1412 1766 1475 quidam
1812 1413 1961 1461 frater

96 1532 98 1534 v
170 1497 352 1549 ordinis
375 1506 622 1546 servorum
642 1497 784 1545 beate
800 1496 967 1545 Marie.
989 1497 1074 1545 SS.
1098 1499 1155 1544 D.
1180 1499 1237 1546 N.
1263 1502 1523 1560 antequam
1542 1497 1693 1546 exiret
1715 1512 1959 1545 cameram

169 1582 460 1648 paramenti,
477 1586 733 1646 postquam
760 1580 923 1630 omnia
955 1585 1239 1645 paramenta
1272 1586 1544 1646 acceperat,
1569 1581 1688 1630 mihi
1719 1581 1961 1630 mandavit

171 1670 223 1716 ut
242 1669 342 1716 RR.
374 1669 468 1715 PP.
491 1666 592 1715 DD.
626 1665 946 1716 Benedictum
971 1665 1394 1730 archiepiscopum
1428 1665 1780 1725 Nicosiensem,
1806 1667 1960 1714 Anto-

169 1749 304 1800 nium
334 1751 394 1800 de
421 1751 612 1800 Grassis
641 1751 924 1815 episcopum
955 1750 1276 1808 Tiburtinum,
1311 1750 1708 1814 Sanctitatisbsue
1740 1749 1960 1799 referen-

171 1833 362 1884 darium
394 1838 638 1884 secretum
677 1838 725 1884 et
763 1834 906 1882 unius
951 1850 1010 1883 ex
1043 1834 1167 1882 sacri
1206 1834 1369 1898 palatii
1414 1833 1666 1898 apostolici
1703 1850 1961 1883 cansarum

173 1917 472 1968 auditoribus
488 1919 653 1968 locum
669 1922 919 1968 tenentem
944 1922 992 1967 et
1020 1918 1265 1967 Hibletum
1283 1918 1342 1967 de
1365 1919 1522 1966 Flisco
1545 1918 1673 1966 sedis
1695 1918 1959 1983 apostolice

173 2003 576 2068 protonotarium,
618 2020 740 2068 quos
777 2003 826 2051 in
861 2018 973 2052 suos
1014 2003 1297 2052 assistentes
1338 2003 1641 2053 ordinaverat
1681 2003 1807 2051 inter
1840 2002 1958 2050 alios

173 2086 456 2136 assistentes
484 2088 712 2136 ducerem
740 2103 795 2135 ac
823 2087 954 2150 ipsos
981 2087 1031 2134 in
1067 2087 1350 2135 assistentes
1382 2087 1531 2151 recipi
1559 2087 1841 2136 mandarem
1874 2102 1961 2150 per

174 2169 296 2220 alios
313 2171 624 2231 assistentes3
651 2172 798 2235 quod,
823 2171 1015 2235 incepta
1035 2171 1257 2234 epistola,
1282 2171 1392 2219 feci.

237 2257 382 2305 Festo
411 2255 685 2321 epiphanie,
719 2259 746 2303 6
777 2254 1006 2319 Januarii,
1035 2254 1164 2303 circa
1186 2255 1359 2303 horam
1382 2255 1682 2318 vigesimam,
1713 2259 1956 2319 portatum

171 2342 246 2388 est
264 2339 327 2388 ad
342 2339 592 2388 basilicam
611 2356 650 2387 s.
684 2338 833 2397 Petri,
860 2338 1066 2386 cadaver
1089 2338 1184 2386 sive
1213 2354 1390 2403 corpus
1418 2339 1650 2387 Johannis
1682 2339 1741 2387 de
1768 2339 1962 2387 Lanfre-

168 2422 294 2488 dinis
321 2423 528 2472 oratoris
560 2421 928 2472 communitatis
958 2421 1368 2482 Florentinorum,
1399 2423 1459 2470 ad
1491 2425 1576 2471 SS.
1609 2426 1666 2471 D.
1692 2425 1748 2471 N.
1774 2424 1958 2471 dudum

168 2505 413 2567 destinati,
438 2507 520 2571 qui
539 2507 648 2556 heri
669 2509 778 2571 post
795 2505 1052 2570 prandium
1069 2506 1197 2555 diem
1216 2507 1388 2555 clausit
1409 2513 1697 2557 extremum.
1724 2509 1963 2556 Exhuma—

169 2595 272 2639 tum
303 2590 394 2639 fuit
421 2606 598 2656 corpus
627 2592 732 2656 ejus
761 2594 809 2640 et
838 2591 1027 2639 viscera
1048 2591 1259 2655 sepulta,
1291 2607 1467 2656 corpus
1495 2608 1608 2641 vero
1636 2598 1895 2657 postquam
1913 2592 1958 2639 in

169 2673 428 2722 ecclesiam
458 2677 703 2738 portatum
730 2674 837 2734 fuit,
871 2679 919 2724 et
946 2674 1165 2723 officium
1196 2691 1252 2723 ac
1284 2691 1445 2724 sermo
1477 2676 1739 2740 completa,
1769 2676 1961 2740 deposi-

169 2761 275 2806 tum
308 2757 396 2806 fuit
422 2757 472 2806 in
505 2759 716 2823 quadam
740 2775 887 2824 capsa
917 2759 1013 2808 tela
1040 2759 1180 2824 nigra
1209 2759 1508 2809 circumdata
1533 2765 1580 2809 et
1612 2776 1758 2825 capsa
1783 2761 1888 2824 ipsa
1912 2760 1961 2807 in

175 2840 363 2905 capella
388 2858 429 2890 s.
461 2842 612 2891 Marie
649 2843 708 2892 de
740 2842 960 2892 Floribus
992 2843 1088 2892 sive
1118 2859 1269 2908 prope
1299 2860 1407 2893 eam
1438 2845 1667 2908 reposita,
1701 2844 1812 2908 quia
1842 2843 1961 2891 infra

173 2941 356 2990 paucos
377 2924 480 2974 dies
502 2926 793 2976 Florentiam
811 2927 1102 2991 portandum
1123 2932 1243 2987 erat,
1264 2933 1408 2992 prout
1426 2929 1572 2977 etiam
1594 2929 1680 2977 fuit
1700 2931 1960 2992 portatum.

175 3009 503 3059 Interfuerunt
523 3010 703 3060 familie
727 3012 812 3059 SS.
840 3013 898 3059 D.
937 3013 993 3060 N.
1026 3014 1073 3059 et
1101 3013 1393 3059 RRmorum.
1426 3015 1527 3060 DD.
1560 3011 1875 3060 cardinalium
1905 3026 1961 3058 ac

176 3095 393 3142 oratores
414 3092 463 3141 in
485 3108 687 3143 romana
703 3094 836 3143 curia
855 3099 1108 3160 presentes
1134 3111 1144 3142 :
1172 3094 1342 3158 prelati
1375 3098 1423 3143 et
1451 3099 1669 3144 oratores
1692 3109 1962 3158 congrega-

176 3179 287 3224 runt
329 3191 380 3225 se
417 3176 466 3224 in
508 3177 664 3243 prima
706 3194 900 3228 camera
942 3182 1051 3243 post
1102 3178 1280 3237 aulam,
1333 3178 1382 3225 in
1424 3195 1517 3242 qua
1554 3178 1699 3226 etiam
1731 3177 1964 3226 sedebant

174 3262 271 3308 tres
314 3260 510 3321 funesti,
563 3261 706 3324 filius,
747 3263 947 3312 maritus
994 3262 1090 3310 filie
1135 3266 1183 3310 et
1223 3262 1372 3310 frater
1418 3262 1582 3310 uxoris
1636 3278 1746 3321 suc;
1791 3277 1967 3326 corpus

171 3343 369 3407 Jacebat
385 3343 436 3393 in
456 3345 566 3394 aula
586 3362 732 3411 supra
749 3363 970 3397 mensam
995 3362 1130 3395 more
1164 3345 1324 3406 solito,
1351 3348 1399 3393 et
1417 3345 1546 3394 circa
1566 3344 1812 3394 hincinde
1833 3344 1971 3393 sede-

180 3426 297 3475 bant
335 3427 595 3478 familiares
636 3429 709 3478 sui
761 3429 940 3479 funesti
980 3429 1174 3479 circiter
1220 3429 1411 3489 decem,
1456 3429 1755 3478 funeralibus
1796 3428 1968 3494 pannis
