2262 3958
350 268 428 309 ‘35¹1'
933 270 1164 306 JOHANNJS
1197 270 1490 307 BURCHARDL
1895 273 2002 313 [Avru
2025 275 2115 314 1487]

353 380 440 424 est.
481 377 708 425 Similiter
741 380 786 423 et
823 390 992 423 omnes
1022 373 1118 432 alii,
1155 373 1328 422 deinde
1359 389 1524 421 comes
1554 375 1767 424 Tendille
1802 379 1962 423 orator
1991 375 2118 439 regis

353 459 706 523 Hispaniarum,
731 456 1046 522 protonotarii
1067 457 1126 504 de
1154 456 1402 514 Columna,
1437 455 1715 506 assistentes
1741 461 1886 521 Pape,
1925 462 2120 506 senator

354 542 507 601 Urbis,
531 547 745 590 oratores
767 540 1039 604 principum
1076 539 1184 587 laici
1204 556 1213 598 ;
1238 539 1552 603 protonotarii
1574 541 1758 588 nobiles
1781 541 1842 589 ad
1857 540 2118 590 scabellum

353 625 621 673 successive
660 623 794 671 multi
826 623 903 671 alii
937 640 1022 671 suo
1062 623 1258 681 ordine;
1301 627 1346 671 et
1385 626 1513 686 Papa
1545 623 1912 672 communicavit
1948 639 2118 673 omnes

353 710 586 770 quotquot
602 710 837 755 venerunt
859 710 906 754 et
927 706 1090 754 omnia
1109 706 1201 754 alia
1219 706 1345 754 facta
1370 711 1478 753 sunt
1499 721 1634 754 more
1657 705 1813 754 solito.
1840 709 1952 755 Post
1970 707 2121 755 eleva-

358 790 534 838 tionem
562 790 848 838 sacramenti
868 789 915 837 in
939 789 1075 838 altari
1097 789 1145 837 in
1167 789 1330 849 missa,
1356 805 1414 838 ex
1436 789 1660 837 mandato
1678 792 1822 853 Pape,
1851 793 1898 837 ut
1915 789 2119 853 populus

316 870 318 872 ’
357 872 611 922 ecclesiam
632 873 799 932 exiret,
822 877 1044 921 ostensus
1065 873 1152 921 fuit
1175 873 1325 920 vultus
1348 877 1559 920 sanctus.
1585 875 1729 937 Papa,
1752 872 1886 920 finita
1905 872 2054 921 missa
2074 875 2122 923 et

357 956 467 1004 data
485 956 822 1004 benedictione
847 973 932 1020 per
960 959 1136 1020 Papam
1162 956 1262 1004 sine
1291 956 1612 1020 indulgentiiS,
1644 959 1858 1019 portatus
1885 955 1972 1004 fuit
1994 958 2123 1020 Papa

355 1039 776 1103 processionaliter
797 1056 884 1103 per
905 1039 1121 1087 ultimam
1142 1055 1310 1088 navem
1334 1039 1412 1087 ubi
1434 1039 1608 1087 iterum
1629 1043 1850 1088 ostensus
1868 1039 1953 1087 fuit
1967 1039 2121 1087 vultus

357 1121 564 1171 Domini.
603 1122 786 1170 Deinde
819 1122 1035 1170 ascendit
1071 1122 1130 1170 ad
1159 1122 1319 1170 locum
1361 1121 1710 1170 benedictionis
1744 1121 1847 1181 ubi,
1885 1121 2122 1170 stantibus

357 1205 578 1254 omnibus
598 1205 919 1254 cardinalibus
942 1211 989 1253 et
1003 1205 1199 1269 prelatis
1214 1205 1410 1269 paratis,
1429 1208 1557 1269 Papa
1578 1204 1822 1253 benedixit
1844 1204 2124 1254 solemniter

356 1288 533 1352 populo
562 1304 694 1336 more
726 1293 959 1338 consueto
988 1294 1036 1338 et
1061 1289 1189 1338 dedit
1209 1289 1448 1353 plenarias
1483 1289 1805 1352 indulgentias
1832 1304 1949 1351 quas
1967 1288 2126 1336 cardi-

357 1371 477 1419 nalis
521 1388 560 1419 s.
599 1371 791 1435 Georgii
836 1371 917 1435 qui
960 1371 1260 1436 evangelium
1312 1372 1495 1420 dixerat
1528 1370 1783 1434 publicavit
1816 1370 1866 1418 in
1903 1369 2052 1419 latino
2080 1373 2127 1419 et
2171 1366 2177 1374 '

358 1453 612 1502 cardinalis
648 1454 874 1503 Senensis
908 1455 957 1502 in
993 1455 1194 1519 vulgari.
1224 1458 1343 1503 Tum
1374 1455 1641 1503 cardinales
1676 1457 1723 1502 et
1754 1453 1923 1518 prelati
1956 1469 2126 1502 omnes

361 1539 692 1603 deposuerunt
731 1543 1014 1602 paramenta
1047 1543 1181 1588 extra
1214 1539 1376 1587 locum
1408 1538 1776 1598 benedictionis,
1802 1537 1947 1601 aliqui
1978 1536 2125 1595 intus,

361 1627 408 1670 et
444 1624 572 1686 Papa
601 1622 733 1670 dedit
759 1622 1003 1671 licentiam
1036 1622 1357 1671 cardinalibus
1389 1622 1630 1682 omnibus,
1663 1621 1879 1670 ascendit
1913 1620 1975 1669 ad
1996 1618 2130 1683 pala-

363 1705 496 1764 tium,
531 1706 661 1753 exuit
697 1721 748 1754 se
775 1705 820 1753 in
857 1722 1051 1755 camera
1087 1710 1274 1755 secreta
1307 1710 1354 1754 et
1382 1705 1593 1754 comedit
1625 1705 1684 1754 de
1719 1703 1962 1769 caprettiS.

426 1788 565 1837 Feria
585 1789 796 1838 secunda
813 1790 1014 1848 Pasche,
1045 1793 1101 1837 16
1124 1789 1303 1853 aprilis,
1336 1792 1501 1837 Rmus.
1527 1791 1584 1837 D.
1608 1789 1851 1838 Johannes
1875 1786 2129 1837 cardinalis

361 1871 730 1921 Mediolanensis
751 1872 865 1920 fecit
886 1872 1098 1921 officium
1119 1872 1167 1920 in
1186 1872 1369 1936 capella
1387 1888 1578 1936 magna,
1603 1872 1651 1919 in
1679 1871 1967 1935 paramentis
1989 1870 2126 1930 albis,

362 1958 490 2019 Papa
509 1959 734 2019 presente
764 1954 846 2018 qui
879 1971 988 2003 cum
1021 1956 1123 2003 solo
1157 1956 1384 2004 cardinali
1415 1958 1628 2004 Senense
1663 1959 1710 2003 et
1745 1954 1907 2003 multis
1936 1953 2131 2018 prelatis

364 2038 503 2086 exivit
521 2054 762 2086 cameram
786 2055 920 2086 suam
939 2043 1130 2102 paratus
1149 2054 1282 2087 more
1299 2039 1455 2087 solito.
1477 2040 1744 2102 Antequam
1760 2043 1924 2087 tamen
1936 2037 2134 2085 intraret

364 2121 597 2185 capellam
634 2121 760 2170 circa
791 2122 963 2170 horam
997 2138 1064 2181 xl,
1105 2122 1254 2171 oravit
1283 2126 1394 2171 ante
1424 2122 1596 2181 altare,
1633 2121 1746 2169 fecit
1778 2119 2134 2169 confessionem

365 2208 412 2253 et
429 2204 591 2253 omnia
612 2204 704 2253 alia
731 2220 866 2253 more
894 2211 1146 2254 consueto.
1178 2204 1317 2254 Dicta
1344 2208 1416 2253 est
1438 2209 1624 2253 tantum
1653 2220 1749 2252 una
1779 2203 1931 2252 oratio
1965 2206 2013 2252 et
2038 2218 2135 2250 non

365 2287 454 2336 fuit
469 2304 647 2336 sermo.
673 2288 777 2336 Alia
799 2288 961 2336 omnia
984 2293 1179 2352 peracta
1200 2293 1308 2337 sunt
1329 2304 1462 2337 more
1492 2292 1743 2336 consueto.

434 2371 571 2419 Feria
591 2371 731 2419 tertia
751 2372 952 2430 Pasche,
982 2375 1035 2419 17
1060 2371 1239 2435 aprilis,
1261 2374 1425 2418 Rmus.
1446 2373 1500 2418 D.
1527 2369 1779 2418 cardinalis
1800 2367 2135 2418 Ulixbonensis

368 2470 455 2502 seu
485 2454 840 2517 Portugalensis
876 2455 925 2501 in
959 2454 1143 2518 capella
1173 2469 1348 2517 magna
1383 2453 1498 2501 fecit
1531 2452 1740 2500 officium
1768 2452 1817 2499 in
1843 2450 2136 2516 paramentis

368 2535 505 2595 albis,
528 2539 657 2601 Papa
672 2540 899 2601 presente
926 2535 1006 2599 qui
1031 2536 1206 2584 iterum
1229 2551 1337 2583 cum
1365 2534 1467 2583 solo
1497 2533 1726 2582 cardinali
1754 2534 1967 2581 Senense
1996 2531 2138 2580 exivit

369 2623 416 2667 et
436 2619 631 2667 venitin
647 2619 881 2683 capellam
907 2636 916 2667 :
943 2624 994 2667 ut
1013 2619 1136 2677 heri,
1162 2618 1288 2667 dicta
1314 2622 1386 2666 est
1408 2617 1456 2664 in
1482 2617 1631 2665 missa
1652 2632 1747 2664 una
1771 2620 1956 2664 tantum
1983 2613 2136 2663 oratio

370 2706 417 2752 et
436 2719 534 2751 non
554 2703 640 2751 fuit
662 2719 838 2752 sermo.
863 2703 968 2751 Alia
982 2703 1142 2751 omnia
1163 2702 1413 2750 observata
1436 2706 1545 2749 sunt
1566 2716 1700 2749 more
1720 2703 1970 2749 consueto.

436 2786 643 2834 Sabbato
664 2786 713 2834 in
735 2786 872 2847 albis,
899 2790 952 2833 21
990 2786 1169 2850 aprilis,
1195 2789 1251 2834 R.
1282 2788 1334 2833 P.
1359 2788 1416 2833 D.
1442 2783 1833 2847 archiepiscopus
1866 2779 2135 2844 Ragusinus

371 2868 482 2917 fecit
503 2868 714 2916 officium
734 2868 784 2916 in
805 2868 989 2932 capella
1009 2884 1183 2932 magna
1202 2867 1251 2915 in
1268 2867 1562 2932 paramentis
1584 2866 1720 2927 albis,
1746 2869 1874 2930 Papa
1889 2866 2130 2930 presente.

375 2951 496 2999 Dixit
520 2951 675 3000 Gloria
702 2952 751 2999 in
772 2952 980 3012 excelsis,
1004 2952 1117 3000 Pax
1145 2951 1286 3011 vobiS,
1311 2956 1409 3000 tres
1437 2950 1677 2999 orationes
1704 2968 1712 2997 :
1732 2949 1954 3014 primam,
1979 2948 2038 2997 de
2059 2945 2135 2994 die

376 3034 462 3083 sub
497 3051 582 3083 sua
625 3035 958 3094 conclusione;
1008 3035 1286 3095 secundam,
1323 3037 1490 3083 contra
1527 3049 1766 3097 paganos3
1804 3030 2010 3090 tertiam,
2049 3043 2136 3094 pro

377 3120 521 3182 Papa.
547 3119 643 3167 Sub
663 3118 756 3167 alia
778 3118 1087 3167 conclusione
1114 3118 1230 3166 dixit
1261 3117 1410 3165 Credo
1437 3120 1485 3164 et
1513 3131 1611 3164 non
1640 3115 1728 3163 fuit
1761 3130 1936 3164 sermo.
1969 3111 2140 3163 Omnia

377 3201 469 3249 alia
489 3218 623 3251 more
645 3202 784 3251 solito
806 3207 915 3250 sunt
936 3202 1201 3250 observata.

444 3277 598 3333 Finita
618 3285 781 3346 missa,
816 3288 943 3349 Papa
966 3285 1015 3332 in
1043 3288 1228 3334 secreta
1254 3299 1446 3332 camera
1475 3299 1577 3344 sua,
1603 3283 1773 3331 stolam
1804 3297 1948 3347 super
1973 3279 2144 3328 roche-

386 3371 485 3418 tum
518 3373 709 3430 tenens,
744 3369 920 3418 creavit
948 3369 997 3416 in
1038 3355 1238 3416 militem
1268 3384 1304 3415 s.
1331 3367 1476 3427 Petri,
1511 3366 1820 3431 spectabilem
1852 3365 2001 3413 virum
2034 3366 2146 3412 Ber-
