2262 3958
371 320 441 355 546
1119 319 1401 358 APPENDICE.

368 421 617 472 pontificem
647 421 887 462 maximum
925 431 978 460 ex
1021 419 1234 461 industria
1267 420 1390 470 adiit,
1423 420 1666 461 aduentum
1704 422 2047 463 denunciaturus
2090 424 2139 462 ut

367 487 522 528 urbem
542 497 630 527 una
649 486 847 527 introiret
867 485 986 536 quod
1006 485 1299 526 cardinalatus
1335 485 1534 538 dignitati
1552 496 1641 526 non
1661 487 1915 528 concederet
1935 487 2138 539 princeps

369 553 561 604 Zyzymy
597 552 673 592 ubi
707 550 918 603 palatium
957 551 1245 602 apostolicum
1276 550 1482 602 applicuit
1516 551 1572 591 ab
1613 550 1823 592 cardinali
1860 552 2132 603 perhumano

370 620 577 667 exceptus
607 619 673 656 est
699 616 859 665 animo,
896 615 1346 668 othumannidemque
1387 615 1630 668 principem
1662 615 1719 656 ad
1758 616 2000 659 destinatas
2032 617 2138 658 edes

370 681 587 732 perduxit,
619 693 730 733 quas
777 680 1035 722 iamdudum
1074 681 1256 722 incoluit
1296 680 1488 722 clemens
1525 692 1638 733 papa
1679 681 1798 732 apud
1835 693 1946 734 quas
1983 683 2138 723 Petrus

371 746 657 799 Raymundus
679 749 848 787 sacosta
871 746 1140 788 Rhodiorum
1157 747 1362 800 Magister
1382 747 1512 799 paulo
1536 748 1570 787 II
1591 744 1798 797 pontifice
1813 747 1990 787 sedente
2010 757 2140 800 gene-

370 811 460 852 rale
479 812 717 864 capitulum
740 811 992 852 celebrauit.
1015 812 1088 852 His
1121 812 1389 864 compositis,
1413 812 1553 853 Guido
1585 812 1704 863 prior
1736 814 1780 852 et
1806 811 1961 852 Rhodii
1975 811 2137 852 milites

369 877 621 928 pontificem
641 877 881 918 maximum
901 877 1078 927 adeunt,
1103 888 1214 930 quos
1235 878 1423 930 benigne
1439 877 1608 929 excepit
1623 877 1805 929 eiusque
1826 877 1954 918 iussu
1973 876 2136 929 palatio

370 942 573 984 resident.
614 943 754 984 Pridie
797 946 945 983 autem
975 942 1075 983 idus
1112 943 1297 984 marcias
1339 954 1463 984 sacer
1494 945 1674 983 senatus
1703 941 1911 994 frequens
1950 942 2138 984 habetur

370 1018 457 1059 quo
483 1019 639 1060 regum
661 1007 795 1060 legati
813 1008 1021 1049 mandata
1050 1011 1288 1059 exponunt,
1311 1008 1517 1060 pontifice
1534 1020 1610 1060 pro
1639 1008 1847 1049 tribunali
1873 1008 2056 1049 sedente
2074 1018 2138 1049 as·
2163 1000 2166 1002 ’

372 1073 631 1114 sistentibus
652 1073 944 1114 cardinalibus
965 1074 1296 1126 archiepiscopis
1321 1073 1536 1125 episcopis
1565 1073 1770 1125 palatinis
1799 1073 2136 1126 insignibusque

370 1138 489 1180 viris.
512 1138 704 1179 Accessit
724 1138 864 1179 Guido
900 1149 949 1178 ac
984 1139 1188 1180 dominus
1217 1138 1270 1179 de
1304 1139 1488 1179 Falcone
1518 1139 1594 1190 qui
1630 1142 1824 1191 Zyzymy
1851 1138 1929 1180 fidi
1952 1139 2133 1180 comites

368 1204 695 1244 mahumeteum
730 1202 971 1255 principem
999 1203 1250 1244 innocentio
1285 1205 1377 1244 VIII
1412 1195 1625 1246 obtulere.
1664 1205 1704 1245 Is
1741 1204 1903 1256 quippe
1934 1204 2136 1246 dextrum

366 1267 583 1320 pontificis
598 1267 744 1309 ferunt
765 1269 899 1309 sacris
919 1269 1118 1310 vestibus
1146 1272 1349 1309 ornatum
1377 1271 1420 1309 et
1449 1270 1639 1310 maxime
1657 1268 1895 1321 indignans
1926 1269 2133 1322 quamuis

365 1334 615 1385 premonuit
635 1334 870 1383 osculatur,
893 1345 972 1385 per
990 1345 1128 1385 pauca
1142 1334 1531 1386 verbainterpretis
1558 1334 1815 1375 commercio
1835 1334 1990 1375 habuit
2009 1346 2019 1375 :
2040 1346 2129 1387 que
2181 1336 2186 1339 '

365 1399 526 1440 fuerint
544 1399 663 1440 haud
683 1399 788 1440 mihi
810 1402 914 1440 sunt
932 1402 1166 1455 comperta.
1200 1401 1312 1440 Tum
1343 1402 1535 1452 Zyzymy
1554 1399 1611 1440 ad
1630 1398 1874 1440 cardinales
1891 1410 2132 1441 conuersus

367 1463 563 1516 singulos
602 1466 836 1505 veneratur
867 1467 910 1505 et
943 1476 1118 1516 quoque
1151 1463 1339 1506 offitium
1371 1464 1616 1513 reddidere,
1652 1474 1733 1504 nec
1770 1465 1918 1505 minus
1954 1465 2132 1517 quidem

365 1529 573 1570 exhibuit.
607 1530 876 1571 Mahumetes
897 1529 1028 1570 feroci
1048 1530 1224 1582 quidem
1245 1530 1390 1570 animo
1412 1532 1480 1570 est
1498 1532 1540 1570 et
1562 1530 1928 1572 othumannidum
1946 1534 2125 1585 gentem

363 1594 525 1635 cunctis
540 1596 767 1646 anteponit
787 1608 796 1636 :
812 1594 880 1636 his
892 1596 1123 1645 absolutis,
1141 1596 1341 1636 discessit
1353 1598 1546 1648 Zyzymy
1560 1599 1602 1636 et
1614 1596 1671 1637 ad
1684 1596 1788 1637 edes
1803 1597 1995 1648 perrexit
2012 1597 2131 1638 :lau-

365 1660 482 1701 dauit
502 1660 740 1702 admodum
760 1662 1037 1701 mahumetes
1057 1660 1275 1713 pontificis
1300 1664 1343 1701 et
1372 1661 1482 1702 sacri
1515 1664 1694 1702 senatus
1718 1662 1898 1713 cultum,
1925 1673 2128 1715 pompam

363 1728 403 1766 et
422 1726 778 1776 obseruantiam;
805 1727 1045 1779 solatioque
1067 1727 1150 1767 sibi
1169 1726 1251 1767 fuit
1267 1727 1345 1767 hec
1367 1726 1607 1778 aspexisse.
1637 1744 1653 1762 ι»

415 1818 472 1856 Le
492 1817 592 1857 titre
613 1817 666 1857 de
686 1817 910 1870 l'ouvrage
941 1819 1065 1868 porte
1087 1830 1095 1857 ε
1121 1833 1136 1852 «
1161 1817 1380 1858 Guillelmi
1402 1816 1612 1858 Caonrsin
1644 1816 1911 1859 Rhodiorum
1931 1818 2130 1860 Vicecan-

362 1879 536 1930 cellarii,
560 1881 809 1922 Obsidionis
833 1881 997 1922 Rhodie
1017 1882 1138 1922 urbis
1157 1881 1402 1933 descriptio.
1428 1898 1444 1916 ι»

413 1967 577 2020 (In-fol.
600 1969 809 2022 gothique
830 1973 1064 2012 contenant
1083 1971 1107 2012 9
1129 1970 1361 2022 opuscules
1396 1970 1587 2011 formant
1616 1971 1840 2013 ensemble
1875 1971 1926 2012 60
1957 1971 1999 2012 ff.
2028 1971 2054 2013 a
2077 1971 2128 2013 47

358 2034 501 2086 lignes
523 2046 603 2085 par
622 2046 749 2087 page,
771 2039 812 2076 et
826 2035 877 2077 36
890 2047 1102 2089 gravures
1121 2047 1197 2076 sur
1212 2036 1309 2076 bois
1331 2035 1418 2076 fort
1438 2036 1678 2087 curieuses,
1695 2040 1820 2089 porte
1839 2048 1895 2078 en
1915 2038 2130 2090 souscrip-

358 2099 451 2140 tion
476 2098 764 2150 :Impressum
790 2104 901 2142 Ulme
919 2115 967 2153 p.
996 2102 1138 2142 imme.
1164 2103 1310 2153 Reyer.
1329 2100 1452 2141 Anno
1476 2100 1648 2142 Domini
1674 2113 1744 2143 no.
1772 2098 2010 2143 MCCCCX
2013 2100 2047 2142 C
2056 2100 2124 2152 VI,

359 2163 424 2204 die
441 2164 599 2206 XXIV
617 2166 816 2219 Octobris)
845 2167 914 2220 (1).
938 2176 940 2178 “
2112 2196 2122 2199 e

1216 2387 1270 2431 35

414 2543 429 2562 α
455 2526 744 2568 Commission
763 2520 822 2567 du
840 2529 934 2579 Roy
953 2538 1010 2568 au
1031 2526 1148 2566 sieur
1166 2528 1219 2568 de
1239 2526 1512 2590 Blanchefort
1527 2530 1568 2567 et
1584 2525 1607 2567 a
1623 2527 1839 2568 Anthoine
1853 2527 1992 2568 Gimel
2009 2538 2124 2580 pour

354 2589 397 2630 la
415 2592 617 2632 conduite
635 2592 689 2633 de
710 2593 861 2633 Sultan
883 2593 1014 2632 Zizim
1035 2591 1082 2632 es
1104 2594 1257 2632 Terres
1279 2593 1332 2633 de
1346 2591 1537 2644 l'Eglise.

413 2709 428 2728 ιι
454 2693 630 2733 Charles
648 2703 727 2744 par
746 2692 787 2733 la
805 2704 936 2744 grace
965 2692 1019 2733 de
1045 2692 1155 2733 Dieu
1184 2694 1276 2745 Roy
1305 2692 1359 2733 de
1387 2694 1547 2733 France
1571 2703 1580 2731 :
1602 2693 1637 2732 A
1659 2702 1741 2732 nos
1773 2704 1894 2733 amez
1923 2695 1966 2733 et
1994 2692 2122 2735 feaux

354 2758 567 2798 Anthoine
588 2758 638 2797 de
659 2758 940 2808 Blanchefort‚
969 2757 1199 2808 cheualier‚
1227 2761 1376 2798 nostre
1404 2758 1699 2808 Chambellan,
1723 2763 1765 2800 et
1789 2760 2004 2801 Anthoine
2031 2760 2121 2802 Sei-

353 2835 495 2876 gneur
511 2825 561 2863 de
580 2822 724 2873 Gimel,
748 2823 984 2864 Mareschal
1004 2823 1057 2863 de
1077 2834 1158 2863 nos
1178 2823 1306 2876 logis,
1325 2822 1444 2863 Salat
1463 2827 1499 2863 et
1516 2825 1724 2865 dilection.
1742 2826 1919 2866 Comme
1933 2836 2011 2877 par
2023 2836 2122 2866 nos-

353 2891 419 2929 tre
439 2888 735 2937 commission,
759 2887 897 2940 conge
919 2891 961 2928 et
977 2888 1155 2937 licence‚
1179 2890 1314 2928 Zizim
1341 2887 1499 2928 Sulcan
1514 2892 1632 2939 sre're
1652 2890 1710 2930 du
1732 2891 1874 2930 Grand
1903 2893 2122 2946 Tura-eut

354 2952 445 2993 este
465 2952 620 2994 amene
643 2964 696 2993 en
713 2955 862 2993 nostre
885 2955 1107 3005 Royaume
1125 2965 1205 3004 par
1223 2965 1331 2993 ceux
1360 2953 1412 2993 de
1436 2954 1477 2993 la
1505 2954 1702 3006 Religion
1733 2955 1786 2995 de
1815 2955 1988 2996 Rhodes
2011 2965 2123 3007 pour

352 3029 382 3070 y
399 3021 513 3058 estre
533 3019 634 3070 plus
655 3021 905 3058 seurement
924 3017 1074 3070 garde,
1099 3030 1146 3058 ce
1164 3019 1239 3069 qui
1259 3030 1283 3058 a
1303 3017 1396 3058 este
1428 3017 1504 3058 fait
1534 3030 1613 3069 par
1638 3020 1800 3060 certain
1828 3023 1988 3071 temps,
2018 3031 2123 3072 pen-

353 3083 458 3123 dant
479 3084 624 3135 lequel
644 3086 793 3124 nostre
814 3081 1058 3123 Saint-Pere
1078 3083 1118 3123 Ie
1136 3085 1264 3134 Pape,
1291 3086 1333 3123 et
1356 3083 1478 3123 aussi
1498 3083 1539 3123 le
1560 3084 1921 3134 Grand-Maistre‚
1946 3087 1989 3125 et
2013 3096 2119 3125 ceux

354 3148 406 3188 de
428 3148 560 3189 ladite
581 3148 777 3201 Religion
797 3148 850 3188 de
873 3148 1045 3188 Rhodes
1065 3149 1265 3188 auroient
1287 3146 1457 3200 enuoye
1480 3148 1638 3188 deuers
1666 3160 1779 3190 nous
1799 3148 1824 3190 a
1843 3160 1891 3190 ce
1910 3160 1996 3200 que
2014 3149 2120 3190 ledit

353 3212 482 3252 Zizim
502 3212 592 3253 fust
617 3212 697 3254 tire
715 3213 819 3253 hors
840 3216 988 3254 nostre
1021 3213 1082 3253 dit
1108 3215 1332 3265 Royaume
1362 3223 1473 3263 pour
1502 3216 1616 3254 estre
1643 3213 1771 3255 mene
1804 3213 1852 3255 es
1877 3216 2032 3255 Terres
2064 3213 2120 3254 de

391 3338 419 3369 1.
445 3338 489 3370 Le
505 3339 598 3371 texte
620 3339 662 3372 de
677 3337 768 3371 cette
788 3335 923 3368 edition
938 3345 957 3367 a
973 3335 1025 3368 ete
1043 3335 1246 3368 fidelement
1260 3334 1443 3377 reproduit
1457 3335 1513 3375 ici,
1531 3336 1611 3368 sauf
1625 3337 1659 3370 la
1670 3338 1915 3380 ponetuation,
1930 3337 2117 3379 composee

347 3389 395 3473 {Ie
414 3390 532 3431 points
553 3393 588 3424 et
603 3391 647 3424 de
664 3392 757 3425 deux
773 3392 893 3434 points
913 3393 976 3434 qui
994 3392 1190 3425 detruisent
1209 3394 1360 3425 souvent
1380 3392 1412 3425 le
1433 3402 1514 3425 sens
1536 3396 1570 3427 et
1590 3394 1741 3428 rendent
1754 3394 1788 3427 la
1803 3394 1937 3428 lecture
1958 3393 2019 3426 des
2033 3392 2112 3434 plus

364 3442 550 3484 atigantes.
