<?xml version="1.0" encoding="UTF-8"?>
<!DOCTYPE html PUBLIC "-//W3C//DTD XHTML 1.0 Transitional//EN"
    "http://www.w3.org/TR/xhtml1/DTD/xhtml1-transitional.dtd">
<html xmlns="http://www.w3.org/1999/xhtml" xml:lang="en" lang="en">
 <head>
  <title>
</title>
<meta http-equiv="Content-Type" content="text/html;charset=utf-8" />
  <meta name='ocr-system' content='tesseract 3.04.00' />
  <meta name='ocr-capabilities' content='ocr_page ocr_carea ocr_par ocr_line ocrx_word'/>
</head>
<body>
  <div class='ocr_page' id='page_1' title='image "./diariumsivererum01burcuoft_0142.png"; bbox 0 0 2262 3958; ppageno 0'>
   <div class='ocr_carea' id='block_1_1' title="bbox 316 359 2107 407">
    <p class='ocr_par' dir='ltr' id='par_1_1' title="bbox 316 359 2107 407">
     <span class='ocr_line' id='line_1_1' title="bbox 316 359 2107 407; baseline -0.008 -3"><span class='ocrx_word' id='word_1_1' title='bbox 316 369 383 404; x_wconf 77' lang='grc'>132</span> <span class='ocrx_word' id='word_1_2' title='bbox 911 360 1142 397; x_wconf 80' lang='lat' dir='ltr'>JOHANNIS</span> <span class='ocrx_word' id='word_1_3' title='bbox 1175 359 1468 404; x_wconf 80' lang='lat' dir='ltr'>BURCHARDI,</span> <span class='ocrx_word' id='word_1_4' title='bbox 1813 359 2074 407; x_wconf 63' lang='lat' dir='ltr'>[summi-1485]</span> <span class='ocrx_word' id='word_1_5' title='bbox 2104 381 2107 384; x_wconf 86' lang='lat'>.</span> 
     </span>
    </p>
   </div>
   <div class='ocr_carea' id='block_1_2' title="bbox 302 460 2087 3523">
    <p class='ocr_par' dir='ltr' id='par_1_2' title="bbox 309 460 2077 776">
     <span class='ocr_line' id='line_1_2' title="bbox 311 460 2077 527; baseline -0.005 -10"><span class='ocrx_word' id='word_1_6' title='bbox 311 469 520 517; x_wconf 75' lang='lat' dir='ltr'>notarios</span> <span class='ocrx_word' id='word_1_7' title='bbox 573 467 783 527; x_wconf 87' lang='lat' dir='ltr'>aliosque</span> <span class='ocrx_word' id='word_1_8' title='bbox 829 463 1040 510; x_wconf 74' lang='lat' dir='ltr'>notarios</span> <span class='ocrx_word' id='word_1_9' title='bbox 1090 463 1168 510; x_wconf 90' lang='lat' dir='ltr'>hic</span> <span class='ocrx_word' id='word_1_10' title='bbox 1210 466 1459 526; x_wconf 78' lang='lat' dir='ltr'>presentes</span> <span class='ocrx_word' id='word_1_11' title='bbox 1511 464 1562 509; x_wconf 87' lang='lat' dir='ltr'>ut</span> <span class='ocrx_word' id='word_1_12' title='bbox 1611 478 1755 525; x_wconf 83' lang='lat' dir='ltr'>supra</span> <span class='ocrx_word' id='word_1_13' title='bbox 1801 460 2077 525; x_wconf 90' lang='lat' dir='ltr'>hujusmodi</span> 
     </span>
     <span class='ocr_line' id='line_1_3' title="bbox 311 545 2076 611; baseline -0.003 -12"><span class='ocrx_word' id='word_1_14' title='bbox 311 550 513 600; x_wconf 76' lang='lat' dir='ltr'>solemni</span> <span class='ocrx_word' id='word_1_15' title='bbox 544 546 917 604; x_wconf 77' lang='lat' dir='ltr'>canonizatione,</span> <span class='ocrx_word' id='word_1_16' title='bbox 965 550 1074 593; x_wconf 90' lang='lat' dir='ltr'>actu</span> <span class='ocrx_word' id='word_1_17' title='bbox 1102 545 1366 594; x_wconf 88' lang='lat' dir='ltr'>conficiatis</span> <span class='ocrx_word' id='word_1_18' title='bbox 1395 561 1542 593; x_wconf 90' lang='lat' dir='ltr'>unum</span> <span class='ocrx_word' id='word_1_19' title='bbox 1575 548 1622 593; x_wconf 90' lang='lat' dir='ltr'>et</span> <span class='ocrx_word' id='word_1_20' title='bbox 1647 545 1799 609; x_wconf 81' lang='lat' dir='ltr'>plura,</span> <span class='ocrx_word' id='word_1_21' title='bbox 1833 546 2076 611; x_wconf 90' lang='lat' dir='ltr'>publicum</span> 
     </span>
     <span class='ocr_line' id='line_1_4' title="bbox 310 629 2073 697; baseline -0.003 -15"><span class='ocrx_word' id='word_1_22' title='bbox 310 638 356 682; x_wconf 88' lang='lat' dir='ltr'>et</span> <span class='ocrx_word' id='word_1_23' title='bbox 370 634 571 697; x_wconf 83' lang='lat' dir='ltr'>publica,</span> <span class='ocrx_word' id='word_1_24' title='bbox 588 632 958 678; x_wconf 69' lang='lat' dir='ltr'>instrumentum</span> <span class='ocrx_word' id='word_1_25' title='bbox 968 629 1357 687; x_wconf 87' lang='lat' dir='ltr'>etinstrumenta,</span> <span class='ocrx_word' id='word_1_26' title='bbox 1373 634 1419 677; x_wconf 91' lang='lat' dir='ltr'>et</span> <span class='ocrx_word' id='word_1_27' title='bbox 1434 644 1462 676; x_wconf 87' lang='lat' dir='ltr'>a</span> <span class='ocrx_word' id='word_1_28' title='bbox 1477 630 1524 677; x_wconf 87' lang='lat' dir='ltr'>S.</span> <span class='ocrx_word' id='word_1_29' title='bbox 1543 645 1607 687; x_wconf 90' lang='lat' dir='ltr'>v.,</span> <span class='ocrx_word' id='word_1_30' title='bbox 1624 629 1904 678; x_wconf 82' lang='lat' dir='ltr'>Beatissime</span> <span class='ocrx_word' id='word_1_31' title='bbox 1920 634 2073 693; x_wconf 84' lang='lat' dir='ltr'>pater,</span> 
     </span>
     <span class='ocr_line' id='line_1_5' title="bbox 309 711 2072 776; baseline -0.002 -10"><span class='ocrx_word' id='word_1_32' title='bbox 309 717 501 765; x_wconf 79' lang='lat' dir='ltr'>decerni</span> <span class='ocrx_word' id='word_1_33' title='bbox 518 720 563 762; x_wconf 88' lang='lat' dir='ltr'>et</span> <span class='ocrx_word' id='word_1_34' title='bbox 579 712 777 763; x_wconf 88' lang='lat' dir='ltr'>concedi</span> <span class='ocrx_word' id='word_1_35' title='bbox 797 712 948 759; x_wconf 91' lang='lat' dir='ltr'>bullas</span> <span class='ocrx_word' id='word_1_36' title='bbox 964 715 1011 760; x_wconf 88' lang='grc'>01</span> <span class='ocrx_word' id='word_1_37' title='bbox 1030 711 1191 759; x_wconf 82' lang='lat' dir='ltr'>literas</span> <span class='ocrx_word' id='word_1_38' title='bbox 1205 711 1490 776; x_wconf 84' lang='lat' dir='ltr'>apostolicas</span> <span class='ocrx_word' id='word_1_39' title='bbox 1504 727 1650 775; x_wconf 82' lang='lat' dir='ltr'>super</span> <span class='ocrx_word' id='word_1_40' title='bbox 1668 711 1742 760; x_wconf 90' lang='lat' dir='ltr'>his</span> <span class='ocrx_word' id='word_1_41' title='bbox 1756 717 2032 776; x_wconf 79' lang='lat' dir='ltr'>oportunus.</span> <span class='ocrx_word' id='word_1_42' title='bbox 2050 733 2072 757; x_wconf 89' lang='lat'>»</span> 
     </span>
    </p>

    <p class='ocr_par' dir='ltr' id='par_1_3' title="bbox 303 794 2078 1438">
     <span class='ocr_line' id='line_1_6' title="bbox 375 794 2074 861; baseline -0.001 -15"><span class='ocrx_word' id='word_1_43' title='bbox 375 798 551 861; x_wconf 84' lang='lat' dir='ltr'>[lisque</span> <span class='ocrx_word' id='word_1_44' title='bbox 586 797 721 845; x_wconf 89' lang='lat' dir='ltr'>dictis</span> <span class='ocrx_word' id='word_1_45' title='bbox 756 797 839 844; x_wconf 90' lang='lat' dir='ltr'>SS.</span> <span class='ocrx_word' id='word_1_46' title='bbox 873 797 927 842; x_wconf 90' lang='lat' dir='ltr'>D.</span> <span class='ocrx_word' id='word_1_47' title='bbox 963 796 1015 842; x_wconf 92' lang='lat' dir='ltr'>N.</span> <span class='ocrx_word' id='word_1_48' title='bbox 1049 799 1177 842; x_wconf 87' lang='lat' dir='ltr'>stans</span> <span class='ocrx_word' id='word_1_49' title='bbox 1207 794 1397 843; x_wconf 86' lang='lat' dir='ltr'>detecto</span> <span class='ocrx_word' id='word_1_50' title='bbox 1429 794 1582 859; x_wconf 90' lang='lat' dir='ltr'>capite</span> <span class='ocrx_word' id='word_1_51' title='bbox 1615 810 1779 843; x_wconf 84' lang='lat' dir='ltr'>versus</span> <span class='ocrx_word' id='word_1_52' title='bbox 1813 795 1874 844; x_wconf 90' lang='lat' dir='ltr'>ad</span> <span class='ocrx_word' id='word_1_53' title='bbox 1907 796 2074 857; x_wconf 82' lang='lat' dir='ltr'>altare,</span> 
     </span>
     <span class='ocr_line' id='line_1_7' title="bbox 309 877 2074 945; baseline -0.001 -16"><span class='ocrx_word' id='word_1_54' title='bbox 309 898 402 929; x_wconf 88' lang='grc'><strong>11110</strong></span> <span class='ocrx_word' id='word_1_55' title='bbox 418 898 475 929; x_wconf 88' lang='lat' dir='ltr'>ex</span> <span class='ocrx_word' id='word_1_56' title='bbox 496 881 608 945; x_wconf 88' lang='lat' dir='ltr'>ipsis</span> <span class='ocrx_word' id='word_1_57' title='bbox 630 878 962 928; x_wconf 74' lang='lat' dir='ltr'>assistentibus</span> <span class='ocrx_word' id='word_1_58' title='bbox 982 878 1380 939; x_wconf 84' lang='lat' dir='ltr'>librumtenente,</span> <span class='ocrx_word' id='word_1_59' title='bbox 1404 879 1542 942; x_wconf 92' lang='lat' dir='ltr'>dixit:</span> <span class='ocrx_word' id='word_1_60' title='bbox 1568 877 1612 926; x_wconf 80' lang='lat' dir='ltr'><em>T</em></span> <span class='ocrx_word' id='word_1_61' title='bbox 1608 895 1631 926; x_wconf 91' lang='lat' dir='ltr'>e</span> <span class='ocrx_word' id='word_1_62' title='bbox 1642 878 1791 927; x_wconf 86' lang='lat' dir='ltr'>Deum</span> <span class='ocrx_word' id='word_1_63' title='bbox 1806 879 2074 939; x_wconf 80' lang='lat' dir='ltr'>laudamus,</span> 
     </span>
     <span class='ocr_line' id='line_1_8' title="bbox 309 961 2078 1027; baseline -0.002 -14"><span class='ocrx_word' id='word_1_64' title='bbox 309 965 583 1013; x_wconf 85' lang='lat' dir='ltr'>cantoribus</span> <span class='ocrx_word' id='word_1_65' title='bbox 613 962 922 1027; x_wconf 86' lang='lat' dir='ltr'>sequentibus</span> <span class='ocrx_word' id='word_1_66' title='bbox 948 977 1100 1024; x_wconf 91' lang='lat' dir='ltr'>usque</span> <span class='ocrx_word' id='word_1_67' title='bbox 1122 962 1181 1009; x_wconf 89' lang='lat' dir='ltr'>ad</span> <span class='ocrx_word' id='word_1_68' title='bbox 1209 962 1371 1021; x_wconf 88' lang='lat' dir='ltr'>finem,</span> <span class='ocrx_word' id='word_1_69' title='bbox 1399 965 1526 1026; x_wconf 89' lang='lat' dir='ltr'>Papa</span> <span class='ocrx_word' id='word_1_70' title='bbox 1553 962 1780 1010; x_wconf 89' lang='lat' dir='ltr'>continuo</span> <span class='ocrx_word' id='word_1_71' title='bbox 1807 963 1908 1011; x_wconf 87' lang='lat' dir='ltr'>sine</span> <span class='ocrx_word' id='word_1_72' title='bbox 1937 961 2078 1010; x_wconf 81' lang='lat' dir='ltr'>mitra</span> 
     </span>
     <span class='ocr_line' id='line_1_9' title="bbox 309 1045 2076 1109; baseline -0.001 -13"><span class='ocrx_word' id='word_1_73' title='bbox 309 1053 479 1096; x_wconf 87' lang='lat' dir='ltr'>stante.</span> <span class='ocrx_word' id='word_1_74' title='bbox 518 1051 620 1104; x_wconf 84' lang='lat' dir='ltr'>Quo</span> <span class='ocrx_word' id='word_1_75' title='bbox 650 1046 782 1094; x_wconf 87' lang='lat' dir='ltr'>finito</span> <span class='ocrx_word' id='word_1_76' title='bbox 812 1048 976 1093; x_wconf 85' lang='lat' dir='ltr'>Rmus.</span> <span class='ocrx_word' id='word_1_77' title='bbox 1010 1047 1066 1092; x_wconf 92' lang='lat' dir='ltr'>D.</span> <span class='ocrx_word' id='word_1_78' title='bbox 1103 1045 1357 1093; x_wconf 86' lang='lat' dir='ltr'>cardinalis</span> <span class='ocrx_word' id='word_1_79' title='bbox 1396 1045 1621 1093; x_wconf 87' lang='lat' dir='ltr'>Senensis</span> <span class='ocrx_word' id='word_1_80' title='bbox 1649 1061 1677 1093; x_wconf 83' lang='lat' dir='ltr'>a</span> <span class='ocrx_word' id='word_1_81' title='bbox 1706 1045 1914 1094; x_wconf 78' lang='lat' dir='ltr'>dexteris</span> <span class='ocrx_word' id='word_1_82' title='bbox 1950 1048 2076 1109; x_wconf 75' lang='lat' dir='ltr'>Papo</span> 
     </span>
     <span class='ocr_line' id='line_1_10' title="bbox 308 1128 2076 1193; baseline -0.003 -13"><span class='ocrx_word' id='word_1_83' title='bbox 308 1131 535 1180; x_wconf 82' lang='lat' dir='ltr'>assistens</span> <span class='ocrx_word' id='word_1_84' title='bbox 566 1131 680 1177; x_wconf 84' lang='lat' dir='ltr'>dixit</span> <span class='ocrx_word' id='word_1_85' title='bbox 714 1130 807 1177; x_wconf 88' lang='lat' dir='ltr'>alta</span> <span class='ocrx_word' id='word_1_86' title='bbox 838 1145 953 1177; x_wconf 89' lang='lat' dir='ltr'>voce</span> <span class='ocrx_word' id='word_1_87' title='bbox 988 1128 1036 1175; x_wconf 92' lang='lat' dir='ltr'>in</span> <span class='ocrx_word' id='word_1_88' title='bbox 1067 1144 1151 1176; x_wconf 83' lang='lat' dir='ltr'>suo</span> <span class='ocrx_word' id='word_1_89' title='bbox 1186 1133 1314 1177; x_wconf 85' lang='lat' dir='ltr'>stans</span> <span class='ocrx_word' id='word_1_90' title='bbox 1339 1129 1447 1177; x_wconf 90' lang='grc'><strong>1000</strong></span> <span class='ocrx_word' id='word_1_91' title='bbox 1483 1145 1492 1177; x_wconf 90' lang='lat'>:</span> <span class='ocrx_word' id='word_1_92' title='bbox 1531 1129 1626 1176; x_wconf 81' lang='lat' dir='ltr'>Ora</span> <span class='ocrx_word' id='word_1_93' title='bbox 1645 1145 1736 1193; x_wconf 90' lang='lat' dir='ltr'>pro</span> <span class='ocrx_word' id='word_1_94' title='bbox 1767 1129 1914 1189; x_wconf 89' lang='lat' dir='ltr'>nobis,</span> <span class='ocrx_word' id='word_1_95' title='bbox 1950 1128 2076 1175; x_wconf 82' lang='lat' dir='ltr'>beate</span> 
     </span>
     <span class='ocr_line' id='line_1_11' title="bbox 303 1199 2074 1277; baseline -0.002 -17"><span class='ocrx_word' id='word_1_96' title='bbox 303 1213 560 1276; x_wconf 83' lang='lat' dir='ltr'>Leopolde;</span> <span class='ocrx_word' id='word_1_97' title='bbox 593 1215 814 1259; x_wconf 80' lang='lat' dir='ltr'>cantores</span> <span class='ocrx_word' id='word_1_98' title='bbox 849 1211 1203 1275; x_wconf 83' lang='lat' dir='ltr'>responderunt</span> <span class='ocrx_word' id='word_1_99' title='bbox 1244 1229 1256 1260; x_wconf 90' lang='lat'><strong>:</strong></span> <span class='ocrx_word' id='word_1_100' title='bbox 1305 1212 1372 1260; x_wconf 87' lang='lat' dir='ltr'>Ut</span> <span class='ocrx_word' id='word_1_101' title='bbox 1406 1199 1541 1277; x_wconf 71' lang='lat' dir='ltr'>diyni</span> <span class='ocrx_word' id='word_1_102' title='bbox 1578 1212 1850 1277; x_wconf 77' lang='lat' dir='ltr'>efficiamur</span> <span class='ocrx_word' id='word_1_103' title='bbox 1873 1211 2074 1275; x_wconf 90' lang='lat' dir='ltr'>promis-</span> 
     </span>
     <span class='ocr_line' id='line_1_12' title="bbox 305 1294 2074 1360; baseline -0.001 -18"><span class='ocrx_word' id='word_1_104' title='bbox 305 1296 508 1343; x_wconf 72' lang='lat' dir='ltr'>sionibus</span> <span class='ocrx_word' id='word_1_105' title='bbox 537 1295 725 1355; x_wconf 73' lang='lat' dir='ltr'>Christi,</span> <span class='ocrx_word' id='word_1_106' title='bbox 753 1303 835 1342; x_wconf 86' lang='lat' dir='ltr'>ete.</span> <span class='ocrx_word' id='word_1_107' title='bbox 859 1298 979 1343; x_wconf 93' lang='lat' dir='ltr'>Tum</span> <span class='ocrx_word' id='word_1_108' title='bbox 1006 1298 1134 1360; x_wconf 88' lang='lat' dir='ltr'>Papa</span> <span class='ocrx_word' id='word_1_109' title='bbox 1160 1300 1288 1344; x_wconf 84' lang='lat' dir='ltr'>stans</span> <span class='ocrx_word' id='word_1_110' title='bbox 1315 1300 1367 1344; x_wconf 93' lang='lat' dir='ltr'>ut</span> <span class='ocrx_word' id='word_1_111' title='bbox 1393 1296 1540 1360; x_wconf 83' lang='lat' dir='ltr'>prius,</span> <span class='ocrx_word' id='word_1_112' title='bbox 1571 1295 1797 1359; x_wconf 88' lang='lat' dir='ltr'>episcopo</span> <span class='ocrx_word' id='word_1_113' title='bbox 1823 1294 2074 1343; x_wconf 81' lang='lat' dir='ltr'>assistente</span> 
     </span>
     <span class='ocr_line' id='line_1_13' title="bbox 310 1377 2032 1438; baseline -0.002 -12"><span class='ocrx_word' id='word_1_114' title='bbox 310 1395 405 1427; x_wconf 91' lang='lat' dir='ltr'>non</span> <span class='ocrx_word' id='word_1_115' title='bbox 426 1379 671 1438; x_wconf 76' lang='lat' dir='ltr'>cardinali,</span> <span class='ocrx_word' id='word_1_116' title='bbox 692 1380 865 1427; x_wconf 81' lang='lat' dir='ltr'>librum</span> <span class='ocrx_word' id='word_1_117' title='bbox 885 1383 1098 1438; x_wconf 89' lang='lat' dir='ltr'>tenente,</span> <span class='ocrx_word' id='word_1_118' title='bbox 1123 1379 1236 1427; x_wconf 86' lang='lat' dir='ltr'>dixit</span> <span class='ocrx_word' id='word_1_119' title='bbox 1262 1398 1270 1427; x_wconf 91' lang='lat'><strong>:</strong></span> <span class='ocrx_word' id='word_1_120' title='bbox 1301 1379 1514 1427; x_wconf 87' lang='lat' dir='ltr'>Oremus.</span> <span class='ocrx_word' id='word_1_121' title='bbox 1542 1378 1711 1427; x_wconf 79' lang='lat' dir='ltr'>Adesto</span> <span class='ocrx_word' id='word_1_122' title='bbox 1731 1377 1928 1426; x_wconf 79' lang='lat' dir='ltr'>Domine</span> <span class='ocrx_word' id='word_1_123' title='bbox 1949 1383 2032 1424; x_wconf 88' lang='lat' dir='ltr'>etc.</span> 
     </span>
    </p>

    <p class='ocr_par' dir='ltr' id='par_1_4' title="bbox 302 1460 2083 3021">
     <span class='ocr_line' id='line_1_14' title="bbox 375 1460 2074 1526; baseline -0.002 -16"><span class='ocrx_word' id='word_1_124' title='bbox 375 1463 457 1510; x_wconf 91' lang='lat' dir='ltr'>His</span> <span class='ocrx_word' id='word_1_125' title='bbox 479 1463 617 1511; x_wconf 87' lang='lat' dir='ltr'>dictis</span> <span class='ocrx_word' id='word_1_126' title='bbox 639 1462 880 1526; x_wconf 84' lang='lat' dir='ltr'>predictus</span> <span class='ocrx_word' id='word_1_127' title='bbox 909 1462 1160 1511; x_wconf 84' lang='lat' dir='ltr'>cardinalis</span> <span class='ocrx_word' id='word_1_128' title='bbox 1190 1462 1414 1510; x_wconf 87' lang='lat' dir='ltr'>Senensis</span> <span class='ocrx_word' id='word_1_129' title='bbox 1439 1462 1654 1511; x_wconf 86' lang='lat' dir='ltr'>ascendit</span> <span class='ocrx_word' id='word_1_130' title='bbox 1680 1461 1738 1508; x_wconf 89' lang='lat' dir='ltr'>de</span> <span class='ocrx_word' id='word_1_131' title='bbox 1765 1460 1908 1524; x_wconf 87' lang='lat' dir='ltr'>plano</span> <span class='ocrx_word' id='word_1_132' title='bbox 1930 1475 2074 1524; x_wconf 87' lang='lat' dir='ltr'>supe-</span> 
     </span>
     <span class='ocr_line' id='line_1_15' title="bbox 311 1542 2079 1610; baseline -0.002 -16"><span class='ocrx_word' id='word_1_133' title='bbox 311 1546 446 1594; x_wconf 73' lang='lat' dir='ltr'>rioris</span> <span class='ocrx_word' id='word_1_134' title='bbox 470 1545 572 1593; x_wconf 88' lang='lat' dir='ltr'>solii</span> <span class='ocrx_word' id='word_1_135' title='bbox 595 1549 740 1610; x_wconf 88' lang='lat' dir='ltr'>Pape,</span> <span class='ocrx_word' id='word_1_136' title='bbox 765 1549 812 1594; x_wconf 88' lang='lat' dir='ltr'>et</span> <span class='ocrx_word' id='word_1_137' title='bbox 840 1549 968 1593; x_wconf 88' lang='lat' dir='ltr'>stans</span> <span class='ocrx_word' id='word_1_138' title='bbox 990 1546 1038 1592; x_wconf 91' lang='lat' dir='ltr'>in</span> <span class='ocrx_word' id='word_1_139' title='bbox 1058 1546 1213 1609; x_wconf 79' lang='lat' dir='ltr'>primo</span> <span class='ocrx_word' id='word_1_140' title='bbox 1233 1546 1382 1610; x_wconf 82' lang='lat' dir='ltr'>gradu</span> <span class='ocrx_word' id='word_1_141' title='bbox 1407 1545 1466 1593; x_wconf 87' lang='lat' dir='ltr'>ad</span> <span class='ocrx_word' id='word_1_142' title='bbox 1488 1545 1733 1593; x_wconf 86' lang='lat' dir='ltr'>dexteram</span> <span class='ocrx_word' id='word_1_143' title='bbox 1756 1542 1998 1608; x_wconf 84' lang='lat' dir='ltr'>pontificis</span> <span class='ocrx_word' id='word_1_144' title='bbox 2019 1542 2079 1591; x_wconf 84' lang='lat' dir='ltr'>ad</span> 
     </span>
     <span class='ocr_line' id='line_1_16' title="bbox 312 1621 2078 1692; baseline -0.002 -15"><span class='ocrx_word' id='word_1_145' title='bbox 312 1645 421 1677; x_wconf 90' lang='lat' dir='ltr'>eum</span> <span class='ocrx_word' id='word_1_146' title='bbox 443 1645 621 1688; x_wconf 79' lang='lat' dir='ltr'>versus,</span> <span class='ocrx_word' id='word_1_147' title='bbox 648 1629 800 1692; x_wconf 90' lang='lat' dir='ltr'>capite</span> <span class='ocrx_word' id='word_1_148' title='bbox 823 1629 1069 1687; x_wconf 89' lang='lat' dir='ltr'>inclinato,</span> <span class='ocrx_word' id='word_1_149' title='bbox 1100 1629 1215 1677; x_wconf 87' lang='lat' dir='ltr'>dixit</span> <span class='ocrx_word' id='word_1_150' title='bbox 1242 1621 1335 1677; x_wconf 88' lang='lat' dir='ltr'>alta</span> <span class='ocrx_word' id='word_1_151' title='bbox 1361 1644 1475 1677; x_wconf 88' lang='lat' dir='ltr'>voce</span> <span class='ocrx_word' id='word_1_152' title='bbox 1503 1646 1511 1675; x_wconf 92' lang='lat'>:</span> <span class='ocrx_word' id='word_1_153' title='bbox 1539 1628 1775 1692; x_wconf 78' lang='lat' dir='ltr'>Confiteor</span> <span class='ocrx_word' id='word_1_154' title='bbox 1798 1626 1900 1675; x_wconf 89' lang='lat' dir='ltr'>Deo</span> <span class='ocrx_word' id='word_1_155' title='bbox 1926 1625 2078 1674; x_wconf 85' lang='lat' dir='ltr'>omni-</span> 
     </span>
     <span class='ocr_line' id='line_1_17' title="bbox 302 1708 2076 1777; baseline -0.002 -17"><span class='ocrx_word' id='word_1_156' title='bbox 302 1714 500 1777; x_wconf 86' lang='lat' dir='ltr'>potenti,</span> <span class='ocrx_word' id='word_1_157' title='bbox 545 1713 670 1760; x_wconf 78' lang='lat' dir='ltr'>beate</span> <span class='ocrx_word' id='word_1_158' title='bbox 701 1712 857 1760; x_wconf 71' lang='lat' dir='ltr'>Illarie</span> <span class='ocrx_word' id='word_1_159' title='bbox 896 1728 1075 1775; x_wconf 88' lang='lat' dir='ltr'>semper</span> <span class='ocrx_word' id='word_1_160' title='bbox 1113 1713 1302 1776; x_wconf 68' lang='lat' dir='ltr'>virqini,</span> <span class='ocrx_word' id='word_1_161' title='bbox 1352 1711 1484 1760; x_wconf 70' lang='lat' dir='ltr'>beato*</span> <span class='ocrx_word' id='word_1_162' title='bbox 1519 1710 1743 1758; x_wconf 80' lang='lat' dir='ltr'>Michaeli</span> <span class='ocrx_word' id='word_1_163' title='bbox 1780 1708 2076 1774; x_wconf 69' lang='lat' dir='ltr'>arelianqelo,</span> 
     </span>
     <span class='ocr_line' id='line_1_18' title="bbox 315 1791 2083 1858; baseline -0.002 -16"><span class='ocrx_word' id='word_1_164' title='bbox 315 1795 442 1842; x_wconf 78' lang='lat' dir='ltr'>beato</span> <span class='ocrx_word' id='word_1_165' title='bbox 463 1793 671 1841; x_wconf 78' lang='lat' dir='ltr'>Jolianni</span> <span class='ocrx_word' id='word_1_166' title='bbox 693 1794 920 1858; x_wconf 76' lang='lat' dir='ltr'>Baptiste,</span> <span class='ocrx_word' id='word_1_167' title='bbox 944 1795 1115 1842; x_wconf 80' lang='lat' dir='ltr'>sanctis</span> <span class='ocrx_word' id='word_1_168' title='bbox 1142 1796 1355 1858; x_wconf 80' lang='lat' dir='ltr'>apostolis</span> <span class='ocrx_word' id='word_1_169' title='bbox 1379 1796 1522 1842; x_wconf 88' lang='lat' dir='ltr'>Petro</span> <span class='ocrx_word' id='word_1_170' title='bbox 1549 1802 1595 1842; x_wconf 90' lang='lat' dir='ltr'>et</span> <span class='ocrx_word' id='word_1_171' title='bbox 1616 1793 1790 1852; x_wconf 80' lang='lat' dir='ltr'>Paulo,</span> <span class='ocrx_word' id='word_1_172' title='bbox 1816 1792 1942 1840; x_wconf 78' lang='lat' dir='ltr'>beato</span> <span class='ocrx_word' id='word_1_173' title='bbox 1965 1791 2083 1839; x_wconf 84' lang='lat' dir='ltr'>Leo—</span> 
     </span>
     <span class='ocr_line' id='line_1_19' title="bbox 303 1864 2081 1941; baseline -0.002 -16"><span class='ocrx_word' id='word_1_174' title='bbox 303 1878 446 1941; x_wconf 85' lang='lat' dir='ltr'>poldo</span> <span class='ocrx_word' id='word_1_175' title='bbox 493 1866 598 1924; x_wconf 74' lang='lat' dir='ltr'>cuin</span> <span class='ocrx_word' id='word_1_176' title='bbox 647 1878 859 1925; x_wconf 87' lang='lat' dir='ltr'>omnibus</span> <span class='ocrx_word' id='word_1_177' title='bbox 903 1880 1074 1926; x_wconf 76' lang='lat' dir='ltr'>sanctis</span> <span class='ocrx_word' id='word_1_178' title='bbox 1116 1886 1160 1925; x_wconf 90' lang='lat' dir='ltr'>et</span> <span class='ocrx_word' id='word_1_179' title='bbox 1193 1879 1289 1937; x_wconf 87' lang='lat' dir='ltr'>tibi,</span> <span class='ocrx_word' id='word_1_180' title='bbox 1332 1864 1503 1936; x_wconf 82' lang='lat' dir='ltr'>Pater,</span> <span class='ocrx_word' id='word_1_181' title='bbox 1552 1878 1663 1941; x_wconf 78' lang='lat' dir='ltr'>quia</span> <span class='ocrx_word' id='word_1_182' title='bbox 1700 1876 1890 1940; x_wconf 80' lang='lat' dir='ltr'>peccavi</span> <span class='ocrx_word' id='word_1_183' title='bbox 1937 1874 2081 1923; x_wconf 79' lang='lat' dir='ltr'>&#39;nimis</span> 
     </span>
     <span class='ocr_line' id='line_1_20' title="bbox 313 1958 2082 2025; baseline -0.002 -17"><span class='ocrx_word' id='word_1_184' title='bbox 313 1960 608 2024; x_wconf 71' lang='lat' dir='ltr'>coyitatione,</span> <span class='ocrx_word' id='word_1_185' title='bbox 643 1960 775 2007; x_wconf 69' lang='lat' dir='ltr'>verbo</span> <span class='ocrx_word' id='word_1_186' title='bbox 812 1968 857 2007; x_wconf 91' lang='lat' dir='ltr'>et</span> <span class='ocrx_word' id='word_1_187' title='bbox 881 1977 1043 2024; x_wconf 84' lang='lat' dir='ltr'>opere,·</span> <span class='ocrx_word' id='word_1_188' title='bbox 1081 1977 1182 2009; x_wconf 82' lang='lat' dir='ltr'>mea</span> <span class='ocrx_word' id='word_1_189' title='bbox 1218 1962 1370 2025; x_wconf 80' lang='lat' dir='ltr'>culpa,</span> <span class='ocrx_word' id='word_1_190' title='bbox 1406 1977 1508 2020; x_wconf 73' lang='lat' dir='ltr'>mea</span> <span class='ocrx_word' id='word_1_191' title='bbox 1544 1960 1696 2023; x_wconf 83' lang='lat' dir='ltr'>culpa,</span> <span class='ocrx_word' id='word_1_192' title='bbox 1732 1975 1835 2007; x_wconf 82' lang='lat' dir='ltr'>mea</span> <span class='ocrx_word' id='word_1_193' title='bbox 1872 1958 2082 2006; x_wconf 70' lang='lat' dir='ltr'>maxima</span> 
     </span>
     <span class='ocr_line' id='line_1_21' title="bbox 311 2039 2083 2108; baseline -0.002 -18"><span class='ocrx_word' id='word_1_194' title='bbox 311 2044 464 2108; x_wconf 77' lang='lat' dir='ltr'>culpa.</span> <span class='ocrx_word' id='word_1_195' title='bbox 486 2044 598 2091; x_wconf 83' lang='lat' dir='ltr'>Ideo</span> <span class='ocrx_word' id='word_1_196' title='bbox 612 2059 778 2107; x_wconf 89' lang='lat' dir='ltr'>precor</span> <span class='ocrx_word' id='word_1_197' title='bbox 795 2044 974 2092; x_wconf 78' lang='lat' dir='ltr'>beatam</span> <span class='ocrx_word' id='word_1_198' title='bbox 995 2045 1204 2092; x_wconf 79' lang='lat' dir='ltr'>Mariam</span> <span class='ocrx_word' id='word_1_199' title='bbox 1224 2061 1402 2108; x_wconf 89' lang='lat' dir='ltr'>semper</span> <span class='ocrx_word' id='word_1_200' title='bbox 1416 2044 1660 2108; x_wconf 71' lang='lat' dir='ltr'>viryinem,</span> <span class='ocrx_word' id='word_1_201' title='bbox 1678 2042 1860 2090; x_wconf 83' lang='lat' dir='ltr'>beatum</span> <span class='ocrx_word' id='word_1_202' title='bbox 1874 2039 2083 2088; x_wconf 75' lang='lat' dir='ltr'>Michae-</span> 
     </span>
     <span class='ocr_line' id='line_1_22' title="bbox 310 2122 2080 2191; baseline -0.002 -18"><span class='ocrx_word' id='word_1_203' title='bbox 310 2127 399 2173; x_wconf 89' lang='lat' dir='ltr'>lem</span> <span class='ocrx_word' id='word_1_204' title='bbox 427 2127 783 2190; x_wconf 67' lang='lat' dir='ltr'>archenqelum,</span> <span class='ocrx_word' id='word_1_205' title='bbox 822 2127 1004 2175; x_wconf 80' lang='lat' dir='ltr'>beatum</span> <span class='ocrx_word' id='word_1_206' title='bbox 1033 2127 1297 2176; x_wconf 73' lang='lat' dir='ltr'>Joluinnem</span> <span class='ocrx_word' id='word_1_207' title='bbox 1325 2128 1602 2191; x_wconf 80' lang='lat' dir='ltr'>Baptistam,</span> <span class='ocrx_word' id='word_1_208' title='bbox 1641 2133 1822 2173; x_wconf 81' lang='lat' dir='ltr'>sanctos</span> <span class='ocrx_word' id='word_1_209' title='bbox 1849 2122 2080 2187; x_wconf 77' lang='lat' dir='ltr'>apostolos</span> 
     </span>
     <span class='ocr_line' id='line_1_23' title="bbox 311 2207 2076 2275; baseline 0 -20"><span class='ocrx_word' id='word_1_210' title='bbox 311 2209 510 2257; x_wconf 89' lang='lat' dir='ltr'>Petrum</span> <span class='ocrx_word' id='word_1_211' title='bbox 529 2218 575 2258; x_wconf 89' lang='lat' dir='ltr'>et</span> <span class='ocrx_word' id='word_1_212' title='bbox 588 2211 816 2271; x_wconf 81' lang='lat' dir='ltr'>Paulum,</span> <span class='ocrx_word' id='word_1_213' title='bbox 841 2212 1023 2259; x_wconf 82' lang='lat' dir='ltr'>beatum</span> <span class='ocrx_word' id='word_1_214' title='bbox 1040 2211 1345 2275; x_wconf 79' lang='lat' dir='ltr'>Leopoldum,</span> <span class='ocrx_word' id='word_1_215' title='bbox 1367 2227 1523 2259; x_wconf 87' lang='lat' dir='ltr'>omnes</span> <span class='ocrx_word' id='word_1_216' title='bbox 1544 2219 1725 2258; x_wconf 81' lang='lat' dir='ltr'>sanctos</span> <span class='ocrx_word' id='word_1_217' title='bbox 1746 2216 1792 2257; x_wconf 88' lang='lat' dir='ltr'>et</span> <span class='ocrx_word' id='word_1_218' title='bbox 1809 2207 1887 2267; x_wconf 87' lang='lat' dir='ltr'>Te,</span> <span class='ocrx_word' id='word_1_219' title='bbox 1911 2208 2076 2266; x_wconf 83' lang='lat' dir='ltr'>Pater,</span> 
     </span>
     <span class='ocr_line' id='line_1_24' title="bbox 310 2291 2081 2358; baseline -0.001 -19"><span class='ocrx_word' id='word_1_220' title='bbox 310 2307 443 2340; x_wconf 80' lang='lat' dir='ltr'>orare</span> <span class='ocrx_word' id='word_1_221' title='bbox 463 2309 551 2356; x_wconf 87' lang='lat' dir='ltr'>pro</span> <span class='ocrx_word' id='word_1_222' title='bbox 578 2310 651 2341; x_wconf 90' lang='lat' dir='ltr'>me</span> <span class='ocrx_word' id='word_1_223' title='bbox 673 2295 736 2342; x_wconf 83' lang='lat' dir='ltr'>cul</span> <span class='ocrx_word' id='word_1_224' title='bbox 762 2296 1003 2343; x_wconf 84' lang='lat' dir='ltr'>dominum</span> <span class='ocrx_word' id='word_1_225' title='bbox 1035 2295 1193 2343; x_wconf 88' lang='lat' dir='ltr'>Deum</span> <span class='ocrx_word' id='word_1_226' title='bbox 1218 2303 1446 2343; x_wconf 87' lang='lat' dir='ltr'>nostrum.</span> <span class='ocrx_word' id='word_1_227' title='bbox 1471 2297 1591 2342; x_wconf 90' lang='lat' dir='ltr'>Tum</span> <span class='ocrx_word' id='word_1_228' title='bbox 1611 2296 1738 2358; x_wconf 86' lang='lat' dir='ltr'>Papa</span> <span class='ocrx_word' id='word_1_229' title='bbox 1765 2292 1827 2341; x_wconf 82' lang='lat' dir='ltr'>ad</span> <span class='ocrx_word' id='word_1_230' title='bbox 1856 2292 1950 2340; x_wconf 88' lang='lat' dir='ltr'>hoc</span> <span class='ocrx_word' id='word_1_231' title='bbox 1978 2291 2081 2339; x_wconf 83' lang='lat' dir='ltr'>sine</span> 
     </span>
     <span class='ocr_line' id='line_1_25' title="bbox 311 2376 2077 2442; baseline 0 -20"><span class='ocrx_word' id='word_1_232' title='bbox 311 2376 452 2423; x_wconf 84' lang='lat' dir='ltr'>mitra</span> <span class='ocrx_word' id='word_1_233' title='bbox 488 2381 636 2437; x_wconf 89' lang='lat' dir='ltr'>stans,</span> <span class='ocrx_word' id='word_1_234' title='bbox 682 2378 909 2442; x_wconf 87' lang='lat' dir='ltr'>episcopo</span> <span class='ocrx_word' id='word_1_235' title='bbox 949 2378 1201 2427; x_wconf 86' lang='lat' dir='ltr'>assistente</span> <span class='ocrx_word' id='word_1_236' title='bbox 1243 2394 1341 2426; x_wconf 91' lang='lat' dir='ltr'>non</span> <span class='ocrx_word' id='word_1_237' title='bbox 1379 2378 1604 2427; x_wconf 82' lang='lat' dir='ltr'>cardinali</span> <span class='ocrx_word' id='word_1_238' title='bbox 1648 2376 1823 2424; x_wconf 85' lang='lat' dir='ltr'>librum</span> <span class='ocrx_word' id='word_1_239' title='bbox 1863 2377 2077 2433; x_wconf 85' lang='lat' dir='ltr'>tenente,</span> 
     </span>
     <span class='ocr_line' id='line_1_26' title="bbox 311 2457 2076 2521; baseline -0.001 -16"><span class='ocrx_word' id='word_1_240' title='bbox 311 2458 425 2505; x_wconf 89' lang='lat' dir='ltr'>dixit</span> <span class='ocrx_word' id='word_1_241' title='bbox 443 2474 576 2508; x_wconf 85' lang='lat' dir='ltr'>more</span> <span class='ocrx_word' id='word_1_242' title='bbox 600 2460 738 2508; x_wconf 89' lang='lat' dir='ltr'>solito</span> <span class='ocrx_word' id='word_1_243' title='bbox 765 2477 774 2508; x_wconf 74' lang='grc' dir='ltr'>ε</span> <span class='ocrx_word' id='word_1_244' title='bbox 799 2461 1025 2508; x_wconf 80' lang='lat' dir='ltr'>Precibus</span> <span class='ocrx_word' id='word_1_245' title='bbox 1054 2469 1098 2508; x_wconf 90' lang='lat' dir='ltr'>et</span> <span class='ocrx_word' id='word_1_246' title='bbox 1124 2462 1297 2508; x_wconf 89' lang='lat' dir='ltr'>meritis</span> <span class='ocrx_word' id='word_1_247' title='bbox 1326 2462 1452 2508; x_wconf 82' lang='lat' dir='ltr'>beate</span> <span class='ocrx_word' id='word_1_248' title='bbox 1476 2460 1632 2507; x_wconf 80' lang='lat' dir='ltr'>Marie</span> <span class='ocrx_word' id='word_1_249' title='bbox 1654 2473 1833 2521; x_wconf 87' lang='lat' dir='ltr'>semper</span> <span class='ocrx_word' id='word_1_250' title='bbox 1860 2457 2076 2521; x_wconf 71' lang='lat' dir='ltr'>virqinis,</span> 
     </span>
     <span class='ocr_line' id='line_1_27' title="bbox 312 2541 2079 2608; baseline -0.001 -21"><span class='ocrx_word' id='word_1_251' title='bbox 312 2541 431 2588; x_wconf 79' lang='lat' dir='ltr'>beati</span> <span class='ocrx_word' id='word_1_252' title='bbox 471 2541 721 2590; x_wconf 76' lang='lat' dir='ltr'>Michaelis</span> <span class='ocrx_word' id='word_1_253' title='bbox 777 2544 1058 2608; x_wconf 75' lang='lat' dir='ltr'>archanqeli‚</span> <span class='ocrx_word' id='word_1_254' title='bbox 1103 2544 1222 2591; x_wconf 79' lang='lat' dir='ltr'>beati</span> <span class='ocrx_word' id='word_1_255' title='bbox 1261 2543 1493 2591; x_wconf 74' lang='lat' dir='ltr'>Jobannis</span> <span class='ocrx_word' id='word_1_256' title='bbox 1540 2541 1764 2606; x_wconf 83' lang='lat' dir='ltr'>Baptiste,</span> <span class='ocrx_word' id='word_1_257' title='bbox 1811 2546 2079 2587; x_wconf 81' lang='lat' dir='ltr'>sanctorum</span> 
     </span>
     <span class='ocr_line' id='line_1_28' title="bbox 313 2625 2076 2690; baseline -0.001 -20"><span class='ocrx_word' id='word_1_258' title='bbox 313 2625 623 2687; x_wconf 81' lang='lat' dir='ltr'>apostolorum</span> <span class='ocrx_word' id='word_1_259' title='bbox 649 2627 786 2674; x_wconf 90' lang='lat' dir='ltr'>Petri</span> <span class='ocrx_word' id='word_1_260' title='bbox 818 2634 863 2674; x_wconf 88' lang='lat' dir='ltr'>et</span> <span class='ocrx_word' id='word_1_261' title='bbox 883 2627 1046 2684; x_wconf 79' lang='lat' dir='ltr'>Pauli,</span> <span class='ocrx_word' id='word_1_262' title='bbox 1079 2627 1197 2674; x_wconf 83' lang='lat' dir='ltr'>beati</span> <span class='ocrx_word' id='word_1_263' title='bbox 1233 2625 1451 2690; x_wconf 78' lang='lat' dir='ltr'>Leopolcli</span> <span class='ocrx_word' id='word_1_264' title='bbox 1478 2634 1525 2673; x_wconf 86' lang='lat' dir='ltr'>et</span> <span class='ocrx_word' id='word_1_265' title='bbox 1549 2625 1757 2673; x_wconf 87' lang='lat' dir='ltr'>omnium</span> <span class='ocrx_word' id='word_1_266' title='bbox 1790 2630 2076 2681; x_wconf 83' lang='lat' dir='ltr'>sanctorum,</span> 
     </span>
     <span class='ocr_line' id='line_1_29' title="bbox 311 2702 2078 2773; baseline -0.001 -20"><span class='ocrx_word' id='word_1_267' title='bbox 311 2707 586 2755; x_wconf 80' lang='lat' dir='ltr'>misereatur</span> <span class='ocrx_word' id='word_1_268' title='bbox 629 2711 775 2757; x_wconf 78' lang='lat' dir='ltr'>nostri</span> <span class='ocrx_word' id='word_1_269' title='bbox 811 2710 1096 2773; x_wconf 77' lang='lat' dir='ltr'>omnipotens</span> <span class='ocrx_word' id='word_1_270' title='bbox 1128 2709 1268 2768; x_wconf 83' lang='lat' dir='ltr'>Deus,</span> <span class='ocrx_word' id='word_1_271' title='bbox 1308 2717 1354 2757; x_wconf 92' lang='lat' dir='ltr'>et</span> <span class='ocrx_word' id='word_1_272' title='bbox 1387 2709 1586 2757; x_wconf 75' lang='lat' dir='ltr'>dimissis</span> <span class='ocrx_word' id='word_1_273' title='bbox 1625 2707 1837 2757; x_wconf 87' lang='lat' dir='ltr'>omnibus</span> <span class='ocrx_word' id='word_1_274' title='bbox 1871 2702 2078 2770; x_wconf 87' lang='lat' dir='ltr'>peccatis</span> 
     </span>
     <span class='ocr_line' id='line_1_30' title="bbox 310 2788 2074 2854; baseline -0.001 -18"><span class='ocrx_word' id='word_1_275' title='bbox 310 2791 496 2851; x_wconf 86' lang='lat' dir='ltr'>nostris,</span> <span class='ocrx_word' id='word_1_276' title='bbox 526 2791 756 2854; x_wconf 81' lang='lat' dir='ltr'>perducat</span> <span class='ocrx_word' id='word_1_277' title='bbox 782 2808 858 2840; x_wconf 75' lang='lat' dir='ltr'>cos</span> <span class='ocrx_word' id='word_1_278' title='bbox 891 2793 954 2840; x_wconf 80' lang='lat' dir='ltr'>ad</span> <span class='ocrx_word' id='word_1_279' title='bbox 976 2793 1117 2840; x_wconf 80' lang='lat' dir='ltr'>vitam</span> <span class='ocrx_word' id='word_1_280' title='bbox 1149 2801 1372 2841; x_wconf 77' lang='lat' dir='ltr'>eternam.</span> <span class='ocrx_word' id='word_1_281' title='bbox 1402 2792 1454 2853; x_wconf 72' lang='grc'><strong>11).</strong></span> <span class='ocrx_word' id='word_1_282' title='bbox 1485 2792 1661 2840; x_wconf 84' lang='lat' dir='ltr'>Amen.</span> <span class='ocrx_word' id='word_1_283' title='bbox 1700 2788 2074 2854; x_wconf 71' lang='lat' dir='ltr'>Inditlyentiam,</span> 
     </span>
     <span class='ocr_line' id='line_1_31' title="bbox 311 2870 2077 2943; baseline -0.002 -23"><span class='ocrx_word' id='word_1_284' title='bbox 311 2874 642 2943; x_wconf 79' lang='lat' dir='ltr'>absolutionem</span> <span class='ocrx_word' id='word_1_285' title='bbox 675 2884 721 2923; x_wconf 91' lang='lat' dir='ltr'>et</span> <span class='ocrx_word' id='word_1_286' title='bbox 757 2876 1071 2924; x_wconf 85' lang='lat' dir='ltr'>remissionem</span> <span class='ocrx_word' id='word_1_287' title='bbox 1099 2884 1399 2941; x_wconf 82' lang='lat' dir='ltr'>peccatorum</span> <span class='ocrx_word' id='word_1_288' title='bbox 1450 2883 1703 2924; x_wconf 80' lang='lat' dir='ltr'>vestrorum</span> <span class='ocrx_word' id='word_1_289' title='bbox 1751 2873 1926 2921; x_wconf 83' lang='lat' dir='ltr'>tribuat</span> <span class='ocrx_word' id='word_1_290' title='bbox 1952 2870 2077 2919; x_wconf 81' lang='lat' dir='ltr'>vobis</span> 
     </span>
     <span class='ocr_line' id='line_1_32' title="bbox 310 2958 1480 3021; baseline 0.002 -18"><span class='ocrx_word' id='word_1_291' title='bbox 310 2958 598 3021; x_wconf 85' lang='lat' dir='ltr'>omnipotens</span> <span class='ocrx_word' id='word_1_292' title='bbox 621 2966 664 3006; x_wconf 89' lang='lat' dir='ltr'>et</span> <span class='ocrx_word' id='word_1_293' title='bbox 679 2960 937 3007; x_wconf 78' lang='lat' dir='ltr'>misericors</span> <span class='ocrx_word' id='word_1_294' title='bbox 958 2959 1210 3007; x_wconf 88' lang='lat' dir='ltr'>Dominus.</span> <span class='ocrx_word' id='word_1_295' title='bbox 1233 2959 1284 3020; x_wconf 67' lang='lat' dir='ltr'>li).</span> <span class='ocrx_word' id='word_1_296' title='bbox 1306 2962 1480 3006; x_wconf 89' lang='lat' dir='ltr'>Amen.</span> 
     </span>
    </p>

    <p class='ocr_par' dir='ltr' id='par_1_5' title="bbox 310 3035 2087 3424">
     <span class='ocr_line' id='line_1_33' title="bbox 380 3035 2074 3106; baseline -0.005 -18"><span class='ocrx_word' id='word_1_297' title='bbox 380 3041 559 3096; x_wconf 82' lang='lat' dir='ltr'>Quibus</span> <span class='ocrx_word' id='word_1_298' title='bbox 589 3042 745 3102; x_wconf 88' lang='lat' dir='ltr'>dictis,</span> <span class='ocrx_word' id='word_1_299' title='bbox 780 3045 908 3106; x_wconf 88' lang='lat' dir='ltr'>Papa</span> <span class='ocrx_word' id='word_1_300' title='bbox 938 3042 987 3089; x_wconf 90' lang='lat' dir='ltr'>in</span> <span class='ocrx_word' id='word_1_301' title='bbox 1019 3042 1145 3091; x_wconf 86' lang='lat' dir='ltr'>dicta</span> <span class='ocrx_word' id='word_1_302' title='bbox 1181 3042 1295 3090; x_wconf 87' lang='lat' dir='ltr'>sede</span> <span class='ocrx_word' id='word_1_303' title='bbox 1335 3040 1564 3100; x_wconf 85' lang='lat' dir='ltr'>zandalia,</span> <span class='ocrx_word' id='word_1_304' title='bbox 1604 3037 1768 3087; x_wconf 84' lang='lat' dir='ltr'>dicens</span> <span class='ocrx_word' id='word_1_305' title='bbox 1801 3035 2074 3100; x_wconf 85' lang='lat' dir='ltr'>psalmum:</span> 
     </span>
     <span class='ocr_line' id='line_1_34' title="bbox 316 3115 2079 3189; baseline -0.002 -21"><span class='ocrx_word' id='word_1_306' title='bbox 316 3123 469 3178; x_wconf 77' lang='lat' dir='ltr'>Ouum</span> <span class='ocrx_word' id='word_1_307' title='bbox 502 3125 682 3186; x_wconf 83' lang='lat' dir='ltr'>dilecta,</span> <span class='ocrx_word' id='word_1_308' title='bbox 719 3133 824 3185; x_wconf 91' lang='lat' dir='ltr'>etc.,</span> <span class='ocrx_word' id='word_1_309' title='bbox 855 3130 955 3173; x_wconf 87' lang='lat' dir='ltr'>tum</span> <span class='ocrx_word' id='word_1_310' title='bbox 985 3125 1212 3189; x_wconf 85' lang='lat' dir='ltr'>depositis</span> <span class='ocrx_word' id='word_1_311' title='bbox 1250 3124 1390 3172; x_wconf 77' lang='lat' dir='ltr'>mitra</span> <span class='ocrx_word' id='word_1_312' title='bbox 1420 3122 1607 3187; x_wconf 87' lang='lat' dir='ltr'>pluviali</span> <span class='ocrx_word' id='word_1_313' title='bbox 1631 3124 1677 3169; x_wconf 88' lang='lat' dir='ltr'>et</span> <span class='ocrx_word' id='word_1_314' title='bbox 1712 3119 1851 3178; x_wconf 87' lang='lat' dir='ltr'>stola,</span> <span class='ocrx_word' id='word_1_315' title='bbox 1892 3115 2079 3180; x_wconf 85' lang='lat' dir='ltr'>accepit</span> 
     </span>
     <span class='ocr_line' id='line_1_35' title="bbox 312 3199 2071 3272; baseline -0.003 -21"><span class='ocrx_word' id='word_1_316' title='bbox 312 3208 471 3255; x_wconf 89' lang='lat' dir='ltr'>omnia</span> <span class='ocrx_word' id='word_1_317' title='bbox 505 3213 786 3272; x_wconf 83' lang='lat' dir='ltr'>paramenta</span> <span class='ocrx_word' id='word_1_318' title='bbox 827 3209 1121 3272; x_wconf 86' lang='lat' dir='ltr'>pontificalia</span> <span class='ocrx_word' id='word_1_319' title='bbox 1159 3207 1253 3255; x_wconf 90' lang='lat' dir='ltr'>albi</span> <span class='ocrx_word' id='word_1_320' title='bbox 1295 3207 1486 3265; x_wconf 86' lang='lat' dir='ltr'>coloris,</span> <span class='ocrx_word' id='word_1_321' title='bbox 1529 3204 1748 3252; x_wconf 86' lang='lat' dir='ltr'>manibus</span> <span class='ocrx_word' id='word_1_322' title='bbox 1781 3202 1910 3267; x_wconf 76' lang='lat' dir='ltr'>prius</span> <span class='ocrx_word' id='word_1_323' title='bbox 1940 3199 2071 3258; x_wconf 90' lang='lat' dir='ltr'>lotis,</span> 
     </span>
     <span class='ocr_line' id='line_1_36' title="bbox 310 3286 2087 3353; baseline -0.005 -20"><span class='ocrx_word' id='word_1_324' title='bbox 310 3289 474 3338; x_wconf 86' lang='lat' dir='ltr'>ordine</span> <span class='ocrx_word' id='word_1_325' title='bbox 523 3298 772 3353; x_wconf 82' lang='lat' dir='ltr'>consuetO,</span> <span class='ocrx_word' id='word_1_326' title='bbox 826 3292 1099 3341; x_wconf 88' lang='lat' dir='ltr'>cantoribus</span> <span class='ocrx_word' id='word_1_327' title='bbox 1147 3291 1336 3339; x_wconf 84' lang='grc'><strong>1111011111</strong></span> <span class='ocrx_word' id='word_1_328' title='bbox 1377 3289 1494 3337; x_wconf 86' lang='lat' dir='ltr'>nihil</span> <span class='ocrx_word' id='word_1_329' title='bbox 1546 3286 1844 3343; x_wconf 83' lang='lat' dir='ltr'>dicentibus3</span> <span class='ocrx_word' id='word_1_330' title='bbox 1887 3287 1935 3331; x_wconf 85' lang='lat' dir='ltr'>et</span> <span class='ocrx_word' id='word_1_331' title='bbox 1979 3294 2087 3328; x_wconf 52' lang='lat' dir='ltr'>non’</span> 
     </span>
     <span class='ocr_line' id='line_1_37' title="bbox 314 3371 2038 3424; baseline 0.002 -8"><span class='ocrx_word' id='word_1_332' title='bbox 314 3371 507 3420; x_wconf 77' lang='lat' dir='ltr'>suerunt</span> <span class='ocrx_word' id='word_1_333' title='bbox 528 3376 651 3424; x_wconf 91' lang='lat' dir='ltr'>dicte</span> <span class='ocrx_word' id='word_1_334' title='bbox 676 3377 832 3424; x_wconf 84' lang='lat' dir='ltr'>tertie.</span> <span class='ocrx_word' id='word_1_335' title='bbox 2035 3413 2038 3416; x_wconf 91' lang='lat'>.</span> 
     </span>
    </p>

    <p class='ocr_par' dir='ltr' id='par_1_6' title="bbox 377 3444 2078 3523">
     <span class='ocr_line' id='line_1_38' title="bbox 377 3444 2078 3523; baseline -0.006 -22"><span class='ocrx_word' id='word_1_336' title='bbox 377 3457 597 3520; x_wconf 83' lang='lat' dir='ltr'>Receptis</span> <span class='ocrx_word' id='word_1_337' title='bbox 623 3459 915 3523; x_wconf 84' lang='lat' dir='ltr'>paramentis</span> <span class='ocrx_word' id='word_1_338' title='bbox 941 3458 1154 3522; x_wconf 83' lang='lat' dir='ltr'>pontifex</span> <span class='ocrx_word' id='word_1_339' title='bbox 1179 3455 1426 3506; x_wconf 84' lang='lat' dir='ltr'>descendit</span> <span class='ocrx_word' id='word_1_340' title='bbox 1455 3455 1515 3504; x_wconf 84' lang='lat' dir='ltr'>ad</span> <span class='ocrx_word' id='word_1_341' title='bbox 1548 3455 1712 3514; x_wconf 76' lang='lat' dir='ltr'>altare,</span> <span class='ocrx_word' id='word_1_342' title='bbox 1750 3451 1860 3501; x_wconf 81' lang='lat' dir='ltr'>fecit</span> <span class='ocrx_word' id='word_1_343' title='bbox 1887 3444 2078 3497; x_wconf 80' lang='lat' dir='ltr'>confes—</span> 
     </span>
    </p>
   </div>
  </div>
 </body>
</html>
