2262 3958
133 323 238 365 [Mars
259 323 350 365 1492]
522 333 525 337 ·
575 321 743 358 RERUM
783 322 1085 359 URBANARUM
1119 322 1471 360 COMMENTARII.
1854 323 1923 359 447

130 423 191 473 ad
211 422 469 473 ecclesiam
489 423 756 485 predictam
772 424 1008 483 venirent,
1026 424 1204 473 vicario
1223 425 1362 472 Urbis
1384 424 1748 489 processionem
1763 423 1918 488 ipsam

127 506 175 554 in
196 505 462 572 pontificali
488 506 653 555 habitu
683 512 933 571 sequente.
974 510 1084 556 Post
1114 508 1369 572 prandium
1390 508 1813 557 vicecancellarius
1843 509 1918 556 in-

129 589 284 639 terfici
310 589 443 650 fecit,
465 590 513 638 in
535 592 669 639 curia
689 608 777 640 sua
802 595 913 640 ante
939 591 1138 639 domum
1173 608 1327 651 suam,
1359 592 1406 639 in
1437 592 1514 640 via
1539 592 1748 656 publica,
1773 609 1916 656 quam

127 672 315 738 magnis
340 673 552 722 trabibus
573 674 782 737 undique
809 674 997 733 clausit,
1028 675 1241 738 quinque
1265 680 1447 734 taurOS‚
1472 676 1551 739 qui
1576 677 1736 740 plures
1758 676 1918 724 homi-

125 771 212 805 nes
231 756 446 806 leserunt
465 762 512 806 et
533 757 814 805 occiderunt
841 761 1100 820 antequam
1132 757 1223 820 ipsi
1252 757 1662 806 interimerentur.
1695 759 1917 824 Episcopi

126 840 352 890 Pacensis
374 845 422 890 et
440 839 781 898 Astoricensis,
807 845 1026 888 oratores
1047 840 1175 903 regis
1199 844 1245 888 et
1261 840 1428 903 regine
1452 841 1807 905 Hispaniarum,
1832 858 1918 907 pa-

126 924 218 973 rari
248 925 468 974 fecerunt
502 928 551 972 et
576 922 790 972 construi
820 928 927 986 post
958 923 1174 972 medium
1204 923 1404 987 AgoniS,
1437 928 1485 972 et
1516 924 1731 972 trabibus
1766 929 1814 973 et
1846 929 1918 973 ta-

122 1009 248 1058 bulis
268 1012 480 1059 castrum
502 1023 651 1056 unum
675 1005 894 1055 eminens
928 1023 1040 1056 cum
1070 1007 1208 1066 turri,
1235 1006 1311 1055 cui
1335 1022 1514 1054 nomen
1536 1007 1774 1056 dederunt
1799 1007 1921 1055 Gra-

119 1102 250 1154 num,
287 1097 335 1142 et
366 1109 396 1142 a
425 1096 556 1142 retro
588 1096 697 1156 post
731 1090 990 1140 ecclesiam
1026 1091 1280 1156 hospitalis
1314 1095 1538 1155 preterea
1572 1090 1715 1139 aliam
1749 1091 1919 1140 turrim

119 1178 340 1228 similiter
360 1194 420 1227 ex
444 1177 636 1237 tabulis,
662 1180 1000 1240 representare
1023 1177 1241 1226 volentes
1268 1175 1679 1240 expugnationem
1702 1180 1750 1224 et
1770 1175 1921 1224 victo-

116 1262 238 1311 riam
276 1266 447 1312 contra
483 1265 743 1312 Granatam
779 1263 998 1312 habitam
1037 1266 1084 1310 et
1118 1260 1285 1325 primis
1329 1262 1589 1308 Granatam
1628 1259 1919 1308 intrantibus

116 1351 248 1398 certa
267 1347 396 1396 dona
415 1352 666 1411 pararunt;
703 1348 785 1412 qui
814 1347 1010 1412 quidem
1035 1346 1178 1411 jocus
1210 1343 1455 1393 dominica
1480 1347 1536 1392 12
1561 1343 1780 1392 similiter
1812 1343 1918 1392 fieri

117 1432 341 1493 debebat,
367 1433 454 1483 sed
472 1437 670 1498 propter
689 1432 904 1497 pluviam
926 1431 1013 1480 fuit
1033 1447 1092 1480 ea
1112 1429 1187 1478 die
1206 1428 1565 1494 pretermissus.
1599 1430 1745 1476 Facta
1771 1427 1919 1491 igitur

118 1517 282 1566 omnia
300 1517 350 1566 in
371 1517 616 1567 dominica
641 1521 697 1566 19
721 1517 943 1583 ejusdem
966 1514 1166 1564 mensis.

181 1603 237 1650 In
257 1616 400 1651 mane
422 1601 640 1667 ejusdem
662 1600 755 1648 diei
781 1603 838 1648 19
864 1599 1111 1664 predictus
1137 1599 1393 1663 episcopus
1409 1597 1636 1647 Pacensis
1655 1597 1916 1647 celebravit

118 1683 317 1733 missam
338 1684 581 1750 publicam
604 1683 888 1732 solemniter
908 1682 956 1731 in
980 1682 1152 1733 eadem
1174 1681 1398 1741 ecclesia,
1427 1686 1474 1730 et
1498 1680 1673 1730 deinde
1697 1681 1823 1730 facta
1843 1683 1917 1729 est

116 1783 206 1832 per
225 1767 472 1818 nationem
500 1767 724 1817 eamdem
756 1766 987 1815 solemnis
1014 1765 1287 1830 processi03
1320 1765 1495 1814 deinde
1523 1769 1632 1830 post
1662 1763 1917 1830 prandium

114 1849 256 1900 ludus
277 1851 598 1917 supradictus,
625 1855 672 1900 et
693 1850 872 1900 ibidem
895 1851 941 1898 in
964 1852 1133 1915 Agone
1156 1853 1363 1914 quatuor
1384 1849 1505 1898 tauri
1528 1848 1741 1909 mactati,
1767 1864 1795 1896 a
1815 1848 1916 1912 qui-

115 1934 221 1995 bus,
253 1951 350 1985 uno
381 1952 508 2000 equo
538 1935 752 2000 dempto,
780 1951 926 1984 nemo
950 1935 1079 1984 lesus
1109 1934 1217 1983 fuit.
1249 1935 1414 1984 Plures
1443 1935 1586 1984 etiam
1615 1934 1787 1998 prelati
1810 1933 1919 1983 His-

114 2010 239 2085 pane
264 2019 476 2069 nationis
508 2019 678 2069 diebus
712 2019 911 2068 diversis
945 2019 1219 2068 successive
1250 2023 1416 2068 tauros
1454 2019 1698 2067 donarunt
1724 2014 1915 2083 pubHce

43 2134 45 2136 -
115 2103 439 2162 occidendos;
461 2108 510 2152 et
530 2104 727 2167 quidam
759 2119 818 2152 ex
840 2103 908 2152 eis
930 2107 1030 2152 tota
1051 2103 1129 2152 die
1151 2120 1248 2152 una
1278 2119 1455 2167 panem
1478 2107 1526 2152 et
1545 2103 1708 2151 vinum
1741 2103 1788 2151 in
1817 2103 1915 2167 pla-

118 2191 195 2236 tea
215 2186 439 2236 omnibus
459 2187 728 2236 volentibus
752 2188 865 2236 t'ecit
886 2187 1164 2236 ministrari.
1190 2191 1357 2236 RmuS.
1391 2190 1448 2235 D.
1481 2186 1738 2236 cardinalis
1761 2186 1914 2236 sancti

119 2270 316 2336 Georgii
335 2271 468 2320 dedit
488 2271 733 2336 quoddam
767 2271 965 2336 pallium
989 2271 1087 2321 sive
1109 2271 1324 2319 bravium
1348 2276 1395 2320 et
1420 2271 1609 2335 galeam
1632 2276 1915 2336 argenteam

114 2369 202 2418 pro
232 2354 375 2404 hasta
399 2355 675 2404 ludentibus
704 2356 752 2402 in
777 2358 965 2419 Agone,
992 2355 1187 2404 circiter
1209 2355 1386 2404 valoris
1415 2355 1701 2404 ducatorum
1730 2355 1914 2405 ducen-

114 2441 236 2495 tum,
253 2454 341 2503 pro
362 2438 536 2503 quibus
557 2438 722 2486 multis
745 2438 914 2487 diebus
938 2439 1026 2487 fuit
1047 2439 1095 2486 in
1118 2455 1275 2503 agone
1292 2439 1624 2499 hastalusum,
1647 2444 1695 2487 et
1717 2439 1914 2489 tandem

111 2522 302 2585 veneris
331 2526 359 2571 2
377 2522 537 2572 martii
558 2522 750 2572 cuidam
772 2523 1055 2572 Mascoletto
1076 2523 1384 2572 contestabili
1407 2523 1748 2586 gubernatoris
1771 2524 1913 2572 Urbis

110 2605 400 2671 adjudicata,
425 2607 828 2656 Columnensibus
851 2611 1110 2672 propterea
1134 2607 1339 2655 multum
1357 2607 1786 2671 conquerentibus.
1804 2610 1916 2657 Fes-

112 2694 215 2739 tum
235 2690 286 2739 in
302 2693 472 2756 Agone
495 2697 543 2741 et
564 2692 657 2741 alia
678 2695 911 2740 consueta
925 2707 1128 2742 romana
1146 2694 1342 2742 fuerunt
1363 2692 1622 2756 magnifice
1643 2697 1843 2756 peracta
1859 2708 1914 2742 ac

113 2772 301 2823 diversa
325 2774 489 2823 bravia
514 2791 602 2838 pro
631 2775 846 2835 senibus,
878 2777 1153 2841 juvenibus,
1184 2777 1366 2843 pueris,
1402 2777 1568 2826 Judeis
1604 2782 1651 2826 et
1686 2777 1832 2826 asinis
1858 2792 1913 2824 ac

111 2857 321 2918 buffalis‚
345 2857 406 2906 ad
426 2858 579 2907 instar
601 2859 714 2906 anni
737 2860 999 2924 superioris
1027 2861 1221 2910 donata.

175 2941 315 2990 Feria
335 2946 506 3006 quarta
527 2942 763 3002 cinerum,
791 2948 815 2991 7
839 2944 1014 3004 martii,
1048 2947 1133 2994 SS.
1159 2947 1213 2993 D.
1241 2949 1411 2995 noster
1436 2945 1565 2994 venit
1594 2945 1654 2992 ad
1676 2944 1909 3009 capellam

111 3027 367 3092 majorem,
392 3027 638 3076 benedixit
664 3027 853 3076 cineres
885 3031 932 3075 et
960 3028 1168 3092 receptis
1189 3027 1281 3076 illis
1309 3044 1338 3077 a
1359 3028 1604 3077 cardinale
1635 3045 1673 3076 s.
1700 3027 1828 3076 Petri
1850 3027 1910 3075 ad

111 3111 317 3161 Vincula
348 3111 670 3171 celebraturo,
711 3111 842 3160 dedit
875 3111 1031 3176 primo
1061 3111 1221 3160 eidem
1243 3113 1564 3170 celebraturo,
1597 3114 1770 3162 deinde
1805 3112 1909 3160 aliis

112 3194 454 3254 cardinalibus,
479 3199 581 3244 tum
603 3195 778 3246 ceteris
801 3211 936 3245 more
963 3196 1120 3245 solito.
1146 3198 1319 3245 Comes
1339 3197 1563 3256 Pitiliani,
1588 3198 1669 3261 qui
1693 3200 1764 3245 est
1782 3195 1911 3260 capi-

114 3283 284 3328 taneus
305 3280 540 3339 Ecclesie‚
565 3285 613 3328 et
633 3281 728 3328 dux
749 3282 867 3328 Sore
890 3285 1183 3343 acceperunt
1202 3280 1391 3330 cineres
1403 3285 1510 3345 post
1524 3297 1694 3330 omnes
1715 3284 1908 3345 paratos

115 3364 261 3413 etiam
279 3369 387 3429 post
405 3364 674 3429 primarios.
704 3364 860 3413 Finita
884 3364 1094 3423 datione,
1127 3364 1256 3412 idem
1285 3379 1449 3413 comes
1472 3364 1754 3429 capitaneus
1779 3362 1910 3413 dedit

115 3465 289 3513 aquam
310 3449 548 3508 manibus,
570 3450 728 3514 priore
750 3449 1145 3514 presbyterorum
1162 3447 1480 3497 cardinalium
1503 3447 1775 3513 adjuvante.
1795 3450 1909 3496 Car-
