2262 3958
331 341 399 377 176
453 308 456 311 ἱ
896 332 898 334 ’
934 336 1167 373 JOHANNIS
1203 335 1495 381 BURCHARDI,
1880 341 1984 382 [Mars
2008 343 2096 386 1486}

330 441 503 490 blicam
524 442 572 490 in
593 441 776 505 capella
802 440 1034 503 predicta,
1069 443 1197 504 Papa
1226 440 1424 488 absente
1452 456 1461 487 :
1489 454 1762 490 sermonem
1792 444 1903 492 fecit
1934 460 2104 509 procu-

338 529 468 573 rator
487 524 664 573 ordinis
685 523 1027 571 heremitarum
1044 540 1082 571 s.
1107 522 1379 587 Augustini.
2111 579 2116 585 .

395 607 533 655 Feria
560 606 742 669 quinta,
775 609 801 653 2
832 606 1007 666 martii,
1041 606 1090 654 in
1124 622 1285 678 mane,
1323 606 1449 655 circa
1472 606 1642 655 horam
1676 624 1776 668 xxv,
1813 611 2104 660 associatum

338 691 422 739 fuit
449 690 652 739 cadaver
675 691 732 736 D.
773 689 933 737 Lazari
970 689 1115 737 AurIa
1149 689 1350 738 oratoris
1384 690 1650 739 Genuensis
1679 691 1757 754 qui
1790 695 1850 740 28
1879 692 2106 742 februarii

338 773 552 837 proxime
568 772 781 836 preteriti
803 772 935 831 obiit,
961 777 1007 821 et
1027 773 1211 821 viscera
1232 778 1279 822 et
1300 773 1391 821 alia
1412 773 1642 822 interiora
1662 778 1875 823 extracta
1894 776 2102 836 fuerunt,

335 860 385 904 ut
405 859 819 920 preservarentur;
839 872 866 903 a
879 856 1023 904 domo
1039 856 1087 903 in
1109 856 1329 920 opposito
1346 856 1475 905 curie
1490 856 1803 920 primatorum
1817 857 1865 905 in
1881 874 1974 921 qua
1991 858 2107 908 obiit

337 939 398 987 ad
418 938 664 987 basilicam
692 953 730 985 s.
760 938 886 987 Petri
915 938 1264 986 associantibus
1302 939 1459 1002 ipsum
1493 939 1712 998 funestis,
1746 939 1926 988 familia
1958 942 2102 1005 Pape,

337 1022 591 1070 duodecim
623 1021 818 1086 prelatis
853 1025 899 1069 et
934 1021 1219 1084 quibusdam
1250 1021 1352 1069 aliis
1377 1021 1602 1069 invitatis.
1646 1022 1816 1071 Nescio
1847 1022 1951 1085 quis
1987 1023 2106 1072 ordo

336 1105 480 1154 fuerit
509 1105 804 1163 observatus,
834 1104 946 1168 quia
972 1106 1029 1152 D.
1067 1104 1314 1152 Mauritius
1345 1104 1460 1153 Cibo
1488 1105 1636 1154 frater
1662 1108 1787 1169 Pape
1822 1105 1953 1154 dedjt
1977 1121 2108 1155 com-

334 1189 614 1238 missionem
647 1192 695 1237 et
723 1204 886 1236 curam
912 1187 1119 1235 Johanni
1144 1186 1292 1236 Marie
1312 1187 1444 1236 socio
1466 1204 1592 1244 meo.
1624 1190 1722 1253 qui,
1748 1195 1798 1239 ut
1825 1191 1953 1252 scivi,
1979 1190 2107 1240 ordi-

335 1272 458 1320 navit
492 1272 606 1320 satis
633 1272 757 1319 male
791 1270 967 1319 omnia.
1000 1271 1130 1319 Fecit
1162 1270 1263 1318 dari
1297 1272 1522 1321 candelas
1549 1289 1748 1338 magnas
1775 1275 1994 1334 funestis,
2020 1274 2107 1338 vqui

336 1356 437 1404 sine
462 1357 590 1404 bono
627 1355 793 1404 ordine
828 1360 1060 1403 venerunt
1099 1355 1159 1402 ad
1192 1354 1438 1403 basilicam
1471 1356 1756 1420 predictam,
1789 1358 1962 1421 quibus
1997 1373 2108 1407 cum

335 1439 529 1503 prelatis
562 1439 609 1486 in
644 1439 793 1487 choro
825 1438 1170 1486 canonicorum
1200 1444 1310 1487 ante
1335 1438 1484 1488 altare
1518 1440 1656 1489 beate
1690 1441 1837 1490 Marie
1870 1445 1917 1490 et
1947 1455 2109 1490 sacra-

335 1522 484 1571 menti
505 1521 792 1570 constitutis.
812 1524 978 1569 Frater
998 1521 1148 1569 Adam
1169 1522 1403 1569 Barbarus
1425 1521 1538 1569 fecit
1556 1522 1812 1584 quemdam
1829 1537 2104 1571 sermonem

333 1606 570 1670 prolixum
593 1605 731 1652 unius
753 1605 873 1652 hore
895 1605 1015 1652 ultra
1038 1604 1098 1652 ad
1118 1620 1261 1668 quem
1283 1620 1373 1669 ego
1398 1605 1520 1664 veni,
1546 1609 1611 1665 et,
1638 1620 1695 1654 eo
1713 1604 1866 1663 finito,
1891 1604 2104 1654 ordinavi

335 1689 464 1753 quod
495 1688 670 1736 funesti
708 1704 735 1736 a
767 1688 1041 1736 cursoribus
1071 1688 1291 1736 associati
1317 1688 1377 1736 ad
1406 1688 1602 1736 domum
1632 1688 1843 1738 defuncti
1875 1688 2105 1753 preirent,

338 1777 384 1821 et
405 1772 481 1820 alii
508 1772 631 1820 irent
649 1787 744 1835 quo
763 1771 952 1819 vellent.

401 1855 649 1903 Dominica
690 1857 858 1902 Letare
895 1858 1063 1917 quarta
1104 1855 1495 1917 quadragesime,
1542 1860 1568 1903 5
1602 1855 1778 1914 martii,
1830 1857 1914 1904 SS.
1958 1857 2013 1903 D.
2049 1857 2105 1904 N.

342 1938 511 1986 stolam
545 1937 729 1984 habens
756 1953 898 2000 supra
924 1936 1175 1984 rochetu‘m
1205 1941 1251 1985 et
1282 1938 1524 2001 caputium
1555 1954 1694 1986 suum
1726 1938 1775 1986 in
1806 1954 1998 1988 camera
2027 1955 2112 1988 sua

337 2024 523 2069 secreta
542 2019 785 2068 benedixit
807 2035 964 2067 rosam
991 2020 1294 2083 presentibus
1323 2021 1644 2069 cardinalibus
1666 2021 1746 2084 qui
1774 2022 1946 2071 deinde
1968 2022 2111 2070 simul

337 2119 446 2152 cum
478 2106 608 2166 Papa
642 2106 688 2150 et
718 2117 861 2150 cruce
893 2107 1123 2151 venerunt
1156 2104 1216 2151 ad
1255 2104 1486 2168 capellam
1521 2105 1758 2168 majorem
1783 2105 1882 2153 bini
1911 2109 1956 2154 et
1989 2104 2105 2166 bini,

339 2186 635 2251 dignioribus
656 2185 1044 2250 precedentibus.
1071 2187 1257 2234 Primus
1286 2187 1518 2251 precessit
1545 2190 1603 2235 D.
1642 2187 1850 2236 Sinolfus
1872 2186 1951 2253 (1),
1976 2187 2112 2237 cleri-

339 2285 422 2317 cus
457 2285 665 2329 camere,
702 2285 864 2317 rosam
891 2273 1086 2332 portans
1108 2285 1252 2355 quam
1280 2269 1328 2316 in
1356 2270 1483 2317 dicta
1509 2269 1691 2333 capella
1724 2285 1868 2333 supra
1899 2269 2109 2318 medium

340 2353 504 2400 attaris
543 2352 714 2416 posuit.
746 2353 910 2399 Rmus.
955 2354 1012 2399 D.
1052 2352 1306 2414 cardinalis
1343 2352 1590 2415 Agriensis
1624 2353 1881 2401 celebravit
1912 2352 2109 2400 missam

335 2433 578 2497 publicam
600 2434 842 2482 consuetis
867 2435 1155 2482 ceremoniis
1175 2453 1183 2481 :
1207 2450 1480 2483 sermonem
1503 2435 1915 2497 fecitprocurator
1930 2434 2110 2482 ordinis

342 2517 714 2565 carmelitarum.
743 2515 898 2564 Finita
924 2516 1089 2575 missa,
1114 2522 1419 2566 recesserunt
1446 2533 1635 2576 omnes,
1667 2532 1778 2565 rosa
1804 2532 1950 2581 super
1975 2516 2111 2564 altari

342 2600 522 2659 relicta,
556 2600 692 2662 cujus
717 2614 881 2647 curam
903 2600 1101 2648 sacrista
1121 2601 1300 2649 habuit.

405 2682 656 2730 Dominica
691 2682 925 2745 passionis
967 2683 1129 2745 quinta
1158 2685 1542 2748 quadragesime,
1579 2689 1635 2741 12
1669 2684 1844 2744 martii,
1882 2686 1937 2732 R.
1965 2686 2015 2732 P.
2048 2684 2105 2732 D.

340 2765 560 2814 Clemens
593 2765 846 2828 episcopus
880 2766 1175 2816 Mimatensis
1205 2766 1283 2832 (2),
1317 2768 1568 2816 cardinalis
1597 2784 1635 2815 s.
1672 2768 1796 2816 Petri
1826 2767 1887 2834 ad
1908 2766 2110 2817 Vincula

340 2866 507 2915 nepos,
547 2849 803 2898 celebravit
835 2849 1030 2897 missam
1067 2850 1324 2914 publicam,
1367 2850 1609 2898 consuetis
1641 2848 1946 2907 ceremoniis,
1981 2850 2109 2912 Papa

338 2938 577 2997 presente:
610 2935 894 2981 Sermonem
922 2932 1035 2981 fecit
1066 2936 1119 2980 R.
1147 2936 1198 2981 P.
1231 2936 1287 2981 D.
1323 2933 1453 2981 Titus
1478 2934 1732 2998 episcopus
1761 2931 2024 2981 Castrensis
2056 2929 2105 2977 in

339 3015 643 3079 patrimonio,
670 3015 716 3062 in
739 3015 927 3078 pluviali
956 3015 1164 3064 violaceo
1188 3021 1236 3064 et
1261 3016 1402 3064 mitra
1422 3016 1544 3076 alba,
1563 3031 1706 3079 quam
1727 3018 1835 3078 post
1857 3012 2103 3062 salutatio-

389 3212 424 3247 1.
454 3227 472 3244 «
499 3210 544 3248 Et
570 3211 673 3258 male,
704 3208 873 3261 quoniam
895 3212 990 3261 Papa
1018 3211 1168 3249 absente
1212 3211 1263 3247 vel
1290 3223 1376 3253 non,
1409 3210 1533 3247 debuit
1562 3210 1698 3259 portari
1728 3210 1783 3248 vel
1815 3210 1941 3248 saltem
1966 3210 2104 3248 occulte

355 3281 464 3317 super
487 3271 587 3308 altari
616 3272 737 3308 locari.
766 3287 784 3304 »
811 3272 914 3309 Certe
940 3283 1141 3320 remarque,
1169 3269 1549 3307 vraisemblablement
1578 3270 1623 3306 de
1644 3270 1747 3306 Paris
1767 3271 1811 3307 de
1838 3270 1995 3316 Grassis‚
2011 3269 2105 3306 n'est.

356 3328 497 3366 donnee
519 3343 589 3378 quc
607 3333 736 3380 parles
753 3344 845 3372 mss.
875 3332 951 3376 147,
965 3331 1073 3375 5158,
1093 3331 1204 3370 5159.

396 3390 433 3424 2.
473 3390 711 3437 Mimatensis,
750 3392 894 3431 Mende.
926 3391 1108 3439 Quelques
1150 3401 1239 3427 mss.
1273 3389 1393 3435 (5158,
1420 3389 1528 3435 5159>
1555 3389 1718 3427 donnent
1747 3389 1987 3431 Miniatensis,
2007 3387 2104 3424 faute

364 3447 544 3491 evidente,
566 3450 639 3487 San
658 3451 806 3489 Miniato
829 3451 978 3499 n’ayant
997 3453 1053 3488 ete
1079 3450 1176 3497 erIge
1205 3460 1249 3485 en
1271 3448 1402 3485 evecbe
1421 3448 1525 3496 qu'en
1549 3449 1651 3494 1622,
1673 3460 1738 3496 par
1758 3449 1926 3497 Gregoire
1941 3446 2021 3484 XV.
