2262 3958
390 353 436 388 26
638 369 643 374 -
994 350 1226 387 „IOHANNIS
1261 351 1554 399 BURCHARDI,
1941 357 2043 399 [Aont
2065 357 2154 400 1484]

392 453 719 513 cardinalium,
755 458 801 502 et.
830 454 906 501 alii
938 454 1212 517 complures
1238 469 1247 501 :
1280 453 1544 501 cardinales
1575 472 1651 504 me
1679 457 1951 506 immediate
1986 474 2160 522 seque-

389 537 588 594 bantur;
637 536 777 599 primi
825 536 1246 585 vicecancellarius
1299 540 1345 584 et
1395 537 1751 600 Neapolitanus,
1796 545 1904 604 post
1954 558 2036 589 eos
2081 542 2159 591 alii

390 619 621 683 episcopi,
656 624 756 667 tum
786 619 1071 684 presbyteri,
1103 620 1296 667 tandem
1326 620 1513 667 diaconi
1542 621 1824 682 cardinales,
1861 640 2027 672 omnes
2059 625 2159 673 bini

389 707 436 751 et
466 703 583 760 bini,
632 702 843 765 exceptis
890 702 1070 750 ultimis
1115 703 1424 766 presbyteris,
1469 718 1673 764 quorum
1705 707 1802 752 tres
1836 706 1976 754 simul
2008 707 2154 756 ibant.

389 787 615 834 Cantores
649 786 829 850 capelle
872 790 1053 845 nostre,
1091 790 1137 834 et
1177 785 1394 834 canonici
1433 803 1488 834 ac
1523 787 1679 835 clerus
1712 789 1907 838 basilice
1944 790 2158 853 predicte

386 885 482 916 non
503 869 823 918 interfuerunt
842 870 955 918 huic
976 870 1292 933 processioni,
1322 886 1412 918 nec
1442 870 1617 934 aliquid
1644 871 1730 919 fuit
1750 871 1796 918 in
1820 888 1877 920 ea
1897 875 2156 932 cantatum,

388 953 472 1000 sed
493 954 676 1001 romani
699 953 843 1013 civeS,
870 958 916 1002 et
937 954 1014 1001 alii
1042 954 1089 1001 in
1116 970 1318 1002 numero
1347 955 1542 1019 copioso
1571 955 1932 1003 circumdabant
1959 954 2158 1018 quisque

387 1053 525 1084 suum
557 1040 900 1100 protectorem,
938 1037 1164 1095 amicum,
1199 1041 1244 1084 et
1275 1037 1523 1085 dominum
1557 1037 1865 1096 cardinalem,
1895 1037 2062 1086 dantes
2089 1037 2158 1086 eis

387 1119 777 1183 supplicationes,
803 1125 850 1168 et
870 1121 985 1168 alias
1007 1121 1261 1185 petitiones
1291 1137 1378 1184 pro
1400 1121 1589 1180 officiis,
1614 1125 1660 1169 et
1681 1121 1783 1169 aliis
1805 1120 1968 1184 gratiis
1987 1136 2016 1168 a
2034 1135 2157 1169 novo

385 1203 611 1266 pontifice
635 1203 682 1250 in
704 1203 917 1251 conclavi
939 1204 1226 1264 obtinendis,
1254 1207 1299 1252 et
1327 1204 1653 1268 impetrandis.
1685 1204 1909 1267 Figuram
1942 1203 2158 1251 crucifixi

385 1286 566 1349 portavi
599 1286 647 1333 in
681 1291 809 1335 retro
842 1287 902 1334 ad
937 1288 1201 1336 cardinales
1234 1303 1439 1346 versam,
1477 1304 1533 1335 ex
1568 1303 1642 1348 eo,
1679 1287 1805 1350 quod
1839 1287 1887 1334 in
1917 1287 2011 1335 hoc
2044 1301 2158 1334 casu

387 1369 642 1432 collegium
681 1370 960 1433 pontificem
1000 1375 1314 1434 representat.
1358 1373 1476 1419 Cum
1517 1371 1842 1434 pervenissem
1874 1371 1923 1418 in
1953 1371 2157 1435 primam

384 1451 541 1499 aulam
563 1453 818 1513 conclavis,
850 1453 898 1500 in
926 1469 982 1500 eo
1012 1457 1147 1501 erant
1175 1454 1367 1501 circiter
1392 1453 1483 1501 tria
1510 1453 1657 1500 millia
1683 1454 1934 1501 hominum
1961 1453 2041 1516 qui
2067 1469 2156 1501 nos

381 1539 718 1597 prevenerant;
763 1551 874 1582 nam
912 1536 1314 1584 vicecamerarius
1354 1540 1463 1585 ante
1510 1538 1756 1586 introitum
1797 1542 2015 1586 nostrum
2061 1553 2157 1586 non

383 1617 629 1679 expulerat
649 1622 842 1680 gentem
863 1618 1041 1666 ibidem
1063 1619 1365 1678 existentem,
1389 1636 1546 1683 neque
1572 1621 1696 1669 viam
1723 1637 1809 1685 pro
1837 1620 2156 1670 cardinalibus

384 1702 429 1746 et
458 1699 573 1758 suis,
611 1701 834 1748 conclave
863 1701 1040 1749 intrare
1068 1702 1371 1761 debentibus,
1402 1703 1702 1751 ordinaverat
1721 1704 1794 1751 vel
1816 1703 2152 1761 custodiverat‚

381 1786 522 1844 prout
544 1798 601 1829 ex
624 1783 782 1830 officio
806 1784 893 1830 sibi
916 1784 1165 1831 incumbit.
1192 1786 1381 1847 Capella
1403 1789 1562 1832 tamen
1589 1786 1760 1848 maj0r,
1789 1786 1838 1832 in
1865 1800 1958 1848 qua
1984 1785 2155 1833 cellule

383 1867 518 1911 erant
556 1869 736 1927 parate,
780 1870 827 1913 et
866 1867 1179 1932 cardinalium
1217 1867 1525 1926 munitiones,
1568 1871 1613 1915 et
1658 1883 1735 1914 res
1773 1867 1945 1931 posite,
1993 1867 2155 1916 clausa

383 1950 500 2006 erat,
526 1951 571 1995 et
593 1964 620 1995 a
653 1949 959 1996 servitoribus
987 1951 1298 1998 cardinalium
1326 1939 1578 2008 custodita,
1603 1966 1694 2012 que
1721 1950 1835 2013 ipsis
1862 1953 2026 2014 aperta
2045 1950 2149 1998 fuit.

381 2030 575 2077 Interim
603 2031 998 2080 vicecamerarius
1034 2033 1172 2081 Urbis
1204 2048 1314 2079 cum
1341 2035 1483 2095 gente
1512 2035 1559 2079 et
1584 2032 1822 2095 peditibus
1851 2033 1947 2080 suis
1975 2033 2154 2097 expulit

379 2114 437 2161 de
479 2115 690 2162 conclavi
731 2132 898 2163 omnes
938 2132 1034 2163 non
1078 2116 1309 2163 habentes
1354 2114 1610 2175 interesse,
1655 2114 1920 2162 cardinales
1956 2131 2152 2179 preces-

379 2202 544 2244 serunt
572 2197 630 2244 ad
659 2198 806 2245 altare
835 2198 990 2261 majus
1027 2197 1152 2245 dicte
1193 2198 1389 2261 majoris
1429 2197 1627 2260 capelle,
1660 2198 1787 2260 quod
1814 2198 1996 2246 nudum
2030 2203 2148 2260 erat,

378 2283 423 2326 et
452 2279 570 2325 nihil
603 2280 793 2343 penitus
827 2281 1035 2344 desuper
1065 2281 1291 2344 positum,
1327 2281 1407 2328 ubi
1440 2281 1620 2343 absque
1654 2280 1745 2328 alia
1776 2281 2047 2330 reverentia
2076 2283 2150 2330 vel

377 2362 711 2423 genuflexione
735 2363 838 2425 ipso
860 2363 996 2410 altari
1024 2364 1165 2421 facta,
1197 2367 1243 2410 et
1272 2363 1413 2421 male,
1438 2363 1581 2410 debet
1608 2363 1736 2410 enim
1763 2363 1867 2410 fieri
1895 2366 1942 2411 et
1969 2364 2149 2412 cantari

374 2444 652 2504 versicuIUS,
685 2448 730 2492 et
761 2445 911 2492 oratio
938 2461 1025 2508 per
1049 2446 1260 2508 priorem
1288 2445 1641 2508 episcoporum,
1672 2446 1888 2494 fecerunt
1915 2446 2148 2501 circulum

375 2527 463 2590 ipsi
497 2527 780 2585 cardinaleS‚
822 2532 869 2575 et
906 2532 1014 2591 post
1052 2528 1435 2586 modicaverba,
1480 2528 1575 2575 sive
1617 2535 1769 2591 pauca
1804 2544 1892 2592 per
1926 2528 2147 2576 vicecan-

376 2609 621 2657 cellarium
662 2610 810 2670 dicta,
855 2627 946 2673 que
987 2614 1148 2658 tamen
1197 2626 1294 2657 non
1339 2610 1494 2658 audivi
1538 2610 1612 2658 vel
1651 2611 1887 2670 intellexi,
1930 2614 2059 2658 stans
2098 2611 2146 2658 in

374 2698 578 2753 remotO,
609 2695 763 2742 vocati
791 2698 900 2742 sunt
927 2710 1111 2753 omnes,
1145 2694 1224 2757 qui
1252 2694 1430 2742 ibidem
1458 2694 1505 2740 in
1533 2693 1656 2752 aula,
1686 2694 1758 2742 vel
1789 2694 1917 2742 circa
1946 2694 2144 2758 reperiri

374 2779 634 2839 potuerunt
673 2778 731 2824 ad
766 2778 1044 2836 secundam,
1089 2778 1279 2825 tertiam
1319 2782 1366 2826 et
1411 2783 1628 2841 quartam
1661 2778 1900 2826 custodias
1933 2778 2144 2826 conclavi

373 2859 603 2923 deputati,
635 2860 807 2922 quibus
836 2877 998 2908 coram
1025 2861 1361 2919 cardinalibus,
1392 2866 1438 2909 et
1468 2861 1670 2925 collegio
1698 2859 1911 2924 predicto
1940 2874 2143 2922 congre-

373 2942 511 3005 gatis,
531 2946 696 2990 Rmus.
715 2946 772 2990 D.
791 2943 1229 3003 vicecancellarius,
1248 2947 1492 3006 tamquam
1512 2945 1644 3008 prior
1669 2942 1998 3000 cardinalium,
2018 2942 2142 2989 reci-

372 3025 484 3073 tavit
521 3041 603 3073 eos
645 3026 703 3073 ad
743 3026 1008 3073 custodiam
1052 3026 1288 3073 conclavis
1327 3027 1578 3090 deputatos
1618 3042 1748 3085 esse,
1789 3027 2044 3088 propterea
2081 3023 2139 3070 de

372 3108 578 3156 fideliter
605 3108 918 3156 custodiendo
953 3109 1174 3155 conclave
1208 3108 1382 3171 ipsum,
1420 3113 1466 3156 et
1497 3109 1770 3172 collegium,
1807 3110 1853 3154 et
1890 3105 2136 3169 palatium,

373 3195 418 3237 et
452 3206 547 3238 non
579 3189 899 3254 permittendo
947 3188 1265 3236 cardinalibus
1306 3188 1514 3251 aliquam
1554 3188 1718 3237 inferri
1758 3189 2047 3247 violentiam,
2083 3204 2138 3237 ac

374 3274 628 3320 canonicas
651 3273 920 3321 sanctiones
943 3272 1194 3319 observare
1213 3271 1333 3318 velle
1362 3287 1505 3335 super
1529 3272 1622 3320 hoc
1643 3272 1957 3334 disputantes,
1976 3272 2138 3335 jurare

374 3359 613 3418 oportere,
638 3356 718 3403 Sic
738 3373 821 3404 7208
841 3356 972 3404 Deus
997 3355 1205 3417 adjuvet,
1230 3361 1276 3400 et
1292 3362 1451 3401 sancta
1470 3354 1564 3402 Dei
1583 3357 1850 3419 evangeli&
1873 3360 1919 3404 et
1945 3358 2138 3418 recepto

372 3455 460 3502 per
480 3440 704 3487 eumdem
731 3438 1177 3487 vicecancellarium
1206 3437 1440 3485 breviario
1471 3442 1654 3502 aperto,
1688 3443 1996 3488 accesserunt
2030 3442 2139 3485 ante
