2262 3958
258 324 329 359 212
858 322 1091 361 JOHANNIS
1123 324 1418 372 BURCHARDI,
1696 331 1915 373 [Septembre
1937 334 2028 374 1486]

257 422 401 485 aliqui
431 423 670 483 dicebant,
695 424 775 471 diu
797 428 907 472 ante
925 423 1055 472 illam
1078 425 1267 485 horam,
1286 431 1448 475 tamen
1470 428 1638 477 eadem
1668 431 1764 492 die,
1787 435 1952 480 Rmus.
1979 432 2027 480 in

255 505 440 554 Christo
464 509 514 554 P.
538 510 584 554 et
603 509 659 553 D.
687 506 918 555 Dominus
945 508 1132 557 Gabriel
1155 509 1275 557 tituli
1297 515 1572 567 sanctorum
1592 514 1744 578 Sergii
1763 520 1811 564 et
1827 515 2025 575 Bacchi,

251 588 503 652 presbyter
554 588 809 637 cardinalis
856 591 1102 655 Agriensis
1156 592 1416 656 vulgariter
1462 602 1784 660 nuncupatus,
1847 599 2025 647 ordinis

254 671 512 730 Minorum,
533 671 625 720 vita
643 671 836 721 functus
854 678 944 735 est,
966 675 1102 738 cujus
1123 675 1285 724 anima
1304 676 1577 740 requiescat
1597 678 1643 726 in
1665 695 1785 743 pace
1800 680 1879 745 (1).v
1896 682 2028 730 Fecit

255 759 617 817 testamentum,
655 760 703 805 et
735 762 1018 807 executores
1039 759 1315 808 testamenti
1336 763 1540 810 RRmos.
1569 761 1616 809 in
1647 762 1834 812 Christo
1867 769 2027 828 patres

255 842 302 887 et
323 838 562 899 dominoe,
595 841 1172 901 DD.vicecancellarium‚
1213 848 1259 892 et
1286 844 1544 892 Ascanium
1583 845 1848 894 cardinales
1883 850 1930 896 et
1965 849 2023 897 D.

254 922 487 971 Aloisium
522 923 581 972 de
619 924 804 973 Maffeis
839 925 1124 989 scriptorem
1166 926 1499 990 apostolicum,
1549 927 1629 991 qui
1665 929 1760 976 hoc
1801 944 1909 978 sero
1948 945 2027 979 me

253 1005 411 1055 vocari
435 1007 653 1056 fecerunt
686 1007 747 1056 ad
775 1008 1092 1057 ordinandum
1124 1015 1396 1074 opportuna
1420 1027 1429 1058 :
1456 1010 1560 1059 veni
1588 1016 1635 1059 et
1668 1012 1878 1060 ordinavi
1899 1013 2030 1076 quod

263 1089 435 1137 fierent
482 1090 713 1149 sandalia,
746 1090 970 1139 tunicella
1014 1097 1060 1141 et
1102 1092 1373 1153 dalmatica,
1411 1093 1540 1156 quod
1575 1109 1750 1158 corpus
1787 1095 2026 1144 lavaretur

255 1175 302 1219 et
336 1171 433 1219 suis
466 1172 754 1235 quotidianis
793 1174 1003 1222 vestibus
1045 1173 1325 1223 indueretur
1358 1174 1440 1239 (sic
1467 1175 1644 1224 factum
1676 1177 1780 1242 est),
1814 1182 1862 1226 et
1895 1179 2026 1242 quod

254 1254 581 1317 provideretur
597 1256 656 1304 de
679 1271 793 1305 cera
817 1262 1085 1321 opportuna
1108 1274 1193 1322 pro
1222 1257 1555 1322 deportatione
1582 1260 1763 1308 funeris
1790 1261 1850 1309 ad
1871 1262 2028 1311 eccle-

257 1336 393 1397 siam,
433 1337 684 1387 intorticiis
717 1344 912 1388 centum
959 1345 1006 1388 et
1048 1340 1238 1390 circiter
1274 1346 1471 1390 centum
1509 1342 1737 1391 librarum
1776 1360 2028 1407 parvarum

257 1419 468 1468 candelis
501 1420 559 1468 de
594 1421 785 1485 triginta
818 1439 904 1486 pro
939 1423 1061 1472 libra
1091 1424 1165 1473 vel
1198 1424 1360 1488 viginti
1394 1430 1476 1473 aut
1504 1425 1669 1489 viginti
1701 1425 1930 1490 quinque,
1967 1427 2026 1476 de

258 1502 575 1567 quadraginta
607 1504 774 1552 faculis
808 1506 967 1555 medie
998 1507 1118 1556 libre
1153 1509 1388 1570 quelibet3
1429 1510 1560 1573 quod
1593 1525 1767 1574 corpus
1798 1511 1950 1561 lotum
1980 1515 2026 1560 et

257 1585 475 1636 indutum
503 1593 764 1651 poneretur
791 1605 937 1654 super
965 1594 1124 1654 tapete
1156 1591 1205 1639 in
1231 1596 1359 1641 terra
1389 1592 1439 1640 in
1467 1608 1674 1654 camera,
1703 1609 1813 1642 cum
1838 1594 2024 1643 duobus

255 1668 522 1731 intorticiis,
549 1687 642 1720 uno
665 1672 725 1720 ad
745 1678 887 1736 caput
908 1678 955 1722 et
976 1674 1067 1723 alio
1089 1675 1149 1722 ad
1169 1675 1335 1739 pedes,
1355 1676 1483 1739 quod
1509 1676 1743 1741 capellani
1774 1676 2024 1726 domestici

255 1752 623 1803 circumstarent
640 1760 688 1803 et
705 1755 921 1805 dicerent
935 1757 1149 1806 officium
1166 1762 1483 1818 mortuorum,
1500 1759 1629 1822 quod
1645 1759 1694 1807 in
1715 1759 1825 1808 aula
1842 1761 2023 1824 majore

254 1835 382 1884 circa
401 1837 614 1885 medium
636 1839 942 1889 ordinaretur
959 1841 1112 1889 lectus
1127 1856 1330 1905 magnus
1347 1857 1458 1890 cum
1473 1858 1677 1891 saccone
1695 1847 1742 1892 et
1762 1843 2022 1892 mataracio

253 1935 308 1967 ac
329 1920 473 1983 pallio
492 1936 638 1969 aureo
661 1921 869 1985 desuper
894 1927 942 1971 et
965 1923 1197 1986 capezzali
1223 1940 1278 1973 ac
1309 1924 1509 1972 cussinis
1536 1940 1591 1978 ac
1617 1925 1804 1973 duobus
1828 1924 2023 1989 capellis

251 2002 571 2052 cardinalibus
617 2009 664 2052 et
711 2020 880 2054 mensa
922 2022 1067 2070 parva
1111 2007 1171 2055 ad
1214 2007 1362 2071 pedes
1403 2004 1519 2056 lecti
1562 2008 1753 2057 tobalea
1806 2008 2020 2073 simplice

251 2092 479 2151 cooperta
499 2091 545 2136 et
569 2104 712 2152 super
735 2104 793 2137 ea
809 2105 889 2137 vas
918 2105 1040 2153 aque
1071 2090 1321 2139 benedicte
1349 2107 1458 2140 cum
1489 2091 1779 2156 aspersorio,
1809 2091 2025 2140 thuribu-

250 2171 351 2219 lum
386 2187 497 2220 cum
536 2172 776 2233 navicula,
819 2173 1059 2222 cochleari
1098 2179 1146 2223 et
1183 2174 1399 2235 incenso,
1446 2175 1541 2223 duo
1583 2175 1874 2224 candelabra
1911 2191 2022 2223 cum
2076 2225 2081 2229 ,

248 2254 584 2316 luminaribus,
610 2255 705 2305 duo
724 2272 898 2321 magno
918 2256 1207 2306 candelabra
1220 2274 1306 2322 pro
1323 2258 1511 2308 duobus
1525 2259 1777 2308 intorticiis
1799 2259 1860 2307 ad
1879 2262 2023 2323 caput

251 2341 298 2385 et
323 2337 488 2401 pedeS,
514 2354 568 2386 ac
601 2353 815 2388 scamma
842 2339 956 2388 hinc
989 2339 1099 2388 inde
1133 2340 1261 2389 circa
1285 2341 1465 2390 lectum
1497 2357 1583 2406 pro
1616 2341 1780 2406 viginti
1815 2345 2021 2405 quatuor

248 2420 499 2482 intortic'iis
534 2437 589 2470 ac
623 2422 715 2470 alia
748 2439 961 2471 scamma
983 2424 1121 2487 juxta
1149 2440 1312 2472 muros
1347 2426 1408 2474 ad
1439 2426 1601 2474 omnia
1628 2426 1779 2473 latera
1812 2425 1918 2474 aule
1946 2425 2020 2474 vel

248 2501 418 2550 saltem
439 2502 488 2550 in
510 2503 665 2567 capite
695 2506 800 2555 aule
827 2522 914 2570 pro
945 2506 1262 2554 cardinalibus
1285 2509 1332 2554 et
1360 2506 1474 2554 hinc
1503 2511 1549 2555 et
1570 2506 1680 2555 inde
1715 2522 1803 2571 pro
1823 2506 2018 2571 prelatis

246 2591 294 2634 et
318 2587 587 2635 oratoribus
614 2592 662 2636 et
687 2588 779 2637 alia
805 2594 1097 2653 opportuna;
1132 2594 1179 2637 et
1205 2588 1400 2648 recessi,
1423 2589 1587 2638 habito
1616 2589 1749 2654 prius
1783 2589 2010 2639 mandato

247 2685 334 2733 pro
355 2670 578 2718 vocandis
601 2670 911 2719 conventibus
934 2676 981 2720 et
1003 2671 1131 2720 clero
1153 2670 1470 2735 infrascriptis
1491 2671 1550 2721 ab
1569 2671 1907 2720 executoribus
1927 2687 2017 2736 pro

244 2752 321 2802 die
340 2753 568 2802 crastino.

310 2836 395 2885 Die
427 2836 549 2901 jovis
584 2839 642 2886 28
677 2837 978 2902 septembrIS‚
1003 2837 1052 2886 in
1074 2853 1234 2897 mane,
1261 2837 1320 2887 de
1348 2838 1573 2888 mandato
1597 2841 1693 2887 RR.
1720 2840 1819 2888 DD.
1846 2850 2018 2889 execu-

252 2924 408 2968 torum
436 2919 837 2984 supradictorum,
866 2919 974 2968 dedi
1007 2919 1278 2968 cursoribus
1307 2920 1464 2968 listam
1487 2920 1775 2986 infrascripti
1797 2921 1975 2970 tenoris
2001 2936 2013 2968 z

320 3006 388 3052 Ex
407 3006 540 3068 parte
567 3002 1087 3052 Reverendissimorum
1115 3003 1428 3051 Dominorum
1460 3003 1836 3053 vicecancellarii
1864 3009 1911 3053 et
1930 3006 2016 3052 As-

293 3141 325 3175 1.
353 3138 484 3176 Enfant
503 3138 641 3176 naturel
661 3136 706 3176 de
723 3137 840 3176 Guido
859 3138 1052 3186 Rang0n1‚
1076 3137 1219 3176 Gabriel
1234 3150 1273 3176 se
1291 3139 1411 3177 rendit
1427 3151 1470 3177 en
1491 3138 1651 3189 Hongrie
1674 3141 1695 3178 a
1714 3139 1748 3177 Ia
1771 3143 1863 3178 mort
1882 3140 1928 3178 de
1948 3152 2014 3179 son

252 3201 336 3246 pere
357 3203 393 3236 et
415 3203 518 3236 entra
544 3198 635 3235 dans
654 3198 782 3235 l'ordre
802 3198 867 3235 des
894 3199 1022 3235 Freres
1042 3199 1085 3236 de
1109 3198 1416 3245 Saint-Francois‚
1435 3202 1480 3235 ou
1501 3199 1524 3235 il
1548 3211 1586 3236 se
1612 3199 1654 3237 fit
1676 3199 1859 3237 tellement
1877 3211 2015 3237 remar-

251 3269 341 3304 quer
353 3269 419 3306 par
438 3270 479 3294 sa
497 3257 590 3306 piete
612 3262 648 3295 et
666 3269 725 3294 ses
744 3257 877 3295 talents
897 3270 968 3306 que
987 3261 1018 3295 le
1032 3258 1084 3294 roi
1103 3257 1276 3295 Matthias
1297 3258 1423 3294 Corvin
1444 3258 1633 3306 l’employa
1652 3260 1744 3295 dans
1764 3260 1829 3296 des
1849 3259 2015 3307 negocia-

252 3315 348 3353 tions
367 3317 643 3366 diplomatiques
661 3320 791 3366 aupres
812 3317 876 3354 des
887 3317 1043 3366 princes,
1063 3329 1120 3354 ses
1139 3316 1289 3363 voisins,
1304 3325 1339 3354 et
1357 3317 1405 3353 clu
1425 3317 1524 3366 Pape
1544 3317 1647 3355 Sixte
1668 3318 1729 3364 IV,
1745 3318 1808 3367 qui
1824 3319 1856 3355 le
1869 3329 2014 3355 nomma

253 3376 560 3414 successivement
578 3379 714 3426 eveque
739 3376 865 3413 d’Albe
890 3381 925 3414 et
947 3376 1196 3426 d’Agrigente,
1218 3376 1313 3413 enfin
1334 3375 1492 3413 cardinal
1511 3388 1556 3413 en
1588 3378 1690 3414 1477.
1711 3377 1804 3426 Voy.
1828 3382 1930 3415 outre
1959 3376 2014 3413 les

246 3433 438 3483 blograph.
465 3436 529 3473 des
550 3436 765 3483 cardinaux,
788 3435 1009 3482 Tiraboschi,
1026 3437 1211 3473 Scrittori
1229 3437 1441 3482 Modanesi,
1463 3439 1491 3473 t.
1516 3436 1578 3481 IV,
1598 3447 1635 3485 p.
1658 3438 1726 3474 263
1746 3441 1782 3474 et
1801 3434 1894 3475 suiv.
