2262 3958
77 316 296 360 [Aout1484]
519 314 689 351 RERUM
725 313 1031 351 URBANARUM
1065 314 1417 352 COMMENTARII.
1822 318 1868 352 33

77 417 208 483 quod
234 416 296 467 ad
327 416 731 466 subscribendum
761 417 820 466 ad
857 417 1092 480 capellam
1118 417 1281 465 venire
1309 416 1594 481 dignaretur
1624 433 1633 464 ε
1662 418 1790 479 quod
1822 422 1870 465 et

74 501 187 552 feci.
212 501 478 566 Respondit
507 501 627 549 mihi
655 501 807 565 quod,
846 500 1044 549 dimisso
1073 518 1160 565 pro
1193 517 1278 549 sua
1308 500 1660 564 subscriptione
1693 501 1866 565 spatio,

73 585 152 635 alii
174 601 344 635 omnes
366 585 746 645 subscriberent,
770 589 818 634 et
838 585 1061 632 omnibus
1090 585 1391 649 subscriptis,
1416 585 1546 633 idem
1574 589 1621 633 et
1642 585 1745 649 ipse
1768 585 1867 633 sac-

72 674 206 720 turus
227 673 358 720 esset
382 688 390 718 :
418 670 487 719 sic
509 669 636 719 enim
658 685 827 718 omnes
849 668 1255 733 subscripserunt,
1279 669 1477 717 dimisso
1500 685 1587 733 pro
1610 685 1667 717 eo
1690 669 1862 733 spatio,

74 757 337 818 Postquam
358 753 436 802 alii
458 752 725 802 cardinales
748 768 817 812 se,
844 756 896 800 ut
925 752 1185 816 prefertur,
1218 736 1620 817 subscripserant,
1653 754 1712 802 de
1734 770 1868 802 man-

74 837 186 895 dato
239 835 620 886 vicecancellarii
670 835 855 900 portavi
913 851 1082 885 omnes
1141 853 1226 885 sex
1283 837 1565 900 quinternos
1623 838 1866 901 predictos

75 921 272 970 domino
309 921 370 970 de
408 923 618 969 Foscaro
661 920 1062 980 subscribendoS,
1106 920 1185 985 qui
1218 920 1336 969 mihi
1370 921 1488 969 dixit
1524 937 1574 969 se
1605 938 1866 985 numquam

76 1004 380 1055 subscribere
418 1005 539 1054 velle
577 1009 625 1054 et
664 1006 791 1069 quod
831 995 1114 1069 quinternos
1153 1005 1204 1053 in
1240 1005 1425 1070 capella
1464 1022 1611 1070 supra
1647 1022 1867 1054 mensam

74 1104 382 1155 reponerem,
406 1088 527 1138 nihil
547 1089 732 1138 dicens.
759 1089 838 1138 Sic
859 1089 954 1138 feci
982 1093 1030 1139 et
1054 1105 1200 1139 nemo
1228 1089 1343 1154 quid
1370 1106 1399 1138 a
1430 1106 1507 1139 me
1537 1090 1863 1155 interrogavit.

139 1175 300 1223 Tenor
327 1189 442 1224 vero
480 1174 800 1240 capitulorum
831 1189 941 1222 cum
963 1173 1061 1222 suis
1094 1173 1529 1238 subscriptionibus
1552 1175 1610 1224 de
1634 1175 1781 1223 verbo
1809 1175 1870 1223 ad

72 1258 273 1308 verbum
294 1258 530 1322 sequitur,
555 1262 602 1307 et
623 1261 696 1307 est
717 1257 824 1306 talis
851 1274 862 1306 ε

137 1343 258 1391 Cum
285 1342 454 1391 RRmi.
491 1342 541 1390 in
571 1342 761 1391 Christo
790 1345 882 1391 ΡΡ.
922 1346 970 1391 et
996 1345 1098 1392 DD.
1131 1348 1441 1393 sacrosancte
1470 1359 1667 1393 romane
1697 1344 1865 1394 Eccle-

74 1425 144 1475 sie
177 1426 447 1476 cardinales
484 1427 706 1476 membra
733 1426 828 1476 sint
864 1443 1163 1476 summorum
1190 1428 1496 1492 pontificum,
1531 1429 1696 1493 eisque
1728 1430 1869 1478 assis-

74 1513 178 1559 tant
198 1510 446 1571 continuo,
472 1515 520 1560 et
556 1527 759 1560 onerum
796 1511 1012 1560 omnium
1043 1516 1092 1560 et
1121 1513 1434 1562 consiliorum
1463 1514 1723 1580 participes
1752 1515 1864 1576 sint,

75 1609 255 1659 equum
291 1595 590 1644 censendum
634 1600 707 1644 est
752 1599 800 1644 et
838 1595 1000 1644 officio
1032 1596 1182 1660 patris
1221 1597 1270 1645 in
1303 1598 1427 1646 filios
1462 1604 1864 1661 consentaneum,

74 1682 126 1727 ut
156 1678 404 1743 ampliori,
441 1695 586 1744 quam
616 1680 792 1740 ceteri,
836 1681 1078 1745 gaudeant
1123 1682 1452 1746 prerogativa,
1501 1687 1549 1732 et
1581 1700 1674 1747 quo
1707 1684 1869 1749 plures

75 1763 388 1812 sustentande
419 1763 664 1828 dignitatis
696 1779 842 1813 causa
874 1765 1085 1822 habeant
1120 1766 1386 1828 ministros,
1412 1784 1469 1817 eo
1504 1768 1595 1816 illis
1624 1770 1779 1834 major
1812 1770 1871 1817 ad

75 1847 202 1896 bene
223 1847 512 1896 merendum
548 1849 810 1913 prebeatur
838 1849 1057 1898 facultas.
1091 1850 1213 1900 Hinc
1251 1855 1325 1900 est
1355 1853 1482 1916 quod
1512 1869 1601 1901 nos
1633 1869 1802 1902 omnes
1826 1856 1873 1902 et

76 1931 250 1996 singuli
283 1947 322 1980 s:
359 1948 400 1981 r.
443 1934 497 1980 E.
536 1932 806 1982 cardinales
850 1934 1169 2000 infrascripti,
1205 1954 1293 2002 pro
1326 1938 1456 1986 bono
1497 1941 1545 1986 et
1583 1938 1709 1987 felici
1744 1939 1872 2002 regi-

77 2019 207 2069 mine
243 2035 300 2070 ac
335 2019 498 2085 quiete
538 2023 704 2069 nostra
735 2020 956 2084 juramus
994 2025 1041 2069 et
1074 2037 1301 2070 vovemus
1339 2026 1441 2071 Deo
1476 2022 1795 2087 omnipotenti
1824 2027 1872 2071 et

76 2104 256 2154 sanctis
285 2103 515 2170 apostolis
549 2107 693 2153 Petro
725 2108 772 2153 et
804 2105 970 2165 Paulo,
999 2121 1055 2153 ac
1090 2105 1315 2154 omnibus
1344 2107 1523 2154 sanctis
1558 2106 1870 2169 Ecclesieque

77 2204 162 2237 sue
184 2191 351 2237 sancte
379 2187 726 2253 promittimus,
759 2190 889 2252 quod
920 2188 959 2236 si
981 2189 1151 2251 aliquis
1177 2204 1235 2237 ex
1266 2190 1405 2238 nobis
1437 2190 1618 2238 electus
1649 2190 1791 2237 suerit
1822 2190 1870 2236 in

79 2275 275 2338 Papam,
299 2271 398 2332 ille,
424 2271 583 2321 statim
611 2275 722 2321 ante
750 2260 1130 2337 publicationem
1158 2273 1411 2322 electionis
1440 2274 1498 2322 de
1528 2289 1579 2323 se
1608 2274 1870 2334 celebrate,

76 2357 257 2423 Jurahit
293 2360 342 2405 et
378 2356 567 2406 vovebit
602 2373 741 2421 pure,
778 2357 1063 2422 simpliciter
1098 2373 1155 2405 ac
1195 2358 1323 2405 bona
1359 2357 1454 2406 fide
1490 2373 1681 2406 servare
1714 2358 1874 2406 facere

79 2445 127 2491 et
158 2457 269 2491 cum
300 2439 477 2490 effectu
511 2440 776 2506 adimplere
809 2442 973 2490 omnia
1002 2446 1050 2491 et
1080 2442 1268 2506 singula
1301 2442 1510 2507 capitula
1543 2442 1870 2506 infrascripta3

77 2539 169 2575 nec
207 2541 306 2574 non
344 2529 444 2575 tres
484 2525 739 2575 schedulas
780 2526 1084 2591 infrascripta
1131 2527 1339 2591 capitula
1384 2527 1689 2575 continentes
1731 2543 1873 2574 manu

77 2610 273 2675 propria
293 2610 520 2675 signabit,
544 2611 632 2659 sub
653 2610 810 2659 forma
829 2612 1087 2661 verborum
1111 2612 1523 2675 subsequentium,
1548 2611 1770 2659 videlicet
1796 2629 1805 2659 :

145 2694 247 2759 Ego
276 2693 402 2755 talis,
436 2693 618 2744 electus
646 2693 695 2743 in
723 2711 963 2744 summum
990 2695 1290 2761 pontificem,
1315 2696 1552 2760 premissa
1579 2695 1740 2743 omnia
1763 2711 1876 2760 pro-

80 2778 238 2838 mitto,
281 2795 430 2827 voveo
474 2783 522 2828 et
551 2780 661 2844 juro
695 2781 951 2829 observare
983 2784 1031 2829 et
1053 2781 1316 2844 adimplere
1360 2781 1408 2828 in
1441 2781 1663 2829 omnibus
1701 2785 1748 2829 et
1790 2797 1876 2844 per

84 2861 263 2921 omnia,
294 2875 414 2926 pure
442 2865 491 2910 et
518 2862 816 2926 simpliciter,
848 2865 976 2913 bona
1006 2865 1120 2925 fide,
1153 2865 1347 2913 realiter
1377 2869 1421 2912 et
1454 2881 1562 2913 cum
1592 2865 1783 2915 effectu,
1816 2863 1874 2910 ad

83 2946 274 2995 literam
295 2947 398 2995 sine
420 2946 580 3011 aliqua
597 2949 908 2997 excusatione
928 2952 975 2997 et
996 2947 1391 3012 tergiversatione
1411 2951 1458 2995 et
1480 2946 1874 3010 interpretatione

83 3031 341 3080 verborum
378 3031 465 3079 sub
492 3047 618 3096 pena
647 3032 847 3098 perjurii
881 3037 928 3081 et
950 3032 1288 3092 anathematis,
1319 3048 1345 3079 a
1377 3049 1470 3094 qua
1496 3048 1584 3078 nec
1615 3047 1691 3077 lue
1723 3030 1876 3092 ipsum

87 3113 350 3176 absolvam,
386 3131 476 3166 nec
507 3116 860 3166 absolutionem
891 3116 1033 3166 alicui
1064 3116 1363 3165 committam
1390 3132 1399 3164 :
1433 3116 1499 3163 sic
1528 3131 1604 3161 me.
1635 3117 1761 3160 Deus
1793 3113 1877 3159 ad-

82 3198 216 3264 juvet
252 3199 416 3248 etheo
448 3204 614 3248 sancta
647 3200 735 3250 Dei
769 3201 1038 3266 evangelia;
1076 3217 1132 3250 ac
1169 3200 1275 3248 volo
1309 3199 1438 3262 quod
1471 3198 1598 3245 dicte
1629 3195 1797 3243 cedule
1829 3198 1877 3243 et

88 3298 253 3331 earum
293 3281 504 3345 quelibet
538 3283 633 3333 vim
667 3285 920 3335 decretalis
955 3290 1002 3334 et
1032 3283 1385 3333 constitutionis
1420 3285 1650 3345 perpetue
1680 3281 1876 3335 inviola-

86 3365 246 3414 biliter
276 3363 571 3416 observande
603 3381 713 3417 cum
741 3368 938 3418 decreto
966 3367 1170 3416 irritanti
1198 3366 1423 3413 habeant.
1459 3367 1515 3411 Et
1550 3363 1587 3411 si
1617 3364 1874 3427 quidquam

88 3465 175 3514 per
210 3463 288 3498 me
323 3464 464 3498 secus
494 3450 672 3499 factum
702 3451 865 3511 fuerit,
897 3455 944 3500 et
971 3451 1020 3499 in
1046 3450 1204 3512 aliquo
1233 3447 1564 3497 contravenire
1586 3447 1658 3495 vel
1681 3447 1875 3511 dispen—

276 3555 308 3582 τ.
332 3556 356 3581 1.
1709 3543 1732 3578 3
