2262 3958
344 343 411 392 Jffis
953 351 1184 387 JoflANNis
1219 350 1511 396 ssUfflJHARm‘,
1885 356 1994 400 [Avi-11
2016 355 2109 400 1492]

343 455 556 503 Ecclesia
579 470 753 518 aquam
774 453 1072 501 ministrante
1094 469 1102 511 ;
1129 452 1189 499 ad
1209 468 1352 515 quam
1372 451 1603 500 lotionem
1625 469 1720 502 non
1740 454 1898 502 vocavi
1921 454 2110 517 episco-

340 554 454 601 pum
476 538 769 586 cardinalem
790 552 878 600 per
899 535 1204 584 oblivionem.
1231 535 1426 583 Interim
1456 534 1657 583 diacono
1685 538 1866 601 capelle
1887 537 2109 601 imposita

340 621 426 668 fuit
449 620 637 668 tobalea
666 619 795 668 circa
815 619 991 667 collum
1024 635 1033 666 :
1066 618 1177 667 lotis
1212 618 1449 676 manihUS,
1481 621 1624 682 Papa,
1655 618 1848 668 dimissa
1874 620 2031 680 mitra,
2057 636 2107 668 se

338 703 574 766 profunde
599 702 839 751 inclinavit
866 706 1167 750 sacramento
1190 702 1316 766 quod
1344 701 1572 749 diaconus
1603 717 1711 750 cum
1737 702 1886 752 calice
1907 703 2108 767 crystal-

337 787 434 835 lino
467 792 643 850 patena
678 790 907 850 cooperto
943 786 1098 849 primo
1145 784 1358 834 circuivit
1395 800 1529 848 more
1569 785 1732 844 solito,
1773 785 1944 834 deinde
1986 802 2108 850 pon-

340 869 456 917 tifici
484 869 745 934 apportavit
777 873 823 918 et
851 885 900 918 se
933 870 991 917 ad
1022 869 1260 917 sinistram
1287 868 1526 932 pontificis
1552 868 1739 927 locavit,
1771 868 1950 917 ibidem
1979 872 2108 917 stans

341 969 489 1016 usque
512 953 570 1000 ad
591 953 737 1001 finem
758 953 1109 1002 communionis
1127 971 1136 1010 ;
1161 952 1277 1000 alias
1299 953 1571 1012 diaconum,
1592 952 1938 1002 subdiaconum
1957 952 2108 1002 secuti

339 1037 528 1084 fuerunt
567 1035 660 1085 duo
703 1037 944 1086 auditores
981 1041 1082 1084 rote
1129 1051 1237 1083 cum
1259 1036 1519 1099 manipulo.
1563 1038 1682 1084 Tum
1721 1036 1844 1084 sedit
1875 1035 2106 1100 pontifex,

340 1124 536 1182 accepto
567 1119 720 1167 bireto
762 1123 977 1178 tantum,
1002 1123 1049 1167 et
1081 1120 1450 1168 communicavit
1481 1120 1638 1183 primo
1669 1119 1896 1169 diaconos
1939 1135 2108 1169 omnes

339 1202 622 1260 cardinales,
668 1206 768 1249 tum
817 1203 990 1251 ducem
1029 1202 1269 1262 Ferrarie,
1314 1203 1615 1266 capitaneum
1663 1203 1894 1263 Ecclesie,
1934 1204 2106 1252 ducem

341 1287 476 1343 Sore,
511 1285 864 1348 protonotarios
905 1285 1182 1334 assistentes
1220 1285 1392 1334 deinde
1423 1285 1540 1333 alios
1577 1300 1710 1334 more
1743 1286 1899 1335 solito.
1938 1285 2102 1335 Cardi-

339 1367 472 1416 nales
509 1368 718 1416 osculati·
738 1367 933 1417 fuerunt
961 1373 1071 1417 ante
1106 1367 1500 1416 communionem
1529 1383 1725 1415 manum
1757 1371 1885 1431 Pape
1918 1372 1966 1416 et
1997 1373 2107 1432 post

341 1450 734 1499 communionem
765 1467 845 1510 os;
877 1451 956 1499 alii
987 1456 1155 1499 omnes
1191 1455 1300 1499 ante
1329 1451 1722 1500 communionem
1751 1465 1949 1499 manum
1979 1453 2107 1516 Pape

344 1537 399 1607 ct⁴
425 1539 534 1598 post
577 1534 973 1583 communionem
1009 1535 1143 1582 nihil.
1193 1534 1521 1583 Subdiaconus
1571 1533 1752 1597 capelle
1800 1537 1930 1582 stans
1970 1533 2107 1598 juxta

345 1618 620 1666 columnam
665 1619 712 1666 in
750 1633 898 1667 cornu
939 1619 1139 1683 epistole
1185 1618 1453 1683 purificavit
1495 1615 1876 1666 communicatos
1913 1631 2107 1677 omneS,

348 1700 492 1748 etiam
522 1700 809 1759 cardinaleS,
839 1701 1025 1749 clericis
1054 1701 1235 1766 capelle
1265 1701 1353 1749 sibi
1383 1700 1546 1748 vinum
1573 1700 1620 1748 in
1643 1699 1843 1749 calicem
1860 1699 2130 1767 infunden-⁴

343 1783 485 1831 tibus,
510 1784 753 1852 *Senensis
780 1784 912 1848 prior
941 1784 1170 1833 assistens
1200 1785 1394 1833 tenebat
1423 1789 1649 1847 patenam
1675 1799 1783 1832 cum
1807 1787 2109 1833 sacramento

347 1868 555 1931 desuper
585 1866 762 1931 posito,
801 1867 886 1916 sed
913 1883 1010 1916 non
1038 1867 1346 1916 submittebat
1376 1883 1483 1915 eam
1511 1882 1654 1915 manu
1683 1869 1809 1930 Pape
1841 1881 1952 1915 cum
1979 1881 2109 1915 com-

341 1950 608 1998 municaret
641 1969 649 1997 :
687 1949 771 1996 sed
808 1949 909 1996 sine
954 1964 1131 2014 magno
1165 1949 1380 2014 periculo
1413 1949 1565 1996 visum
1597 1952 1669 1996 est
1703 1952 1960 2012 propterea
1988 1947 2105 1995 mihi

341 2033 592 2081 convenire
633 2032 671 2080 si
711 2032 800 2080 due
844 2036 1016 2096 patene
1063 2033 1335 2081 habeantur
1379 2047 1578 2096 quarum
1623 2047 1720 2080 una
1762 2031 1914 2079 libera
1953 2030 2108 2079 conti—

319 2107 434 2164 ‘nuo
458 2131 604 2163 manu
650 2115 891 2179 pontificis
935 2120 1255 2179 supponatur.
1290 2115 1666 2163 Communicatis
1713 2113 2033 2162 cardinalibus
2062 2116 2110 2161 et

340 2199 461 2247 duce
483 2198 718 2258 Ferraria,
751 2197 1054 2263 apportatum
1083 2199 1342 2248 scabellum
1376 2198 1637 2247 celebranti
1666 2197 1715 2245 in
1737 2212 1887 2246 cornu
1910 2195 2110 2260 epistole

340 2297 482 2345 super
502 2297 596 2344 quo
619 2281 740 2337 sedit
771 2285 817 2329 et
839 2282 963 2331 male
988 2299 1140 2346 usque
1169 2284 1228 2331 ad
1257 2282 1405 2332 finem
1433 2281 1804 2331 communionis.
1835 2279 1926 2328 Alii
1949 2282 2108 2328 autem

339 2365 604 2413 cardinales
645 2365 858 2429 episcopi
904 2371 951 2414 et
986 2367 1256 2430 presbyteri
1302 2365 1670 2430 genuflexerunt
1706 2363 1843 2427 quasi
1887 2362 2107 2426 jacentes

344 2462 440 2494 non
489 2462 547 2495 ex
599 2447 849 2495 devotione
898 2448 984 2495 sed
1026 2448 1366 2496 commoditate
1414 2465 1424 2495 :
1465 2447 1623 2511 potius
1677 2445 1806 2493 enim
1861 2443 2108 2492 voluerunt

343 2545 392 2576 se
416 2529 580 2593 jacere
617 2545 761 2592 quam
801 2535 944 2579 stare.
993 2530 1192 2579 Diaconi
1224 2546 1338 2579 vero
1379 2531 1567 2578 stabant
1598 2527 1820 2575 similiter
1858 2530 1906 2574 et
1941 2525 2108 2590 prelati

341 2611 573 2674 capellani
607 2616 808 2676 quatuor
842 2612 1084 2661 intorticia
1115 2617 1336 2662 tenentes
1371 2613 1452 2661 illa
1485 2613 1744 2660 tenuerunt
1775 2609 1889 2658 hinc
1921 2613 1970 2658 et
1997 2608 2107 2658 inde

332 2694 470 2758 juxta
494 2695 640 2744 altare
664 2695 904 2758 genuflexi
935 2711 1085 2759 usque
1118 2696 1176 2744 ad
1204 2697 1352 2744 finem
1387 2693 1759 2744 communionis.
1793 2691 1947 2741 Finita
1979 2707 2108 2741 com-

339 2778 584 2838 munione,
603 2778 834 2827 diaconus
861 2779 1121 2843 reportavit
1152 2779 1353 2840 calicem
1384 2793 1495 2827 cum
1527 2776 1697 2825 hostiis
1727 2790 1872 2839 super
1892 2775 2038 2824 altare
2057 2775 2104 2824 in

339 2861 497 2909 locum
513 2860 783 2925 pristinum.
809 2864 928 2917 Tum
963 2861 1164 2910 accessit
1191 2861 1250 2909 ad
1279 2861 1559 2926 pontificem
1584 2859 1837 2908 cardinalis
1857 2859 2107 2908 Rechana·

339 2943 486 2992 tensis
507 2944 639 3009 prior
663 2945 1054 3008 presbyterorum
1083 2944 1415 3003 cardinalium,
1442 2947 1488 2992 et
1511 2946 1620 3007 post
1640 2958 1753 2991 eum
1774 2941 1972 2990 sacrista
1992 2957 2103 2990 cum

339 3029 462 3074 tazza
480 3031 526 3075 et
547 3027 650 3075 aliis
671 3043 757 3091 pro
776 3027 1021 3076 credentia
1042 3045 1097 3077 ac
1116 3026 1439 3092 purificatorio
1462 3030 1509 3074 et
1527 3040 1617 3089 ego
1632 3040 1740 3074 cum
1759 3023 1968 3087 ampulla
1981 3023 2099 3083 vini;

339 3114 403 3169 et,
427 3109 550 3158 facta
568 3110 812 3159 credentia
832 3126 886 3160 ac
911 3111 1235 3174 purificatorio
1259 3125 1346 3174 per
1373 3107 1621 3156 sacristam
1650 3107 1730 3170 qui
1756 3106 2102 3170 superpelliceo

336 3191 526 3241 indutus
567 3197 683 3253 erat,
723 3193 975 3245 cardinalis
1014 3193 1220 3241 infundit
1258 3193 1417 3240 vinum
1451 3191 1609 3254 digitis
1653 3205 1776 3255 pape
1810 3205 1870 3237 ex
1895 3189 2103 3254 ampulla

337 3290 479 3339 supra
500 3281 722 3336 tazzeam,
748 3293 890 3340 quam
910 3276 1026 3325 mihi
1056 3276 1227 3325 deinde
1254 3274 1402 3333 dedit,
1436 3277 1483 3322 et
1504 3289 1593 3337 ego
1615 3274 1745 3322 circa
1765 3275 1913 3323 altare
1937 3272 2101 3336 accepi

336 3358 628 3408 ablutionem
666 3377 675 3406 ε
711 3364 825 3409 tunc
855 3362 1000 3424 Papa,
1035 3362 1231 3422 accepta
1265 3357 1423 3415 mitra,
1460 3354 1571 3404 lavit
1604 3372 1794 3417 manus,
1830 3357 1950 3405 duce
1990 3357 2100 3403 Fer-

336 3440 457 3489 rarie
473 3458 645 3504 aquam
661 3443 979 3503 ministrante,
1004 3458 1060 3491 ac
1082 3439 1321 3490 cardinale
1343 3455 1381 3487 s,
1408 3439 1534 3487 Petri
1549 3439 1609 3488 ad
1627 3439 1830 3491 Vincula
1848 3436 2095 3501 suppriore
