2262 3958
346 342 413 377 164
943 337 1174 374 JOHANNIS
1208 336 1502 382 BURCHARDI,
1788 339 1997 380 [Novembre
2019 341 2108 384 ¹4851

344 445 585 505 presente,
601 458 744 505 quem
765 440 929 488 debuit
949 438 1214 487 associasse
1234 438 1519 502 magnificus
1541 441 1597 486 D.
1618 439 1852 488 Robertus
1868 440 1927 489 de
1944 445 2111 490 sancto

344 527 569 574 Severino
601 526 650 573 in
678 523 1055 573 confalonerium
1089 539 1128 570 s·
1159 537 1355 570 romane
1384 520 1596 569 Ecclesie
1621 522 1876 582 creanduS,
1901 523 1987 573 sed
2016 539 2115 572 non

343 607 471 667 fecit,
496 607 606 670 quia
623 610 815 670 gentem
831 606 1045 655 nondum
1065 610 1280 669 paratam
1301 603 1510 652 habebat
1535 620 1544 651 ε
1570 604 1637 652 sic
1665 607 1842 669 Papam
1862 621 1960 655 non
1979 622 2116 655 asso-

345 690 498 748 ciavit,
526 705 682 752 neque
716 689 928 737 fimbrias
958 688 1172 754 pluvialis
1210 691 1354 752 Pape,
1385 692 1435 735 ut
1467 703 1554 750 par
1586 692 1706 747 erat,
1745 688 1927 738 detulit.
1971 689 2115 740 Venit

343 776 502 820 autem
519 772 647 820 idem
666 774 721 821 D.
743 771 980 820 Robertus
1001 772 1126 821 circa
1144 772 1291 823 finem
1311 771 1456 819 misse
1481 771 1541 819 ad
1561 771 1805 820 basilicam
1825 772 2109 836 predictam,

343 859 506 903 manto
527 855 733 918 quodam
755 860 1027 918 aperturam
1044 855 1253 904 habente
1276 871 1420 919 supra
1439 854 1690 902 brachium
1707 838 1847 903 suum
1863 855 2115 904 dexterum

342 938 486 1002 longo
504 953 654 1001 usque
680 938 740 986 ad
754 942 931 987 terram
954 938 1161 998 indutus,
1184 938 1260 986 cui
1283 938 1342 986 de
1365 937 1590 986 mandato
1612 940 1738 1002 Pape
1757 938 1919 987 locum
1939 937 2048 987 dedi
2065 937 2115 986 in

344 1020 577 1084 superiori
608 1021 756 1085 gradu
790 1021 892 1070 solii
927 1020 986 1069 ad
1013 1021 1259 1069 dexteram
1293 1023 1436 1084 Pape.
1476 1020 1711 1068 Birretum
1749 1025 1796 1069 et
1833 1021 1927 1070 alia
1955 1020 2116 1070 omnia

342 1103 552 1152 habebat
572 1104 742 1167 quibus
764 1104 932 1168 aliquis
954 1120 1122 1153 eorum
1147 1104 1211 1152 uti
1228 1104 1496 1163 consuevit,
1522 1103 1733 1152 ordinavi
1752 1103 2005 1152 incensum
2027 1102 2115 1152 sibi

344 1185 446 1233 dari
467 1185 643 1234 dehere
666 1191 712 1234 et
732 1202 919 1250 pacem,
944 1186 982 1234 si
1010 1187 1218 1236 venisset
1244 1187 1291 1235 in
1315 1192 1551 1252 tempore,
1582 1190 1690 1252 post
1721 1187 1987 1236 cardinales
2005 1191 2116 1236 ante

345 1268 595 1332 episcopos
615 1268 910 1317 assistentes.
930 1269 1060 1318 Idem
1076 1273 1132 1318 D.
1147 1256 1381 1319 Robertus
1398 1271 1502 1319 heri
1519 1286 1661 1334 super
1679 1271 1773 1319 hoc
1791 1287 1878 1335 per
1892 1286 1970 1319 me
1993 1270 2118 1319 advi-

347 1354 493 1409 satus,
513 1351 753 1416 deputavit
773 1352 891 1401 duos
912 1353 1098 1402 nobiles
1122 1354 1203 1417 qui
1221 1354 1406 1414 vexilla,
1426 1354 1581 1418 posita
1602 1370 1747 1417 super
1761 1354 1930 1413 altare,
1948 1353 2118 1402 Eccle-

346 1434 413 1483 sie
433 1438 480 1483 et
498 1437 623 1498 Pape
644 1434 731 1482 sibi
749 1435 906 1483 danda
922 1435 1190 1496 deferrent3
1213 1437 1339 1484 facta
1357 1437 1645 1485 comunione
1661 1452 1748 1500 per
1765 1435 2114 1495 celebrantem,

345 1516 470 1565 dicta
504 1517 597 1565 duo
631 1517 800 1566 vexilla
832 1518 988 1582 posita
1020 1519 1212 1567 fuerunt
1248 1536 1392 1582 super
1428 1520 1577 1568 altare
1605 1520 1653 1567 in
1684 1534 1835 1568 cornu
1862 1518 2113 1583 evangelii,

343 1599 530 1649 duobus
553 1601 803 1670 armigeris
823 1604 1014 1665 stangas
1037 1601 1231 1650 interim
1253 1607 1380 1651 retro
1403 1603 1552 1651 altare
1575 1607 1760 1651 erectas
1787 1602 2078 1651 tenentibus.

406 1685 525 1731 Data
545 1684 880 1733 benedictione
901 1701 985 1748 per
1006 1685 1280 1749 pontificem
1301 1690 1348 1734 et
1367 1686 1666 1750 indulgentia
1685 1702 1773 1750 per
1789 1686 2115 1735 celebrantem

342 1767 599 1830 publicata,
636 1767 955 1816 ascenderunt
992 1773 1102 1816 ante
1140 1769 1420 1831 pontificem
1457 1769 1551 1817 duo
1589 1769 1781 1833 acolyti,
1813 1769 1908 1817 duo
1946 1767 2118 1818 vexi-lla

340 1849 555 1912 predicta
573 1866 717 1913 super
736 1850 935 1898 brachia
952 1854 1173 1905 tenentes
1200 1851 1391 1914 plicata,
1423 1855 1471 1899 et
1494 1867 1603 1899 cum
1626 1851 1694 1900 eis
1713 1851 1843 1915 prior
1863 1851 2115 1916 presbyte-

339 1946 502 1979 rorum
526 1933 839 1981 cardinalium
866 1937 912 1981 et
938 1933 1067 1993 alius¹
1084 1933 1297 1998 acolytus
1328 1950 1437 1982 cum
1465 1950 1588 1998 aqua
1607 1933 1864 1983 benedicta
1884 1938 1932 1983 et
1952 1949 2116 1998 asper-

342 2014 486 2062 sorio.
506 2017 623 2062 Tum
645 2015 878 2079 pontifex,
904 2015 1121 2081 deposita
1142 2018 1230 2065 sibi
1253 2018 1408 2078 mitra,
1430 2004 1632 2067 surrexit
1653 2025 1699 2067 et
1719 2018 1962 2067 benedixit
1988 2017 2115 2066 dicta

339 2098 508 2146 vexilla
540 2099 705 2147 dicens
731 2116 740 2148 :
766 2100 1073 2163 Adjutorz'zcm
1101 2110 1312 2150 nostrum.
1340 2110 1446 2159 ete„
1481 2106 1528 2150 et
1554 2101 1601 2149 in
1630 2101 1727 2166 fine
1761 2101 1965 2165 aspersit
1990 2115 2116 2164 aqua

339 2182 610 2240 benedicta,
645 2197 736 2245 que
776 2198 888 2231 mox
920 2200 1007 2247 per
1033 2186 1287 2248 magistros
1316 2184 1496 2248 stangis
1525 2184 1620 2231 suis
1648 2184 1841 2232 fuerunt
1870 2181 2112 2246 imposita.

341 2267 461 2313 Tum
495 2266 712 2315 ascendit
744 2267 804 2315 ad
835 2267 1115 2330 pontificem
1149 2267 1363 2333 prefatus
1394 2269 1450 2314 D.
1486 2267 1740 2324 RobertUS,
1777 2269 1824 2314 et
1861 2279 2028 2314 coram
2057 2279 2116 2313 eo

339 2348 618 2411 genuflexit,
657 2354 704 2397 et
736 2350 942 2412 prestitit
969 2349 1211 2397 fidelitatis
1232 2349 1391 2397 debite
1435 2348 1625 2396 solitum
1652 2348 2004 2411 juramentum,
2037 2362 2114 2395 me

340 2428 427 2476 sibi
449 2429 727 2493 prelegente
747 2430 804 2478 de
826 2432 970 2478 verbo
993 2431 1052 2478 ad
1072 2431 1269 2478 verbum
1292 2431 1378 2477 sub
1396 2430 1488 2478 hac
1507 2431 1663 2479 forma
1687 2447 1697 2477 :

409 2532 430 2557 «
452 2516 550 2577 Ego
572 2515 809 2563 Robertus
839 2514 899 2561 de
923 2517 1088 2561 sancto
1118 2512 1344 2561 Severino
1371 2513 1555 2561 futurus
1586 2513 1815 2562 vexillifer
1841 2528 1926 2562 seu
1954 2513 2117 2562 confa-

336 2594 548 2644 lonerius
577 2601 883 2644 sacrosancte
909 2611 1109 2643 romane
1139 2595 1352 2644 Ecclesie
1383 2595 1628 2659 promittO,
1659 2594 1873 2658 spondeo
1901 2599 1949 2643 et
1972 2594 2114 2658 polli-

338 2693 452 2726 ceor
472 2682 613 2741 atque
629 2679 739 2742 juro
761 2679 891 2742 quod
917 2678 975 2727 ab
1005 2678 1096 2726 hac
1123 2677 1244 2725 hora
1271 2677 1319 2724 in
1345 2681 1486 2726 antea
1513 2677 1666 2726 fidelis
1696 2682 1743 2725 et
1770 2677 2000 2726 obediens
2027 2693 2111 2728 ero

337 2761 477 2808 beato
509 2763 669 2820 Petro,
706 2765 967 2824 sancteque
998 2776 1196 2809 romane
1223 2761 1438 2809 Ecclesie
1466 2766 1512 2808 et
1535 2760 1668 2809 vobis
1696 2759 1891 2808 domino
1918 2775 2028 2809 meo
2050 2762 2106 2808 D.

338 2843 617 2891 Innocentio
632 2858 754 2907 pape
772 2846 877 2894 VIIl
899 2843 1158 2906 vestrisque
1183 2843 1542 2891 successoribus
1557 2842 1786 2891 canonice
1804 2842 2104 2891 intrantibus

339 2927 651 2975 Sacrosancte
673 2942 871 2975 romane
900 2926 1112 2975 Ecclesie
1141 2941 1197 2974 ac
1226 2926 1498 2975 Sanctitatis
1522 2931 1676 2975 vestre
1705 2931 1753 2975 et
1780 2941 2108 2975 successorum

337 3009 662 3073 predictorum
693 3009 918 3058 defensor
957 3026 1057 3069 ero,
1095 3025 1150 3057 ac
1194 3009 1354 3057 omnia
1394 3010 1519 3074 jura,
1566 3009 1797 3067 honores,
1846 3008 2108 3072 privilegia,

340 3092 698 3151 authoritatem,
736 3093 991 3141 commoda
1030 3098 1077 3141 et
1114 3092 1338 3141 utilitates
1377 3107 1576 3140 romane
1609 3091 1822 3139 Ecclesie
1861 3090 2110 3139 Sanctitati

337 3179 490 3224 vestre
538 3180 584 3224 et
627 3191 959 3225 successorum
1014 3176 1295 3225 eorumdem
1341 3189 1651 3223 romanorum
1695 3173 1979 3237 pontificum
2023 3187 2110 3238 pro

338 3264 553 3324 tempore
597 3257 902 3307 existentium
936 3274 1235 3318 conservare,
1268 3273 1445 3321 augere
1477 3261 1523 3305 et
1553 3256 1811 3305 defendere
1844 3256 2109 3321 procurabo

338 3357 423 3404 pro
448 3357 590 3405 posse
612 3345 659 3390 et
689 3357 851 3400 nosse,
878 3346 1008 3391 recta
1035 3345 1081 3391 et
1101 3357 1219 3406 pura
1239 3341 1352 3399 fide,
1379 3340 1446 3389 sic
1466 3355 1544 3388 me
1572 3341 1701 3387 Deus
1723 3339 1912 3403 adjuvet
1942 3342 1989 3387 et
2020 3338 2110 3386 hec

337 3426 503 3487 sancta
531 3423 616 3472 Dei
638 3425 905 3488 evangelia.
940 3445 962 3469 »
