2262 3958
344 320 414 356 346
951 313 969 349 J
975 313 1183 350 OHANNIS
1217 312 1512 360 BURCHARDI,
1890 314 1996 356 [Avril
2011 315 2104 359 1489]

348 421 446 469 tina
467 421 539 468 vel
562 420 670 478 alia,
697 418 789 466 sibi
812 417 1049 480 placente,
1076 416 1169 475 die,
1192 417 1276 463 SS.
1301 418 1361 463 D.
1385 418 1440 463 N.
1464 431 1637 480 papam
1658 416 1703 465 in
1727 434 1878 482 cappa
1898 417 2111 466 cardina-

351 504 437 551 lari
457 519 512 550 ac
536 506 740 550 RRmos.
766 503 865 548 DD.
892 498 1158 546 cardinales
1178 497 1386 555 visitare,
1412 502 1457 547 et
1476 515 1563 564 pro
1578 516 1712 550 more
1737 502 1912 566 gratias
1930 517 2074 566 agere
2096 520 2106 550 :

353 602 446 649 quo
488 584 750 643 intellect0,
786 582 1050 631 Paternitas
1080 583 1175 630 Sua
1203 597 1424 631 asserens
1458 584 1812 647 promotionem
1845 601 1980 634 suam
2013 600 2111 634 non

350 667 640 730 intelligere,
671 670 929 731 propterea
955 681 1199 714 assumere
1231 680 1328 714 non
1357 666 1495 727 velle,
1521 667 1703 731 rogavit
1729 683 1807 716 me
1834 673 1886 716 ut
1916 671 2108 717 Rmum.

351 755 407 800 D.
438 749 887 799 vicecancellarium
907 750 1190 797 accederem
1212 750 1315 814 ejus
1336 750 1548 810 nomine,
1580 754 1627 799 et
1654 751 1872 799 ordinem
1894 767 1979 800 sue
2005 766 2114 816 pro--

349 834 573 883 motionis
592 834 929 898 intelligerem,
950 838 997 882 et
1019 832 1106 880 sibi
1133 832 1246 896 quid
1265 832 1556 882 faciendum.

414 917 630 967 Intellexi
654 934 681 965 a
702 921 839 965 Rmo.
868 920 924 964 D.
946 916 1335 990 vicecancellario
1358 918 1441 966 SS.
1464 920 1520 965 D.
1546 920 1624 977 Ν.,
1660 918 1930 982 predictum
1960 911 2115 966 domiss-

349 1018 465 1051 num
496 1001 704 1049 electum
731 1005 865 1048 motu
893 1000 1087 1064 proprio
1116 1001 1174 1048 ad
1210 1000 1466 1048 ecclesiam
1501 1001 1766 1064 predictam
1802 1001 2025 1066 elegisse,
2061 1016 2116 1050 ac

272 1098 275 1102 ·
352 1085 443 1132 sibi
472 1084 753 1148 simpliciter
778 1084 940 1132 omnia
967 1099 1054 1131 sua
1079 1083 1315 1132 beneficia
1344 1099 1613 1132 reservasse
1650 1088 1696 1132 et
1726 1084 1889 1132 locum
1929 1085 2116 1133 audito-

348 1172 479 1215 ratus
513 1182 664 1230 usque
696 1167 756 1214 ad
786 1166 1000 1214 habitam
1031 1166 1156 1214 dicte
1191 1166 1393 1215 ecclesie
1427 1166 1786 1230 possessionem
1819 1166 2071 1230 pacificam
2103 1185 2112 1214 :

346 1266 543 1315 prorsus
578 1233 890 1299 sanctitatem
919 1265 1056 1298 suam
1084 1250 1276 1310 dixisse,
1309 1250 1444 1297 litem
1467 1264 1573 1297 esse
1599 1249 1723 1298 inter
1751 1252 1808 1298 D.
1841 1249 2050 1299 electum
2071 1253 2119 1298 et

348 1335 603 1398 quemdam
627 1333 969 1382 cubicularium
992 1333 1262 1382 Sanctitatis
1285 1348 1369 1381 sue
1392 1349 1537 1397 super
1567 1333 1773 1396 quadam
1793 1333 2115 1397 prepositura,

351 1433 493 1480 quam
515 1418 649 1466 litem
685 1433 770 1464 sua
798 1417 1036 1464 Sanctitas
1060 1420 1228 1481 'aptare
1256 1417 1422 1476 vellet;
1451 1420 1613 1464 tamen
1642 1415 1730 1464 sibi
1755 1415 2000 1465 licentiam
2035 1417 2121 1467 de—

350 1501 493 1561 disse,
519 1501 649 1564 quod
668 1500 717 1547 in
739 1500 969 1549 schedula
993 1516 1136 1564 super
1161 1500 1464 1564 promotione
1494 1499 1773 1563 hujusmodi
1799 1499 2116 1560 conficienda,

351 1584 704 1648 preposituram
726 1583 1007 1648 hujusmodi
1033 1599 1130 1631 non
1157 1583 1419 1647 exciperet,
1443 1583 1527 1631 sed
1555 1582 1835 1647 simpliciter
1855 1582 2017 1631 omnia
2034 1583 2121 1633 be-

350 1666 524 1714 neficia
546 1671 829 1715 reservaret.
856 1666 939 1713 His
958 1666 1129 1715 deinde
1149 1666 1343 1714 domino
1364 1668 1517 1715 electo
1542 1666 1719 1725 relatis,
1745 1666 1874 1714 idem
1899 1665 2121 1716 dominus

352 1750 547 1810 electus,
576 1750 662 1798 sibi
689 1750 791 1797 fieri
810 1750 1042 1814 permisit.

415 1834 553 1881 Feria
585 1834 766 1896 quinta,
809 1837 836 1880 9
871 1833 1049 1880 mensis
1096 1833 1275 1896 aprilis,
1329 1834 1458 1882 circa
1494 1834 1664 1882 horam
1699 1833 1994 1897 vigesimam,
2035 1847 2123 1897 per

351 1920 538 1980 portam
573 1916 796 1966 Viridarii
826 1916 1064 1964 intrarunt
1087 1916 1265 1964 Urbem
1295 1918 1389 1966 duo
1428 1918 1555 1978 laici,
1588 1922 1802 1966 oratores
1829 1916 2122 1966 serenissimi

352 1998 479 2061 regis
503 1997 747 2062 Hispanie,
774 2014 896 2045 unus
918 1998 1073 2058 miles,
1099 1999 1217 2046 alius
1250 2000 1436 2059 doctor,
1461 2001 1519 2048 ad
1546 2016 1712 2064 regem
1735 2001 2124 2066 Neapolitanum,

352 2081 413 2129 ad
430 2081 705 2128 instantiam
728 2084 871 2145 Pape,
891 2081 1216 2142 utdicebatur,
1240 2099 1327 2146 pro
1350 2084 1606 2132 concordia
1626 2085 1889 2144 tractanda,
1918 2089 1966 2134 et
1985 2085 2124 2134 nobi-

351 2165 473 2213 libus
494 2164 710 2212 ducentis
731 2164 989 2212 liberandis
1010 2165 1161 2225 missi,
1193 2166 1270 2229 qui
1288 2167 1469 2231 recepti
1490 2172 1599 2215 sunt
1618 2183 1706 2231 per
1725 2168 1929 2217 familias
1945 2170 2035 2217 SS.
2061 2169 2120 2216 D.

354 2252 410 2297 N.
434 2264 575 2313 pape,
600 2252 647 2295 et
685 2251 974 2296 RRmorum.
1011 2250 1110 2296 DD.
1149 2237 1480 2310 cardinalium,
1519 2266 1577 2299 eo
1602 2267 1736 2300 more
1764 2267 1819 2299 ac
1842 2251 1880 2299 si
1899 2267 1987 2315 pro
2009 2252 2126 2301 obe-

355 2331 534 2380 dientia
549 2331 795 2379 Sanctitati
818 2347 901 2378 sue
925 2332 1180 2394 prestanda
1211 2333 1433 2381 venirent
1457 2351 1467 2382 :
1489 2334 1665 2382 familie
1699 2337 1989 2383 RRmorum.
2019 2337 2120 2383 DD.

356 2414 663 2462 cardinalium
683 2413 1056 2476 AndegavensiS,
1076 2416 1415 2475 Beneventani,
1440 2408 1796 2464 vicecamerarii
1818 2422 1864 2464 et
1885 2417 1943 2465 de
1968 2418 2125 2466 Comi-

357 2497 483 2544 tibus
502 2496 774 2558 equitarunt
790 2496 912 2543 ultra
936 2500 1151 2544 montem
1178 2497 1398 2557 Marium,
1426 2498 1516 2546 alie
1541 2498 1676 2558 citra,
1699 2504 1751 2546 ut
1770 2499 1951 2547 familia
1974 2503 2119 2564 Pape.

357 2581 397 2626 A
426 2578 602 2642 palatio
630 2578 689 2626 de
720 2578 941 2642 Spinellis
976 2578 1198 2627 associati
1238 2583 1347 2638 sunt
1381 2596 1532 2643 usque
1560 2582 1618 2629 ad
1656 2582 1852 2630 domum
1887 2583 1945 2631 de
1974 2585 2124 2632 Cruce

359 2662 482 2709 ultra
520 2677 743 2725 campum
766 2662 903 2710 Flore
925 2662 972 2708 in
994 2677 1088 2724 qua
1114 2662 1341 2726 hospitati
1372 2668 1498 2724 sunt,
1523 2668 1631 2712 ante
1653 2681 1795 2728 quam
1820 2666 1995 2730 gratias
2017 2681 2126 2730 ege-

361 2748 471 2792 runt
492 2760 627 2793 more
658 2748 914 2803 consuet03
949 2745 1219 2807 equitarunt
1249 2749 1426 2806 autem,
1452 2747 1589 2795 miles
1616 2748 1741 2796 inter
1770 2749 1890 2797 duos
1915 2749 2123 2813 prelatos

363 2827 542 2891 palatii,
567 2827 738 2876 deinde
764 2830 821 2874 D.
855 2827 1173 2875 Astoricensis
1195 2832 1241 2876 et
1265 2833 1478 2878 oratores
1499 2830 1610 2879 dicti
1638 2832 1764 2896 regis
1785 2833 1834 2880 in
1855 2833 1982 2882 Urbe
2003 2832 2123 2881 resi-

362 2911 528 2959 dentes
555 2927 583 2959 a
610 2910 810 2959 sinistris
838 2910 1031 2958 alterius
1060 2911 1229 2974 prelati
1263 2913 1441 2976 palatii,
1466 2915 1733 2963 successive
1760 2915 1858 2974 alii,
1887 2919 1940 2965 ut
1975 2916 2121 2964 moris

362 3000 450 3044 est.

431 3078 682 3127 Dominica
718 3079 1003 3143 palmarum,
1044 3082 1100 3126 12
1135 3079 1315 3126 mensis
1353 3079 1531 3143 aprilis,
1570 3083 1733 3129 Rmus.
1771 3084 1828 3130 D.
1871 3081 2120 3130 cardinalis

366 3163 624 3211 Aleriensis
653 3163 1224 3227 celebraturus'pervenit
1245 3163 1303 3210 ad
1329 3162 1560 3226 capellam
1592 3164 1825 3227 majorem
1853 3164 1950 3233 ubi,
1986 3167 2121 3212 ante-

363 3262 506 3309 quam
527 3248 616 3294 SS.
644 3249 701 3294 D.
727 3249 782 3294 N.
807 3246 1005 3304 veniret,
1028 3246 1212 3309 accepit
1234 3245 1394 3293 omnia
1405 3250 1701 3308 paramenta,
1727 3246 1939 3310 exceptis
1963 3245 2121 3294 chiro-

363 3329 515 3376 thecis
530 3333 577 3377 et
592 3330 732 3377 anulo
752 3329 1031 3393 pontificali,
1059 3328 1231 3375 deinde
1252 3327 1378 3376 venit
1400 3328 1614 3390 pontifex
1631 3329 1729 3391 qui,
1748 3329 1872 3377 facta
1887 3327 2118 3385 oratione,

367 3412 546 3473 recepit
567 3412 831 3461 cardinales
853 3412 913 3460 ad
932 3411 1249 3461 reverentiam
1269 3410 1317 3457 in
1338 3411 1501 3474 cappis
1522 3411 1798 3460 existentes.
1828 3413 1971 3459 Facta
1994 3425 2123 3458 reve-
