2262 3958
166 296 276 340 [Avril
295 297 387 339 1489]
607 296 774 335 RERUM
809 296 1114 335 URBANARUM
1148 296 1501 335 COMMENTARH.
1878 298 1948 334 345

160 401 316 450 Finita
351 399 515 460 missa,
560 403 689 466 Papa
719 403 978 466 reportavit
1013 418 1173 451 rosam
1217 402 1266 450 in
1306 418 1451 450 manu
1491 402 1702 460 sinistra,
1744 401 1942 450 dextera

160 483 452 534 benedicens
481 499 628 547 usque
663 486 723 533 ad
753 502 999 535 cameram
1026 486 1281 552 papagalli,
1316 485 1395 533 ubi
1426 484 1606 532 dimisit
1634 486 1937 548 paramenta,

157 572 206 616 et
233 567 283 615 in
315 575 509 616 camera
545 574 732 618 secreta
770 570 1048 618 deliberavit
1086 586 1196 619 cum
1234 569 1426 618 RRmis.
1467 571 1570 616 DD.
1611 567 1938 616 cardinalibus

158 666 305 716 super
330 667 441 700 rosa
472 652 647 712 danda,
687 657 735 701 et
763 653 973 701 decrevit
999 654 1129 702 illam
1157 654 1348 702 mittere
1378 653 1447 700 lll.
1491 655 1547 700 D.
1588 651 1797 700 Johanni
1827 651 1939 699 duci

159 734 417 795 Cliviensi3
461 741 647 800 postea,
678 736 886 800 peractis
914 736 1101 796 diebuS,
1144 737 1275 784 dedit
1305 752 1465 784 rosam
1491 736 1562 784 lll.
1601 738 1657 783 D.
1698 736 1939 800 Philippo,

156 819 404 883 preposito
434 819 776 884 Argentinensi
809 819 923 867 dicti
944 820 1080 868 ducis
1114 836 1348 884 germano
1381 820 1430 867 in
1454 820 1580 868 Urbe
1608 820 1849 880 existenti,
1890 824 1941 868 ut

156 914 266 952 eam
283 903 497 952 mitteret
516 903 649 952 fratri
678 918 766 951 suo
793 903 1012 967 predicto
1035 920 1044 962 ;
1080 904 1160 967 qui
1183 907 1239 951 D.
1265 903 1512 967 Philippus
1534 904 1725 951 donavit
1747 903 1942 951 cubicu-

153 987 283 1037 lariis
318 988 518 1036 secretis
548 987 736 1036 duobus
766 989 851 1036 SS.
890 991 946 1036 D.
978 991 1034 1036 N.
1063 981 1285 1047 centum,
1320 991 1367 1036 et
1400 986 1681 1036 camerariis
1716 986 1842 1034 Rmi.
1879 989 1938 1034 D.

154 1071 479 1120 Beneventani
501 1071 694 1120 circiter
711 1088 805 1119 xxx
834 1073 1140 1132 ducatorum,
1165 1076 1309 1136 prout
1330 1076 1501 1136 postea
1523 1071 1593 1119 sui
1617 1070 1735 1118 mihi
1759 1070 1938 1120 retule-

150 1161 281 1206 runt.

217 1241 471 1291 Dominica
491 1242 658 1306 quinta
677 1243 736 1292 de
758 1242 985 1307 passione
1011 1247 1307 1306 nuncupata,
1333 1246 1360 1290 5
1384 1241 1565 1306 apriliS,
1594 1245 1647 1289 R.
1674 1240 1722 1288 in
1748 1239 1939 1290 Christo

151 1328 203 1375 P.
227 1327 285 1375 D.
311 1326 637 1375 Bernardinus
659 1327 915 1391 episcopus
939 1326 1184 1386 Pacensis,
1205 1324 1518 1373 illustrissimi
1537 1323 1665 1387 regis
1687 1323 1938 1387 Hispania-

149 1409 325 1458 rumin
346 1410 471 1458 Urbe
493 1414 658 1459 orator
678 1410 937 1459 celebravit
965 1410 1164 1459 missam
1197 1409 1445 1474 publicam
1472 1409 1521 1456 in
1549 1407 1735 1472 capella
1763 1423 1936 1472 supra-

149 1492 294 1552 dicta,
329 1495 458 1558 Papa
482 1494 702 1554 absente,
738 1494 1060 1544 cardinalibus
1093 1494 1419 1559 presentibuS,
1454 1497 1503 1542 et
1536 1492 1789 1541 observata
1828 1498 1937 1541 sunt

149 1576 313 1626 omnia
343 1592 480 1626 more
518 1577 676 1627 solitO.
727 1580 1015 1629 Sermonem
1046 1579 1161 1627 fecit
1190 1578 1431 1642 generalis
1472 1577 1653 1625 ordinis
1683 1592 1934 1626 servorum

148 1659 288 1709 beate
309 1660 477 1710 Marie.

211 1743 349 1792 Feria
365 1748 554 1808 quarta,
581 1748 608 1793 8
631 1746 813 1810 aprilis,
836 1748 921 1793 SS.
948 1749 1004 1793 D.
1034 1748 1090 1794 N.
1121 1746 1169 1793 in
1206 1762 1294 1794 suo
1326 1750 1516 1795 secreto
1550 1746 1859 1806 consistorio,
1883 1751 1935 1794 ut

143 1826 292 1875 moris
302 1832 392 1888 est,
413 1828 616 1892 prefecit
630 1832 686 1877 R.
701 1832 758 1878 D.
772 1831 1045 1894 Eggerdum
1060 1831 1318 1894 Dtierkoop
1336 1831 1646 1880 decretorum
1661 1831 1929 1890 doctorem,

144 1910 466 1976 sacri‘palatii
503 1913 755 1977 apostolici
788 1929 1044 1963 causarum
1085 1915 1375 1975 auditorem,
1402 1916 1608 1964 ecclesie
1648 1915 1933 1964 Slesvicensi

145 2000 258 2045 tunc
278 1996 485 2060 pastoris
509 1996 680 2046 solatio
703 1997 947 2058 destitute,
982 1999 1043 2047 ad
1073 2015 1217 2062 quam
1247 1999 1342 2048 duo
1375 1999 1515 2048 electi
1542 2004 1696 2058 erant,
1721 2015 1930 2063 quorum

143 2095 267 2128 unus
299 2080 470 2128 habuit
506 2096 798 2129 consensum
833 2082 961 2145 regis
995 2083 1132 2132 Datie
1158 2087 1205 2132 et
1230 2083 1396 2132 literas
1426 2083 1849 2132 commendatitias
1872 2084 1933 2131 ad

143 2164 229 2211 SS.
254 2165 311 2211 D.
336 2165 392 2212 N.
418 2163 465 2211 in
483 2163 697 2212 favorem
716 2181 883 2225 suum;
909 2166 1166 2230 etquidam
1182 2167 1372 2225 tertius,
1393 2183 1617 2216 asserens
1640 2167 1930 2216 electionem

140 2245 304 2295 locum
339 2263 439 2295 non
477 2247 679 2309 habere,
718 2253 765 2297 et
799 2249 1057 2298 ecclesiam
1090 2250 1360 2315 predictam
1400 2251 1486 2299 sub
1523 2251 1827 2300 concordatis
1850 2268 1933 2301 na-

143 2329 286 2378 tionis
308 2331 565 2380 Germanie
600 2347 696 2380 non
726 2333 1094 2397 comprehendi,
1127 2334 1335 2382 instabat
1364 2350 1414 2382 se
1447 2335 1507 2382 ad
1534 2335 1701 2383 sedem
1725 2335 1929 2384 ecclesie

139 2412 307 2477 prefici
327 2430 338 2474 ;
362 2414 645 2478 hujusmodi
666 2421 830 2477 autem
850 2416 1203 2480 prefectionem
1227 2421 1283 2467 D.
1306 2418 1542 2467 Henricus
1570 2421 1736 2484 Meyer
1758 2421 1842 2466 SS.
1871 2422 1926 2467 D.

139 2498 196 2545 N.
229 2512 354 2562 pape
393 2498 716 2548 cubicularius
754 2516 813 2550 ex
846 2502 1135 2551 consistorio
1178 2503 1374 2563 missuS,
1407 2505 1463 2550 D.
1505 2502 1726 2566 Eggerdo
1750 2505 1794 2550 et
1822 2501 1925 2550 aliis

139 2581 500 2631 coauditoribus
535 2583 634 2632 suis
665 2589 714 2634 et
748 2585 1191 2635 locumtenentibus
1222 2587 1270 2635 in
1298 2591 1404 2635 rota
1427 2585 1823 2642 consedentibuS‚
1864 2585 1922 2634 de

139 2665 367 2714 mandato
389 2667 474 2715 SS.
499 2669 557 2715 D.
582 2670 638 2716 N.
670 2684 794 2733 pape
817 2670 1067 2734 nuntiavit.

207 2747 364 2797 Finita
398 2749 572 2799 deinde
609 2751 871 2812 audientia,
901 2753 1030 2802 idem
1064 2757 1121 2802 D.
1155 2755 1424 2819 Eggerdus,
1457 2756 1656 2804 dimisso
1696 2757 1917 2817 rochet0,

138 2833 188 2880 in
208 2832 374 2881 habitu
401 2848 487 2880 suo
510 2840 762 2895 consueto,
794 2840 845 2884 ut
866 2836 1072 2895 auditor,
1109 2839 1170 2887 ad
1196 2840 1394 2888 domum
1416 2856 1552 2889 suam
1583 2840 1741 2900 rediit,
1781 2856 1920 2888 asso-

138 2916 289 2965 ciatus
311 2920 474 2965 tamen
489 2933 517 2965 a
529 2918 681 2966 tribus
697 2919 800 2966 aliis
813 2921 1191 2983 coauditoribus,
1209 2923 1430 2974 videlicet
1445 2925 1703 2974 Francisco
1726 2925 1915 2984 Brevio,

138 3000 304 3050 Felino
326 3005 372 3050 et
393 3003 536 3050 Petro
562 3002 620 3050 de
642 3003 901 3069 Accolytis,
927 3004 1050 3054 inter
1070 3022 1191 3069 quos
1213 3008 1427 3056 medium
1449 3014 1496 3057 et
1513 3010 1723 3073 primum
1755 3009 1917 3056 locum

137 3084 350 3133 tenebat.
374 3086 498 3134 Ante
519 3086 716 3134 domum
745 3103 882 3135 suam
905 3088 1002 3151 egit
1024 3088 1092 3136 eis
1115 3093 1162 3137 et
1183 3090 1320 3150 mihi,
1345 3106 1402 3139 ac
1424 3091 1528 3140 aliis
1551 3091 1813 3140 curialibus
1837 3090 1915 3154 qui

137 3168 296 3232 ipsum
314 3169 632 3231 associarunt,
657 3171 854 3235 gratiaS‚
886 3176 931 3220 et
955 3171 1162 3226 intravit.

203 3255 402 3302 Peracto
429 3253 650 3317 prandio,
675 3259 870 3304 vocatus
897 3271 925 3304 a
950 3257 1168 3320 predicto
1199 3257 1396 3306 domino
1423 3259 1578 3307 electo
1614 3260 1737 3323 veni,
1772 3261 1853 3324 qui
1892 3277 1920 3310 a

134 3351 213 3385 me
239 3336 375 3400 petiit
411 3336 525 3399 quid
551 3339 794 3402 agendum
831 3359 840 3388 :
873 3340 1102 3405 respondi
1135 3341 1265 3405 quod
1298 3341 1344 3388 in
1376 3342 1544 3405 primis
1574 3342 1776 3392 deberet
1804 3344 1910 3395 fieri

133 3435 330 3480 corona,
368 3425 416 3469 et
436 3421 690 3471 rochetum
721 3424 1047 3489 episcopalem
1076 3441 1323 3474 assumere
1355 3425 1552 3483 debere,
1584 3427 1758 3476 deinde
1788 3443 1919 3477 cras-
