2262 3958
218 295 411 342 [311111486]
668 289 835 328 RERUM
868 286 1172 326 URBANARUM
1207 284 1558 323 COMMENTARH.
1939 282 2008 316 199
2067 285 2071 289 ⁴

220 406 329 467 post
351 414 402 448 se
425 397 567 457 osti0‚
593 394 816 444 omnibus
850 391 1078 457 expulsis,
1111 393 1341 439 executus
1367 393 1556 452 estque
1587 385 1675 434 sibi
1708 400 1796 449 per
1822 385 1907 432 SS.
1946 386 2003 434 D.

216 488 350 535 Nqut
369 482 626 548 prefertur,
652 483 762 528 sunt
788 476 1065 526 commissa.

278 568 331 616 ln
354 565 504 614 missa
523 560 904 614 consecrationis
931 558 1165 607 hodierne
1195 573 1291 605 non
1323 556 1519 605 fuerunt
1543 555 1792 604 incensata
1827 554 2004 611 oblata,

213 665 372 715 neque
401 650 550 699 altare
581 663 738 712 neque
762 646 1132 694 ‘sacramentum
1158 660 1166 689 :
1191 641 1241 689 in
1275 656 1467 688 summa
1495 640 1597 688 sine
1631 638 1830 686 incenso
1858 637 2008 685 missa

216 734 459 800 completa
499 732 605 791 fuit,
640 730 753 795 quia
781 728 829 776 in
865 725 1024 775 missis
1054 741 1146 790 que
1180 726 1411 788 leguntur
1448 741 1532 774 seu
1574 725 1676 773 sine
1717 725 1843 774 notis
1877 723 2006 772 cele-

213 821 416 868 brantur
435 818 636 866 incenso
663 829 762 862 non
782 811 976 860 utimur.

281 906 332 952 In
354 902 432 951 die
450 917 490 950 s,
500 899 649 950 Marci
665 895 958 961 evangeliste
976 893 1062 943 fuit
1082 894 1232 942 missa
1248 894 1478 942 solemnis
1500 893 1549 941 in
1565 893 1773 942 ecclesia
1787 893 2007 955 ejusdem

214 986 369 1038 sancti
393 985 453 1035 de
487 984 633 1044 Urbe,
675 996 818 1046 quam
847 978 1107 1028 celebravit
1135 977 1331 1043 quidam
1364 978 1639 1042 episcopus,
1672 975 1799 1025 Dixit
1820 979 2006 1024 tantum

210 1081 356 1120 unam
400 1069 689 1126 orationem,
736 1064 887 1114 Credo
933 1068 979 1112 et
1022 1063 1345 1128 prefationem
1386 1062 1444 1111 de
1485 1060 1735 1127 apostoliS.
1790 1061 2008 1109 Interfuit

212 1158 380 1206 Rmus.
407 1157 466 1204 D.
492 1171 532 1202 s.
557 1151 707 1202 Marci
729 1151 951 1216 etplures
973 1149 1051 1198 alii
1074 1148 1343 1197 cardinales
1366 1151 1414 1196 et
1429 1145 1641 1211 religiosi
1659 1162 1668 1205 3
1688 1149 1735 1194 et
1751 1145 1908 1194 clerus
1927 1145 2006 1208 qui

211 1241 272 1290 ad
285 1238 651 1306 processionem
682 1236 899 1294 venerat,
922 1231 1192 1297 expectavit
1218 1247 1306 1295 per
1331 1229 1591 1279 ecclesiam
1618 1233 1665 1276 et
1688 1231 1821 1277 extra
1852 1244 2005 1291 usque

209 1327 323 1390 post
343 1323 664 1374 elevationem
687 1317 995 1367 sacramenti.
1021 1315 1237 1365 Primum
1257 1314 1546 1378 inceperunt
1577 1311 1833 1360 incircuire
1856 1310 2005 1359 altare

215 1410 373 1475 majus
392 1403 823 1474 processionaliter
842 1417 928 1450 suo
945 1399 1132 1450 ordine.
1149 1398 1256 1447 Alia
1274 1398 1437 1447 omnia
1457 1396 1710 1445 observata
1732 1400 1844 1444 sunt
1864 1399 2008 1460 prout

214 1493 265 1542 in
304 1491 408 1540 aliis
447 1488 608 1538 missis
646 1486 897 1552 papalibus
925 1488 998 1533 est
1034 1486 1319 1533 consuetum
1347 1481 1609 1541 observari,
1641 1484 1844 1545 excepto
1878 1479 2006 1543 quod

216 1579 382 1624 Rmus.
409 1576 463 1623 D.
487 1570 745 1621 cardinalis
768 1586 806 1618 s.
832 1568 980 1617 Marci
999 1567 1130 1615 stetit
1151 1566 1200 1613 in
1220 1565 1389 1614 ultimo
1413 1566 1522 1614 loco
1540 1570 1650 1630 post
1667 1579 1838 1613 omnes
1861 1564 2005 1612 etiam

219 1660 451 1709 diaconos
485 1655 773 1714 cardinales,
796 1653 911 1701 licet
937 1652 1039 1716 ipse
1063 1651 1123 1699 sit
1144 1650 1400 1715 episcopus
1429 1649 1684 1699 cardinalis
1709 1665 1719 1707 3
1748 1654 1793 1697 et
1818 1647 2007 1711 accepit

216 1758 387 1809 pacem
416 1741 612 1790 ultimus
646 1756 674 1788 a
704 1737 954 1802 capellano
988 1735 1242 1784 assistente
1277 1739 1325 1783 et
1362 1735 1561 1799 singulis
1592 1733 1915 1781 cardinalibus
1947 1732 2005 1780 ad

210 1819 469 1877 ecclesiam
490 1824 760 1891 predictam
779 1821 1102 1874 venientibus,
1129 1819 1338 1869 accessit
1359 1819 1549 1867 obviam
1571 1833 1724 1882 usque
1745 1816 1806 1865 ad
1827 1816 2003 1864 ostium

211 1910 416 1961 ecclesie
437 1909 518 1959 ubi
542 1909 755 1973 singulos
773 1906 961 1970 accepit
990 1910 1037 1955 et
1064 1921 1219 1970 usque
1241 1905 1303 1953 ad
1318 1905 1427 1953 loca
1455 1918 1541 1952 sua
1561 1902 1611 1950 in
1635 1902 1839 1949 chorum
1868 1916 2004 1949 asso—

206 1995 363 2045 ciavit.

275 2079 414 2129 Faria
428 2082 619 2143 quarta,
644 2080 671 2125 3
694 2074 877 2125 mensis
899 2075 1029 2143 maii,
1057 2074 1216 2138 vigilia
1251 2072 1551 2122 ascensionis
1575 2075 1632 2120 D.
1659 2074 1715 2120 N.
1738 2073 1779 2119 J.
1806 2070 2001 2127 Christi,

213 2165 406 2214 fuerunt
424 2178 625 2227 vespere
646 2160 842 2226 papales
860 2159 910 2206 in
932 2159 1118 2222 capella
1138 2159 1322 2221 majore
1353 2157 1532 2222 palatii,
1562 2159 1692 2220 Papa
1710 2159 1758 2204 et
1781 2154 2004 2203 cardina-

211 2247 335 2296 libus
367 2244 690 2311 presentibus.
723 2245 854 2306 Papa
884 2240 1064 2305 incepit
1095 2255 1339 2304 vesperaS,
1376 2243 1423 2287 et
1447 2239 1540 2287 alia
1572 2255 1709 2288 more
1732 2238 1873 2287 solito
1893 2231 2004 2286 sunt

207 2330 472 2380 observata.

273 2417 324 2464 In
349 2414 444 2473 die,
468 2416 633 2461 Rmus.
660 2414 718 2460 D.
749 2409 1004 2460 cardinalis
1026 2409 1274 2472 Agriensis
1295 2408 1345 2456 in
1373 2408 1574 2456 basilica
1593 2407 1826 2472 principis
1846 2408 2003 2470 Apos-

211 2499 422 2549 tolorum
443 2498 502 2546 de
536 2497 664 2546 Urbe
698 2495 811 2545 fecit
841 2494 1001 2543 officia
1023 2493 1071 2541 in
1093 2491 1389 2558 paramentis
1424 2491 1561 2551 albis,
1590 2494 1720 2555 Papa
1754 2496 1998 2555 presente.

209 2585 497 2632 Sermonem
517 2581 631 2630 fecit
649 2579 844 2644 quidam
873 2579 1020 2627 frater
1039 2578 1288 2643 professus
1309 2577 1491 2625 ordinis
1522 2592 1561 2624 s.
1593 2575 1864 2640 Augustini.
1898 2577 2000 2631 Quo

206 2666 363 2727 finito,
387 2665 515 2714 dicta
541 2665 630 2713 fuit
659 2680 748 2729 per
764 2664 1021 2712 diaconum
1049 2662 1233 2727 capelle
1262 2661 1526 2721 confessio,
1551 2665 1599 2709 et
1619 2675 1707 2725 per
1736 2661 1821 2708 SS.
1854 2662 1911 2708 D.
1941 2661 1996 2707 N.

205 2749 335 2798 facta
349 2748 608 2807 absolutio,
634 2748 720 2798 sed
731 2763 820 2811 per
834 2746 1245 2795 sermocinantem
1266 2761 1364 2793 non
1380 2744 1718 2810 pronunciata,
1736 2760 1896 2807 neque
1915 2759 2003 2807 per

204 2833 385 2898 ipsum3
410 2836 520 2897 post
539 2831 755 2879 habitam
777 2846 806 2879 a
832 2833 961 2894 Papa
980 2829 1391 2889 benedictionem,
1416 2833 1528 2878 ante
1551 2843 1829 2876 sermonem
1851 2826 2001 2890 petita

204 2916 291 2966 fuit
311 2915 629 2979 indulgentia,
655 2930 765 2963 cum
788 2915 873 2962 SS.
900 2916 957 2961 D.
992 2915 1048 2962 N.
1080 2913 1347 2976 plenariam
1368 2913 1417 2961 in
1437 2913 1632 2977 publico
1658 2912 1768 2960 loco
1791 2911 1848 2958 sit
1868 2910 2001 2958 datu-

206 3017 304 3050 ωε.
333 2996 480 3049 Facta
510 2999 559 3047 in
595 2998 744 3047 missa
776 2997 1046 3046 elevatione
1089 2998 1398 3056 sacramenti,
1442 3001 1667 3045 ostensus
1702 2995 1789 3043 fuit
1821 2994 1998 3058 populo

203 3085 362 3133 vultus
383 3083 479 3132 sive
500 3082 648 3132 facies
672 3081 930 3131 Salvatoris
950 3080 1121 3141 nostri,
1147 3084 1214 3139 ut,
1239 3096 1298 3128 eo
1319 3081 1438 3140 viso,
1470 3081 1564 3129 iret
1584 3080 1644 3128 ad
1663 3079 1827 3127 locum
1854 3078 2000 3126 bene-

208 3167 430 3218 dictionis
469 3169 531 3218 ad
562 3168 835 3218 evitandum
875 3167 1150 3216 tumultum.
1187 3165 1341 3214 Finita
1380 3165 1545 3224 missa,
1590 3168 1718 3228 Papa
1752 3163 1878 3211 venit
1912 3179 2000 3227 per

212 3253 432 3302 ultimam
457 3269 635 3302 navem
654 3252 851 3302 basilice
886 3252 1132 3300 etiterum
1165 3253 1360 3299 ostensa
1392 3249 1480 3297 fuit
1502 3249 1632 3297 dicta
1654 3247 1801 3295 facies
1823 3247 1997 3295 deinde

212 3338 301 3386 fuit
322 3337 382 3385 ad
401 3337 564 3386 locum
584 3336 934 3386 benedictionis
960 3339 1265 3393 consuetum,
1289 3332 1613 3382 cardinalibus
1645 3336 1692 3380 et
1724 3331 1920 3396 prelatis
1942 3346 1997 3379 ac

218 3421 324 3470 aliis
344 3421 392 3470 in
416 3421 515 3470 suis
531 3421 696 3486 cappis
721 3420 1095 3486 precedentibus
1121 3419 1222 3467 sine
1238 3418 1552 3483 processione
1572 3417 1620 3465 in
1634 3416 1744 3465 loco
1763 3415 1996 3480 predicto,
