2262 3958
201 295 409 340 [Decembre
431 293 523 334 1487]
642 290 812 327 RERUM
844 287 1150 326 URBANARUM
1182 285 1534 325 COMMENTARII.
1916 289 1989 324 277

203 401 350 462 Pape,
372 395 420 443 in
440 393 718 458 hujusmodi
747 395 992 441 oratorum
1026 389 1304 454 receptione
1326 394 1373 438 et
1394 389 1537 438 simili
1563 389 1878 453 equitatione,
1900 391 1987 439 de-

198 482 315 530 hent
334 479 597 545 precedere
626 482 842 527 oratores
874 492 1021 524 novos
1058 475 1291 523 intrantes
1323 478 1370 522 et
1403 489 1501 522 non
1524 474 1768 522 associare
1792 474 1864 523 vel
1886 490 1983 523 non

199 563 445 614 associari.
473 566 593 612 Item
612 566 775 611 orator
789 561 916 624 regis
936 557 1242 617 Ferdinandi,
1260 573 1370 606 cum
1392 562 1582 621 portam
1598 558 1737 607 Urbis
1763 574 1984 607 essemus

201 647 440 707 intraturi,
466 647 666 696 recessit
687 650 735 694 et
754 644 906 693 noluit
925 643 1129 706 amplius
1146 641 1194 689 in
1208 641 1433 691 comitiva
1449 642 1731 706 hujusmodi
1747 643 1982 707 equitare.

266 732 494 791 Sabbato,
534 731 611 779 die
640 733 700 777 24
731 726 911 776 mensis
950 725 1244 784 novembris,
1277 726 1401 773 hora
1431 741 1494 773 xx
1525 726 1598 774 vel
1632 726 1777 787 circa,
1812 742 1983 777 omnes

197 816 466 867 cardinales
487 816 535 863 in
563 814 690 863 Urbe
711 814 980 876 presenteS,
1013 809 1071 857 de
1100 808 1327 856 mandato
1366 810 1451 856 SS.
1492 811 1547 855 D.
1579 811 1634 856 N.
1670 826 1813 873 pape,
1838 826 1983 859 vene-

200 905 309 950 runt
346 899 609 965 palatium;
645 895 817 960 quibus
855 910 952 942 una
989 908 1102 940 cum
1135 893 1219 941 SS.
1252 894 1309 939 D.
1339 893 1395 939 N.
1427 891 1476 938 in
1510 906 1704 939 camera
1743 894 1985 956 papagalli

200 982 526 1049 congregatis,
559 983 794 1029 venerunt
823 978 918 1026 duo
947 979 1164 1025 oratores
1192 974 1415 1039 predicti,
1448 974 1526 1037 qui
1556 974 1735 1022 ibidem
1765 991 1793 1022 a
1815 977 1899 1023 SS.
1926 979 2004 1024 D.-

199 1070 256 1118 N.
289 1064 704 1123 consistorialiter,
738 1065 926 1111 secreto
959 1064 1140 1119 tamen,
1178 1058 1359 1123 recepti
1388 1061 1498 1106 sunt
1534 1062 1599 1117 et,
1636 1061 1836 1122 propter
1860 1061 1989 1123 quod

199 1151 334 1200 missi
378 1153 559 1209 essent,
610 1147 901 1213 generaliter
947 1145 1312 1208 exposuerunt;
1357 1157 1451 1205 quo
1488 1141 1632 1201 facto,
1680 1149 1989 1196 recesserunt

200 1251 371 1285 omnes
398 1233 668 1284 cardinales
692 1231 742 1279 in
770 1230 896 1280 Urbe
926 1231 1176 1294 presentes
1204 1227 1264 1276 de
1293 1226 1519 1274 mandato
1551 1227 1637 1274 SS.
1671 1229 1728 1274 D.
1757 1229 1813 1275 N.
1840 1244 1984 1292 pape,

199 1319 410 1368 dimissis
431 1317 612 1367 ibidem
635 1314 905 1364 oratoribus
918 1311 1162 1378 predictis.
1183 1310 1471 1375 Hujusmodi
1489 1310 1721 1376 receptio,
1738 1315 1789 1359 ut
1810 1311 1984 1373 audivi,

199 1403 362 1453 multis
393 1401 652 1467 displicuit,
690 1416 801 1448 cum
846 1388 1160 1447 inhenestum
1194 1399 1241 1444 et
1277 1394 1622 1443 inconveniens
1659 1387 1903 1444 videretur
1941 1400 1988 1444 et

200 1492 348 1546 esset,
393 1486 578 1535 nullum
618 1488 838 1532 nostrum
891 1483 952 1531 ad
996 1480 1329 1545 receptionem
1378 1479 1656 1544 hujusmodi
1702 1480 1987 1529 advocatum

200 1559 346 1622 fuisse
369 1574 450 1619 aut
469 1566 771 1628 interfuisse3
799 1567 884 1615 sed
907 1566 1008 1615 sine
1031 1565 1171 1614 nobis
1194 1565 1320 1612 facta
1348 1569 1437 1612 est.

268 1655 405 1705 Feria
432 1658 583 1714 sexta,
620 1656 680 1701 30
702 1650 1000 1709 novembris,
1032 1650 1156 1698 festo
1192 1665 1230 1696 S.
1256 1640 1420 1696 Andre
1458 1649 1682 1712 apostoli,
1716 1651 1799 1699 SS.
1829 1652 1885 1698 D.
1926 1653 1982 1699 N.

199 1727 394 1804 paratus
429 1735 727 1785 ornamentis
762 1734 922 1782 rubeis
962 1733 1087 1781 venit
1115 1732 1175 1779 ad
1211 1731 1460 1780 basilicam
1496 1748 1534 1779 s.
1577 1732 1724 1790 Petri,
1758 1733 1837 1781 ubi
1875 1749 1987 1782 cum

199 1821 539 1880 cardinalibuS,
575 1819 623 1867 in
661 1818 846 1883 capella
881 1834 921 1865 s.
959 1815 1153 1879 Georgii
1182 1814 1396 1863 interfuit
1421 1815 1567 1863 misse
1603 1815 1808 1864 solemni
1842 1833 1987 1881 quam

199 1905 462 1956 celebravit
484 1907 538 1954 R.
567 1907 619 1952 P.
651 1906 708 1951 D.
735 1904 906 1950 Petrus
934 1888 1109 1948 Paulus
1143 1899 1398 1963 episcopus
1432 1915 1472 1946 s.
1509 1900 1660 1963 Agate
1703 1918 1712 1947 z
1753 1900 1880 1950 dicta
1900 1901 1988 1949 fuit

196 1976 383 2040 tantum
411 1975 508 2038 una
529 1987 708 2046 oratio;
740 1990 850 2051 post
880 1985 1104 2042 missam,
1140 1999 1237 2032 non
1273 1987 1383 2031 sunt
1419 1983 1529 2031 date
1560 2000 1718 2048 neque
1746 1986 1986 2049 publicate

197 2074 516 2140 indulgentie,
548 2073 663 2121 licet
689 2072 792 2119 illas
821 2087 850 2118 a
875 2058 1003 2134 Papa
1031 2069 1298 2133 petiissem.
1322 2067 1492 2117 Visum
1520 2068 1650 2116 enim
1683 2074 1756 2117 est
1789 2070 1854 2118 ita
1882 2071 1986 2119 tieri

197 2163 338 2208 Rmo.
377 2160 435 2206 D.
475 2155 706 2206 cardinali
742 2153 977 2212 Senensi3
1018 2168 1113 2200 non
1159 2152 1248 2200 fuit
1282 2168 1460 2200 sermo.
1493 2152 1604 2212 Sed,
1648 2152 1798 2201 missa
1830 2153 1982 2214 finita,

198 2242 416 2292 ascendit
453 2257 597 2305 supra
637 2240 787 2288 altare
830 2237 926 2286 sive
962 2235 1197 2285 ciborium
1253 2236 1333 2299 qui
1381 2236 1709 2286 celebraverat
1758 2242 1830 2298 et,
1877 2239 1988 2287 data

196 2326 537 2377 benedictione
559 2341 648 2390 per
669 2327 867 2388 Papam,
891 2321 1099 2370 ostendit
1122 2326 1267 2385 caput
1286 2337 1324 2368 s.
1350 2320 1542 2370 Andree
1565 2321 1769 2386 apostoli
1785 2311 1794 2380 Ι;
1811 2322 1985 2371 deinde

198 2414 327 2476 Papa
349 2410 492 2459 rediit
525 2410 586 2458 ad
614 2423 876 2458 cameram.

264 2493 518 2543 Dominica
552 2493 708 2558 prima
744 2492 995 2552 adventuS,
1033 2494 1060 2539 2
1088 2490 1381 2550 decembris,
1413 2492 1497 2539 SS.
1531 2477 1587 2538 D.
1623 2493 1699 2552 N.,
1724 2492 1846 2541 hora
1867 2509 1986 2541 con-

199 2582 352 2638 sueta,
385 2577 511 2626 venit
534 2577 596 2626 ad
625 2576 860 2641 capellam
894 2577 1132 2641 majorem
1165 2575 1244 2623 ubi
1269 2575 1483 2623 interfuit
1511 2575 1658 2623 misse
1687 2592 1833 2640 quam
1855 2578 1985 2626 cele-

199 2662 351 2712 bravit
390 2665 557 2711 Rmus.
607 2665 664 2710 D.
704 2662 978 2727 Raynaldus
1021 2659 1413 2724 archiepiscopus
1454 2659 1760 2708 Florentinus
1801 2661 1985 2725 primus

200 2743 539 2809 episcoporum
561 2743 888 2792 assistentium
908 2747 1054 2808 Pape.
1080 2743 1207 2793 Dixit
1227 2746 1434 2807 quatuor
1446 2744 1690 2792 orationes
1717 2761 1728 2792 ς
1754 2745 1981 2809 primam,

200 2827 257 2876 de
285 2827 519 2876 dominica
547 2827 636 2875 sub
663 2843 750 2875 sua
780 2828 1092 2877 conclusione
1119 2844 1128 2887 ;
1168 2829 1449 2889 secundam,
1490 2829 1616 2877 Deus
1655 2831 1738 2894 qui
1769 2830 1825 2878 de
1858 2831 1986 2879 beate

199 2912 374 2972 Marie,
399 2919 518 2970 et0.;
540 2911 747 2970 tertiam,
772 2915 942 2959 contra
968 2927 1213 2976 paganos;
1240 2916 1478 2976 quartam,
1504 2930 1591 2978 pro
1615 2916 1759 2977 Papa.
1788 2916 1987 2963 Sermo-

200 3012 314 3046 nem
335 2995 450 3045 fecit
479 2996 627 3045 frater
657 2996 900 3045 Marianus
928 2996 986 3044 de
1013 2995 1232 3046 Viterbio
1261 2996 1442 3044 ordinis
1473 2998 1850 3063 predicatorum.
1882 2999 1987 3047 Alia

201 3080 363 3129 omnia
384 3081 636 3129 observata
657 3086 766 3128 sunt
786 3095 922 3129 more
952 3079 1111 3128 solito.

267 3164 405 3213 Feria
424 3164 607 3229 quinta,
633 3167 660 3212 6
684 3164 975 3220 decembris,
1001 3164 1180 3212 t'estum
1204 3180 1242 3212 s.
1264 3163 1446 3213 Nicolai
1472 3164 1707 3229 episcopi,
1735 3167 1819 3214 SS.
1846 3168 1904 3214 D.
1927 3167 1984 3214 N.

201 3250 330 3299 venit
361 3249 422 3298 ad
453 3265 650 3312 parvam
687 3249 922 3313 capellam
968 3250 1016 3297 in
1053 3249 1240 3297 cuculla
1285 3248 1381 3296 sive
1434 3254 1598 3296 manto
1644 3250 1794 3297 rubeo
1842 3265 1990 3314 supra

205 3334 459 3383 rochetum
485 3352 494 3382 :
521 3334 733 3383 fimbrias
774 3334 917 3382 simul
942 3333 1172 3382 collectas
1200 3332 1405 3397 portavit
1435 3333 1692 3397 episcopus
1723 3332 1988 3382 Aleriensis

200 3419 385 3484 primus
420 3418 768 3478 assistentium,
806 3417 1005 3466 missam
1034 3417 1275 3481 publicam
1304 3416 1572 3476 auditurus,
1605 3433 1751 3480 quam
1776 3417 1992 3466 celebra-
