2262 3958
121 336 228 382 [Aout
247 335 341 378 1484]
574 326 745 365 RERUM
770 325 1078 364 URBANARUM
1105 325 1457 365 COMMENTARII.
1875 334 1919 369 51

121 430 455 496 comprobata,
476 446 567 480 nec
590 431 789 480 eosdem
809 431 1021 496 prelatos
1042 430 1214 479 invitos
1242 432 1518 492 transferet,
1542 432 1635 481 nisi
1657 449 1716 482 ex
1737 434 1921 485 eisdem

124 516 301 576 causis,
328 514 385 564 ac
412 519 613 580 propter
636 514 716 563 illa
734 514 926 563 notoria
955 513 1176 574 crimina,
1212 520 1414 581 propter
1443 533 1536 581 que
1569 517 1628 566 de
1655 519 1763 583 jure
1794 521 1923 568 veni-

129 605 238 651 rent
263 599 567 666 deponendi3
605 603 654 648 et
684 599 724 647 si
758 615 817 647 ex
844 597 1007 661 aliqua
1038 600 1347 660 necessitate,
1385 602 1655 651 secundum
1686 605 1922 653 constitu—

128 686 288 736 tiones
318 683 599 744 canonicas,
635 683 819 732 dandus
853 682 999 731 fuerit
1027 683 1177 749 alicui]
1196 684 1565 751 archiepiscopo
1594 687 1825 753 episcopo
1852 691 1927 739 vel

127 769 292 820 abbati
312 769 583 834 coadjutor,
613 782 712 816 non
739 765 889 827 dabit,
918 766 1011 815 nisi
1041 767 1107 833 in]
1119 768 1276 818 forma
1290 770 1432 834 juriS,
1458 771 1591 820 omni
1612 774 1923 824 successione

134 853 328 920 penitus
345 856 548 903 remota.

201 942 350 999 Item,
395 935 524 1001 quod
562 935 692 984 bona
736 935 1054 984 cardinalium
1094 936 1436 1002 religiosorum
1483 940 1787 1005 aliorumque
1821 959 1932 1007 pre-

131 1026 342 1076 latorum
386 1037 478 1070 nec
529 1036 628 1069 non
674 1020 893 1070 omnium
941 1021 1193 1070 curialium
1241 1022 1301 1088 (1)
1350 1015 1437 1073 seu
1475 1029 1840 1074 cortesanorum
1884 1027 1933 1074 in

133 1122 337 1158 romana
365 1105 501 1154 curia
535 1104 875 1154 decedentium
912 1106 1043 1154 nullo
1083 1107 1229 1155 modo
1270 1109 1545 1173 occupabit,
1593 1111 1667 1160 vel
1706 1111 1934 1175 occupari

134 1193 279 1243 saciet
317 1205 623 1255 quacumque
663 1190 850 1240 ratione
890 1191 965 1240 vel
985 1207 1148 1252 causa,
1192 1193 1278 1241 sed
1320 1194 1588 1258 promittet,
1634 1196 1774 1260 juxta
1812 1196 1936 1260 juris

133 1275 505 1343 dispositionem
549 1275 623 1324 vel
669 1276 1074 1326 consuetudinem
1117 1281 1163 1326 et
1202 1293 1491 1328 concessam
1537 1280 1842 1342 facultatem,
1887 1286 1936 1330 et

134 1360 386 1428 privilegia
426 1376 483 1409 ac
524 1359 823 1409 voluntatem
856 1360 1218 1423 decedentium,
1261 1366 1314 1411 ut
1345 1362 1494 1412 iidem
1538 1364 1832 1414 decedentes
1877 1365 1935 1414 de

135 1446 277 1496 bonis
322 1445 385 1494 ad
425 1459 510 1494 eos
550 1459 742 1509 quoque
781 1445 928 1493 modo
968 1444 1344 1510 pertinentibUS,
1387 1451 1532 1512 prout
1572 1447 1641 1496 eis
1677 1448 1933 1512 placuerit,

135 1530 414 1595 disponant,
443 1528 687 1591 liceatque
715 1526 803 1587 eis,
835 1528 1019 1591 absque
1049 1528 1208 1592 aliqua
1232 1529 1431 1578 licentia
1463 1531 1685 1590 obtenta,
1719 1531 1934 1580 condere

139 1618 490 1665 testamentum
521 1612 675 1661 libere
706 1617 755 1661 et
787 1612 1033 1677 explicite,
1074 1628 1173 1661 non
1207 1614 1431 1662 obstante
1472 1614 1602 1663 bulla
1634 1615 1751 1663 alias
1793 1632 1941 1680 super

139 1700 236 1749 hoc
255 1698 307 1748 in
324 1699 541 1748 favorem
559 1696 774 1747 cruciate
796 1696 945 1758 edita3
971 1696 1076 1747 aliis
1093 1697 1328 1762 religiosis
1350 1714 1462 1748 vero
1481 1715 1578 1747 non
1595 1698 1937 1760 cardinalibus,

139 1784 220 1849 qui
234 1782 482 1849 propriam
500 1782 782 1831 facultatem
809 1797 837 1829 a
861 1797 912 1830 se
944 1782 1307 1843 abdicaverunt,
1338 1783 1677 1832 tantummodo
1701 1783 1937 1848 exceptis,

140 1884 346 1934 quorum
383 1868 514 1917 bona
549 1866 734 1916 devolvi
772 1867 1022 1932 permittet
1064 1868 1125 1915 ad
1167 1867 1303 1916 illum
1339 1868 1413 1916 vel
1450 1867 1558 1917 illos
1590 1868 1651 1916 ad
1685 1884 1830 1932 quem
1868 1867 1944 1916 vel

141 1969 263 2018 quos
288 1953 535 2019 pertinent
571 1952 630 2001 de
662 1953 791 2017 jure,
823 1951 1178 2001 consuetudine
1205 1952 1279 2001 vel
1314 1952 1583 2017 privilegiO,
1619 1969 1712 2001 nec
1743 1952 1802 2001 de
1836 1968 1946 2017 pro·

138 2037 360 2088 ventibus
387 2039 436 2087 et
458 2036 648 2102 juribus
676 2035 848 2101 capelli
876 2036 1191 2085 cardInalium
1221 2037 1565 2086 decedentium
1593 2036 1775 2100 aliquid
1796 2052 1942 2086 occu-

133 2122 266 2188 pabit
290 2122 365 2171 vel
392 2121 619 2186 occupari
650 2119 794 2170 faciet
829 2126 910 2170 aut
937 2122 1208 2186 permittet;
1245 2122 1344 2171 imo
1371 2122 1514 2182 volet,
1554 2125 1606 2169 ut
1642 2121 1702 2168 sit
1733 2121 1942 2169 liberum

137 2205 325 2255 eisdem
370 2204 696 2255 cardinalibus
745 2205 892 2254 etiam
938 2205 1177 2269 religiosis
1223 2206 1284 2254 de
1321 2205 1493 2254 iisdem
1535 2205 1850 2270 proventibus
1896 2210 1944 2254 et

134 2290 323 2356 juribus
350 2289 517 2339 testari
545 2294 594 2338 et
617 2289 876 2355 disponere
898 2305 954 2338 ac
982 2289 1143 2338 facere
1165 2293 1309 2355 prout
1336 2289 1404 2338 eis
1429 2289 1689 2350 videbitur;
1718 2293 1766 2338 et
1790 2289 1829 2338 si
1860 2306 1943 2339 eos

139 2373 418 2430 intestatos,
435 2373 676 2424 decedere
708 2373 983 2439 contingat,
1017 2373 1267 2439 permittet
1305 2374 1436 2438 quod
1463 2374 1575 2438 jura
1601 2377 1647 2423 et
1677 2378 1945 2439 proventus

139 2457 423 2523 hujusmodi
475 2458 662 2508 eisdem
714 2457 1066 2508 decedentibus
1119 2458 1283 2507 debita
1329 2462 1578 2508 transeant
1624 2459 1684 2507 ad
1736 2459 1945 2508 heredes

141 2543 448 2604 eorumdem,
473 2542 536 2592 ad
556 2559 678 2607 quos
700 2543 886 2608 de.jure
912 2543 986 2592 vel
1006 2543 1065 2592 de
1094 2543 1449 2592 consuetudine
1475 2547 1715 2608 spectant,
1742 2544 1944 2593 sublatis

142 2626 485 2698 controversiis
507 2627 732 2676 omnibus
752 2632 800 2677 et
821 2627 1052 2676 abusibus
1071 2627 1477 2691 quibuscumque.

206 2712 348 2772 Item,
380 2712 512 2776 quod
542 2712 723 2761 nullam
751 2711 1136 2762 infeudationem
1171 2713 1231 2763 de
1259 2713 1440 2778 regnis,
1476 2711 1765 2772 civitatibuS,
1801 2711 1941 2760 terris

143 2798 192 2843 et
217 2794 388 2843 castris
418 2795 704 2860 insignibus,
739 2796 885 2846 etiam
911 2797 971 2846 de
1001 2798 1146 2846 rebus
1174 2813 1265 2861 que
1294 2799 1650 2847 consueverunt
1677 2795 1933 2855 infeudari,

143 2893 229 2925 seu
251 2877 594 2927 alienationem
623 2881 710 2928 sub
739 2897 1044 2944 quocumque
1071 2882 1207 2930 titulo
1237 2881 1383 2931 etiam
1404 2881 1677 2940 vicariatus,
1704 2879 1937 2943 pignoris,

143 2961 500 3028 emphitheusis
531 2963 593 3029 (2)
628 2964 703 3012 vel
741 2963 937 3013 alterius
978 2968 1254 3029 contractus
1291 2965 1453 3026 faciet,
1495 2965 1544 3014 in
1588 2979 1942 3028 quamcumque

146 3063 411 3113 personam
458 3047 842 3098 ecclesiasticam
885 3047 959 3098 vel
998 3048 1268 3098 secularem
1314 3053 1394 3098 aut
1441 3048 1838 3098 communitatem
1883 3047 1943 3097 de

147 3130 292 3181 rebus
315 3134 363 3182 et
378 3130 566 3197 juribus
591 3131 798 3182 ethonis
823 3131 1152 3198 spectantibus
1174 3132 1235 3183 ad
1257 3131 1601 3198 patrimonium
1626 3130 1840 3180 Ecclesie
1864 3135 1945 3180 aut

197 3320 233 3358 1.
261 3319 521 3360 Cardinalium.
539 3344 584 3351 —
606 3322 708 3361 Dans
727 3322 890 3371 Rinaldi,
913 3326 935 3362 a
954 3327 1026 3362 tort
1047 3324 1098 3374 (p.
1121 3324 1203 3373 69).

146 3439 169 3475 d
195 3379 483 3478 Cgrtisanorum.
501 3403 546 3412 -
566 3383 666 3421 Dans
691 3384 838 3422 Riualdi
868 3388 905 3422 et
930 3385 1109 3434 quelques
1142 3394 1247 3429 mss.‚
1269 3387 1373 3420 autre
1406 3383 1531 3421 forme.
1561 3381 1659 3433 Voy.
1686 3383 1718 3421 le
1739 3382 1866 3422 Gloss.
1895 3381 1940 3421 de

174 3451 196 3476 u
247 3452 357 3488 ange.

196 3501 233 3538 2.
255 3500 349 3550 Voy.
372 3501 507 3539 Murat.
530 3503 662 3550 Antiq.
686 3503 794 3548 Ital„
810 3508 837 3542 t.
861 3504 923 3551 III,
946 3503 1093 3542 dissert.
1116 3504 1179 3544 36,
