2262 3958
152 335 474 380 [Novembre1485]
602 334 772 371 RERUM
803 333 1108 372 URBANARUM
1142 322 1493 372 COMMENTARH.
1869 337 1939 373 155

147 439 404 489 cardinalis
443 437 784 502 Neapolitanus
825 437 1083 486 celebravit
1122 437 1320 485 missam
1341 435 1628 502 ‘fsolemnem
1672 437 1721 485 in
1763 438 1933 486 eadem

147 522 350 588 capella,
373 524 504 587 Papa
524 525 768 586 presente.
794 523 900 569 Non
927 521 1016 568 fuit
1043 536 1222 575 sermm
1257 521 1369 584 quia
1390 520 1467 568 ille
1497 521 1572 568 cui
1602 537 1763 570 sermo
1794 522 1932 570 datus

119 644 124 649 -
149 610 268 667 erat,
291 606 497 655 nonfuit
518 606 566 653 in
588 606 734 654 Urbe.
760 604 930 653 Omnia
947 602 1042 651 valia
1063 604 1313 652 observata
1335 609 1446 652 sunt
1467 621 1603 653 more
1627 605 1786 654 solito.

214 692 396 742 Eadem
423 691 519 750 die,
549 691 671 738 hora
693 693 1021 752 vesperarum,
1061 690 1188 751 Papa
1215 691 1410 752 paratus
1440 688 1635 749 amictu,
1668 689 1794 750 alba,
1833 691 1935 739 cin-

149 777 280 842 gu10,
315 776 438 825 stola
462 774 674 823 violacea
701 776 748 820 et
775 787 928 835 cappa
957 771 1017 820 de
1045 771 1269 830 scarlato,
1297 775 1486 820 retento
1515 772 1670 821 bireto
1700 774 1846 823 etiam
1875 776 1934 824 de

147 860 353 910 scarlato
383 873 477 924 quo
505 858 555 906 in
586 871 778 904 camera
807 854 875 902 uti
906 854 1072 903 solitus
1107 858 1197 913 est,
1223 870 1366 903 cruce
1395 858 1442 902 et
1476 856 1798 905 cardinalibus
1823 876 1937 923 per-

147 943 461 1010 sequentibus
491 944 539 988 et
569 938 960 1003 precedentibus,
1004 941 1051 986 et
1085 938 1406 987 cardinalibus
1444 939 1503 986 de
1531 940 1747 1012 *Sabellis
1790 946 1838 990 et
1877 944 1935 991 de

148 1027 381 1078 Columna
412 1022 748 1073 assistentibus
784 1026 893 1086 post
929 1038 1099 1070 omnes
1126 1022 1245 1071 alios
1279 1022 1550 1071 cardinales
1580 1023 1932 1087 incedentibus,

146 1102 250 1160 sibe
273 1109 418 1158 mitra
435 1107 567 1157 venit
587 1106 650 1155 ad
670 1106 906 1170 capellam
927 1106 1215 1171 predictam,
1242 1111 1298 1155 R.
1326 1111 1382 1156 D.
1410 1110 1641 1175 episcopo
1663 1110 1937 1159 Theanensi

143 1193 418 1253 assistente,
441 1191 657 1240 fimbrias
679 1206 830 1255 cappe
860 1193 987 1255 Pape
1016 1190 1157 1238 simul
1178 1191 1406 1239 collectas
1427 1198 1537 1256 post
1560 1209 1670 1242 eum
1691 1198 1934 1256 portante,

144 1277 244 1338 ubi,
278 1275 470 1326 omissis
508 1273 721 1338 vesperis
759 1273 870 1322 festi
911 1290 939 1322 a
977 1273 1258 1322 cantoribus
1297 1270 1423 1323 dic‘te
1467 1281 1577 1324 sunt
1612 1293 1811 1341 vespere
1849 1294 1936 1342 pro

143 1360 409 1419 defunctiS,
452 1362 501 1408 et
539 1358 668 1406 dicto
701 1374 711 1406 :
745 1358 1045 1422 requiescant
1076 1358 1126 1405 in
1158 1374 1297 1422 pace,
1342 1359 1444 1409 sine
1478 1377 1628 1424 pausa
1664 1361 1840 1424 aliqua,
1878 1362 1937 1410 ab

144 1445 328 1494 eisdem
361 1445 555 1509 incepte
595 1443 830 1491 matutine
871 1446 919 1491 et
955 1443 1016 1491 ad
1054 1442 1203 1491 finem
1244 1444 1551 1493 continuate:
1578 1448 1708 1509 Papa
1755 1449 1850 1494 tam
1887 1446 1936 1493 in

143 1529 360 1594 vesperis
391 1544 535 1593 quam
565 1528 615 1576 in
644 1527 893 1575 matutinis
924 1527 1042 1575 dixit
1072 1528 1343 1576 orationem
1370 1548 1378 1576 :
1411 1526 1650 1577 Fidelizmi
1676 1530 1809 1578 Deus
1843 1547 1938 1578 om-

145 1615 299 1675 nium,
331 1621 440 1672 etc„
464 1612 550 1662 sed
577 1611 737 1660 omnia
774 1611 867 1659 alia
896 1626 1032 1660 more
1062 1611 1202 1660 solito
1234 1616 1345 1660 sunt
1372 1613 1641 1661 observata.
1678 1614 1773 1662 Sed
1800 1630 1939 1678 supe-

143 1698 243 1746 rius
292 1697 456 1762 plures
501 1712 691 1745 errores
742 1695 991 1744 commissi
1041 1700 1150 1743 sunt
1190 1712 1200 1744 :
1243 1696 1451 1760 primus,
1500 1697 1756 1745 cardinalis
1799 1699 1937 1761 sequi

144 1781 354 1830 debebat
375 1760 622 1845 Papam‘et
642 1795 739 1827 non
764 1779 1053 1843 precedere3
1087 1781 1345 1840 secundus,
1374 1781 1469 1829 duo
1491 1781 1683 1830 diaconi
1710 1782 1936 1830 assistere

141 1864 284 1925 soliti,
309 1864 553 1914 debebant
572 1864 641 1912 ire
663 1867 774 1928 post
797 1863 994 1928 *ultimos
1016 1863 1328 1927 presbyteros
1351 1864 1642 1924 cardinales,
1673 1865 1784 1928 quia
1806 1868 1934 1929 Pape

139 1948 332 1999 mitram
348 1964 446 1997 non
460 1948 659 1998 habenti
680 1963 779 1996 non
801 1947 854 1996 tit
870 1946 1168 2004 assistentia;
1195 1947 1385 2008 tertius,
1405 1948 1537 2011 quod
1558 1948 1684 1996 inter
1703 1965 1933 2014 vesperas

140 2037 189 2084 et
207 2033 499 2084 matutinum
519 2033 728 2082 debebat
747 2033 877 2080 bona
905 2047 1057 2096 pausa
1090 2031 1194 2079 fieri
1215 2035 1262 2079 et
1282 2047 1370 2094 per
1387 2032 1752 2081 inchoationem
1772 2037 1932 2082 matu-

138 2119 348 2168 tinarum
373 2135 462 2184 per
490 2122 671 2183 Papam
700 2120 908 2166 stantem
939 2116 1070 2182 prius
1100 2118 1250 2166 Pater
1277 2117 1454 2165 Noster
1480 2121 1669 2165 secrete
1698 2117 1810 2179 dici,
1838 2135 1929 2182 que

139 2203 319 2264 omnia,
355 2219 443 2268 per
473 2217 707 2262 errorem,
745 2206 796 2250 ut
824 2201 1136 2265 premittitur,
1174 2201 1491 2259 transierunt3
1533 2201 1681 2249 altare
1715 2201 1927 2250 habebat

138 2287 338 2352 pallium
357 2287 551 2352 nigrum
572 2289 620 2334 et
641 2286 782 2335 sedes
799 2287 926 2349 Pape
948 2285 1235 2333 violaceum.

203 2369 343 2418 Feria
362 2374 552 2434 quarta,
578 2374 604 2418 2
626 2370 808 2418 mensis
829 2369 1124 2429 novembris,
1146 2369 1544 2418 commemoratio
1567 2370 1785 2423 omnium
1806 2371 1928 2418 fide-

135 2451 253 2502 lium
280 2451 643 2514 defunctorum,
676 2455 760 2502 SS.
794 2456 851 2501 D.
877 2455 934 2502 N.
960 2456 1156 2517 paratus
1187 2452 1384 2512 amictu,
1415 2451 1781 2516 alba„cingulo,
1809 2455 1932 2503 stola

135 2534 366 2596 violacea,
397 2536 590 2601 pluviali
625 2537 775 2584 rubeo
805 2535 1010 2599 simplici
1036 2539 1083 2583 et
1111 2535 1253 2583 mitra
1281 2535 1520 2599 simplico,
1555 2536 1728 2585 melius
1756 2538 1930 2586 fuisset

135 2628 195 2667 ex
218 2619 537 2669 damaschino
569 2619 776 2684 simplici
805 2635 865 2667 ex
892 2619 1058 2682 perliS,
1088 2619 1219 2667 venit
1249 2619 1309 2666 ad
1339 2619 1575 2683 capellam
1601 2622 1929 2685 supradictam

134 2700 216 2750 ubi
237 2702 384 2751 misse
406 2704 598 2768 publice
619 2703 834 2752 interfuit
856 2719 1001 2767 quam
1023 2706 1191 2751 Rmus.
1219 2706 1280 2751 D.
1303 2703 1560 2752 cardinalis
1584 2706 1925 2755 Ulixbonensis

134 2784 394 2834 celebravit
419 2786 467 2834 in
495 2787 788 2851 paramentis
817 2786 968 2851 nigris
1000 2803 1009 2834 :
1034 2786 1152 2835 dixit
1180 2803 1324 2835 unam
1359 2788 1629 2838 orationem
1656 2794 1842 2839 tantum
1872 2792 1932 2839 ad

133 2885 279 2934 quam
312 2871 650 2919 sanctissimus
682 2874 812 2935 Papa
845 2871 1130 2934 genuflexus
1166 2872 1451 2934 faldistorio,
1489 2862 1657 2922 ac‘alii
1689 2890 1858 2925 omnes
1883 2876 1931 2923 in

130 2953 251 3002 locis
281 2954 380 3003 suis
415 2942 799 3018 genuflexerunt.
835 2954 991 3002 Finita
1027 2954 1192 3014 missa,
1229 2956 1501 3017 celebranS,
1539 2958 1750 3006 dimissis
1786 2960 1922 3022 juxta

131 3037 280 3086 altare
314 3039 626 3103 paramentis,
659 3042 857 3103 accepta
893 3054 1064 3102 cappa,
1095 3038 1177 3086 ivit
1205 3039 1264 3086 ad
1289 3039 1454 3088 locum
1483 3057 1622 3090 suum
1650 3043 1777 3091 inter
1806 3043 1925 3090 alios

130 3121 418 3183 cardinales,
443 3123 724 3172 cantoribus
759 3123 954 3172 interim
983 3123 1347 3187 responsorium
1372 3143 1381 3172 z
1404 3123 1578 3174 Libera
1602 3143 1675 3174 me
1698 3127 1924 3186 Domine,-

130 3206 420 3256 dicentibus.
452 3212 555 3266 Quo
583 3209 719 3258 finito
745 3225 857 3257 cum
884 3209 1008 3258 libro
1041 3211 1170 3272 Papa
1201 3207 1403 3257 absolvit
1431 3226 1567 3258 more
1598 3210 1755 3271 solit0,
1778 3217 1923 3275 prout

127 3291 177 3339 in
199 3293 511 3341 ceremoniali
531 3293 805 3342 ordinatum
827 3298 917 3343 est.

194 3376 334 3424 Feria
355 3377 585 3436 secunda,
612 3382 638 3426 7
661 3378 843 3427 mensis
871 3379 1165 3438 novembris,
1199 3377 1362 3426 habite
1392 3381 1502 3425 sunt
1537 3376 1738 3440 exequie
1761 3394 1920 3442 quon-

130 3460 240 3508 dam
274 3460 453 3509 Urbani
484 3461 542 3509 de
584 3461 742 3510 Flisco
779 3462 994 3527 episcopi
1035 3461 1392 3521 Foroliviensis,
1442 3462 1491 3509 in
1531 3461 1755 3510 ecclesia·
1780 3462 1918 3511 beate
