2262 3958
190 270 301 312 [Avril
322 269 414 311 1490]
630 267 799 305 RERUM
834 268 1139 309 URBANARUM
1171 272 1524 312 COMMENTARII.
1904 276 1975 312 405

192 371 506 422 seredderet.
535 372 635 427 Que
663 370 779 434 poni
812 387 910 419 non
934 372 1177 422 debebant
1206 390 1316 423 cum
1341 375 1554 425 officium
1580 376 1675 427 hoc
1702 378 1868 427 feriale
1892 380 1967 439 sit,

175 471 288 504 -non
309 454 527 504 solemne
548 454 622 503 vel
642 469 948 519 pomposum.

256 538 437 603 Eadem
465 538 560 598 die,
601 538 724 587 hora
750 546 1001 600 consueta,
1033 540 1159 590 dicte
1188 545 1298 590 sunt
1324 544 1560 595 matutine
1584 548 1894 597 tenebrarum
1924 548 1972 596 in

189 623 373 688 capella
401 622 677 687 supradicta
708 621 883 686 quibus
916 625 1000 672 SS.
1035 627 1092 672 D.
1127 630 1295 674 noster
1323 642 1421 675 non
1450 628 1679 679 interfuit.
1714 635 1880 681 Rmus.
1911 635 1969 682 D.

189 707 446 756 cardinalis
479 723 519 754 s.
570 705 697 754 Petri
739 705 800 753 ad
842 706 1066 767 Vincula,
1108 710 1235 772 Pape
1276 711 1436 774 major
1472 715 1859 778 penitentiarius,
1893 719 1971 768 die

190 791 401 840 crastina
420 789 635 839 officium
656 793 955 854 peracturuS,
980 790 1029 837 in
1047 791 1145 839 fine
1164 792 1330 851 officii,
1347 793 1395 840 in
1415 794 1526 844 loco
1545 814 1632 846 suo
1655 801 1796 849 solito
1817 817 1970 866 genu-

186 876 358 935 flexus,
377 875 495 924 dixit
513 873 783 922 orationem
808 889 817 919 ε
842 872 1058 937 Respice,
1083 882 1189 933 etc.,·
1210 879 1258 924 et
1279 876 1373 925 alia
1392 894 1528 927 more
1550 882 1711 930 solit0.

253 957 431 1007 Diebus
475 957 720 1020 preteritis
769 960 1005 1005 venerunt
1047 958 1107 1005 ad
1154 959 1334 1008 Urbem
1375 977 1497 1011 nove
1551 963 1610 1012 de
1664 966 1800 1015 obitu
1844 969 1971 1019 bone

186 1042 422 1092 memorie
441 1042 596 1092 Caroli
616 1041 854 1090 Sabaudie
877 1040 1012 1089 ducis
1034 1041 1115 1106 qui
1141 1042 1189 1090 in
1216 1060 1353 1092 xxu11
1379 1046 1453 1094 vel
1482 1046 1612 1096 circa
1632 1050 1774 1099 etatis
1793 1067 1971 1101 annum
2011 1051 2014 1054 ’

184 1126 492 1186 constitutus,
523 1127 601 1175 die
640 1128 695 1174 13
732 1124 913 1174 mensis
941 1125 1099 1174 martii
1130 1127 1349 1191 proxime
1370 1131 1607 1194 preteriti,
1645 1133 1774 1182 diem
1802 1135 1973 1185 clausit

185 1214 477 1271 extremum,
520 1209 688 1259 relicta
719 1213 828 1273 post
874 1225 926 1256 se
972 1208 1071 1257 filia
1113 1209 1440 1275 primogenita
1478 1219 1526 1263 et
1566 1216 1736 1265 Carolo
1787 1220 1972 1269 Joanne

182 1293 402 1344 Amadeo
423 1294 471 1342 in
499 1293 708 1358 septimo
729 1291 870 1342 etatis
899 1308 983 1342 sue
1007 1308 1177 1342 mense
1203 1294 1279 1343 vel
1309 1296 1438 1344 circa
1457 1298 1738 1360 constitutO,
1764 1301 1843 1365 qui
1861 1301 1906 1351 ei
1922 1302 1972 1350 in

186 1377 362 1427 ducatu
379 1378 498 1427 etin
519 1377 743 1428 omnibus
762 1376 988 1425 dominiis
1010 1378 1263 1427 successit.

251 1461 392 1511 Feria
424 1466 562 1511 sexta
595 1460 903 1511 hebdomade
934 1467 1119 1523 sancte,
1159 1467 1187 1512 9
1218 1465 1398 1529 aprilis,
1430 1469 1595 1514 Rmus.
1623 1469 1680 1515 D.
1712 1468 1971 1518 cardinalis

188 1563 227 1595 s,
250 1546 378 1595 Petri
402 1546 464 1594 ad
492 1546 698 1597 Vincula
725 1546 886 1610 maj0r
910 1537 1279 1610 penitentiarius
1306 1549 1355 1597 in
1384 1551 1572 1615 capella
1597 1552 1784 1615 majore
1806 1553 1970 1617 palatii

188 1629 483 1695 supradicta,
514 1633 644 1695 Papa
670 1635 915 1695 presente,
944 1630 1203 1680 celebravit
1230 1632 1465 1700 officium.
1499 1633 1663 1683 Altare
1682 1651 1741 1682 ex
1774 1635 1970 1685 ordina-

186 1714 316 1764 tione
337 1714 537 1763 sacriste
569 1714 737 1764 habuit
758 1715 956 1779 pallium
983 1715 1175 1780 nigrum
1203 1717 1331 1780 quod
1360 1734 1458 1765 non
1486 1717 1578 1767 feci
1600 1719 1831 1780 amoveri,
1858 1720 1970 1784 quia

184 1798 319 1848 tarde
339 1797 466 1847 veni.
490 1801 721 1848 Cantores
739 1799 818 1863 qui
839 1797 1119 1864 passionem
1141 1803 1453 1849 cantaverunt
1472 1816 1644 1849 omnes
1666 1806 1763 1850 tres
1783 1802 1969 1852 habue-

182 1887 293 1934 runt
318 1887 602 1949 paramenta
627 1883 794 1948 nigra3
825 1883 971 1947 quod,
998 1899 1177 1948 magna
1197 1883 1498 1944 difficultate,
1524 1885 1727 1934 sacrista
1751 1887 1968 1936 omnium

181 1968 419 2019 bonarum
440 1968 800 2019 ordinationum
822 1967 1019 2017 inimico
1047 1984 1099 2018 se
1125 1974 1420 2034 opponente,
1449 1969 1633 2018 obtinui
1655 1987 1664 2018 ε
1689 1986 1967 2021 sermonem

182 2051 296 2107 fecit
314 2056 601 2116 procurator
625 2051 808 2101 ordinis
830 2051 1092 2100 minorum.
1124 2055 1271 2117 Papa,
1295 2059 1405 2118 post
1429 2054 1764 2104 adorationem
1786 2056 1961 2115 cruciS,

182 2133 354 2184 obtulit
365 2134 564 2184 ducatos
582 2135 631 2183 in
646 2150 763 2184 auro
777 2151 869 2183 xxv
881 2150 969 2199 per
982 2152 1153 2185 manus
1171 2137 1456 2186 Bernardini
1475 2138 1755 2187 cubicularii
1774 2139 1966 2188 secreti.

182 2222 239 2269 D.
263 2218 512 2268 Mauritius
543 2219 680 2279 Cibo,
710 2220 859 2268 frater
878 2235 1138 2283 germanus
1166 2224 1312 2286 pape,
1338 2221 1553 2271 adoravit
1574 2227 1685 2286 post
1711 2222 1966 2287 episcopos

181 2319 295 2354 cum
327 2303 670 2369 protonotariis
704 2303 1041 2352 assistentibus
1084 2320 1287 2369 quorum
1330 2306 1539 2371 primum
1571 2322 1600 2354 a
1630 2306 1836 2355 sinistris
1869 2307 1965 2355 suis

180 2387 364 2438 habuit.
399 2387 660 2437 Celebrans
695 2403 793 2435 non
829 2390 959 2438 venit
995 2404 1104 2438 cum
1134 2390 1366 2454 pontifice
1403 2390 1465 2438 ad
1495 2390 1731 2455 capellam
1767 2407 1964 2455 parvam

179 2489 290 2524 cum
313 2477 636 2531 sacramento,
661 2472 747 2522 sed
774 2471 906 2521 dedit
929 2472 1114 2521 clavem
1145 2476 1360 2536 capsette
1382 2475 1440 2520 D.
1470 2472 1659 2521 Aldello
1679 2474 1812 2522 socio
1832 2490 1960 2523 meo.

180 2560 311 2622 Papa
328 2557 376 2605 in
394 2557 578 2622 majore
613 2556 798 2621 capella
828 2560 939 2605 ante
972 2561 1333 2605 sacramentum
1362 2562 1494 2607 stans
1529 2559 1762 2623 imposuit
1799 2559 1964 2607 incen-

182 2657 290 2690 sum
329 2641 378 2688 in
418 2640 514 2688 duo
551 2640 796 2689 thuribula
830 2657 840 2688 ε
875 2640 1142 2689 incensavit
1181 2646 1561 2700 sacramentum,
1604 2646 1706 2690 tum
1751 2642 1868 2690 illud
1904 2658 1961 2691 ex

182 2725 407 2774 manibus
443 2725 702 2773 cardinalis
737 2724 966 2773 Senensis
993 2724 1136 2789 primi
1179 2725 1449 2774 assistentis
1481 2725 1726 2790 accipiens
1759 2727 1964 2791 portavit

183 2808 244 2856 ad
265 2807 499 2872 capellam
519 2809 757 2873 majorem
773 2808 854 2856 ubi
878 2824 1042 2856 coram
1073 2809 1210 2858 altari
1235 2809 1488 2858 celebrans
1516 2809 1632 2858 illud
1653 2810 1712 2858 de
1740 2811 1963 2859 manibus

185 2894 312 2956 Pape
339 2891 583 2956 accipiens
601 2891 761 2955 posuit
782 2905 928 2954 super
948 2891 1124 2950 altare3
1156 2892 1284 2956 quod
1315 2895 1461 2957 Papa,
1486 2893 1686 2942 incenso
1715 2893 1959 2957 imposito,

185 2975 361 3023 iterum
382 2974 648 3023 incensavit
671 2991 682 3022 ;
707 2973 802 3022 alia
822 2974 986 3023 omnia
1005 2990 1141 3024 more
1161 2974 1301 3024 solito
1324 2981 1435 3025 sunt
1456 2977 1726 3025 observata.
1755 2977 1963 3026 Offerto-

183 3059 307 3107 rium
329 3059 546 3108 ascendit
563 3058 624 3107 ad
642 3058 842 3107 ducatos
870 3058 918 3106 in
949 3074 1083 3117 auro,
1108 3059 1235 3106 inter
1252 3059 1414 3123 largos
1436 3064 1484 3108 et
1505 3059 1563 3108 de
1586 3075 1798 3120 camera,
1824 3061 1964 3124 quin-

183 3143 412 3208 quaginta
439 3143 560 3192 duos
591 3148 636 3191 et
670 3147 857 3208 septem
894 3142 942 3190 in
975 3142 1182 3191 monetis
1224 3143 1299 3191 vel
1329 3143 1474 3190 circa.
1512 3141 1667 3190 Habui
1702 3142 1750 3189 in
1777 3146 1964 3207 partem

182 3243 342 3275 meam
369 3231 465 3275 tres
494 3227 673 3291 largos,
708 3227 922 3290 quinque
949 3226 1009 3274 de
1043 3242 1237 3276 camera
1276 3230 1324 3275 et
1357 3225 1578 3274 carlenos
1614 3225 1783 3288 viginti
1823 3226 1961 3276 duos.

185 3316 331 3377 Papa,
356 3328 434 3361 me
457 3317 889 3371 commemorante,
909 3316 1005 3360 tam
1028 3311 1266 3361 veniendo
1288 3311 1346 3360 de
1373 3326 1567 3359 camera
1587 3325 1733 3374 quam
1755 3310 1816 3359 ad
1834 3311 1964 3360 illam

136 3379 151 3387 ι
184 3396 453 3455 redeundo,
474 3395 650 3463 populo
671 3412 768 3446 non
789 3395 1052 3446 benedixit.
