2262 3958
338 308 408 343 282
942 303 1174 341 JOHANNIS
1208 303 1500 354 BURCHARDI,
1781 307 2099 353 lDecembre1487]

337 409 490 457 Finita
507 409 670 467 missa,
694 411 820 470 Papa
840 406 971 454 dedit
991 406 1446 456 benedictionem'et
1468 394 1816 472 indulgentiam
1839 410 2104 474 plenariam

338 507 482 554 quam
510 490 763 555 publicavit
795 488 1048 537 cardinalis
1072 489 1317 548 Senensis,
1342 489 1422 553 qui
1442 491 1741 554 evangelium
1764 497 2038 542 cantaverat
2054 494 2103 542 in

338 573 501 632 missa,
525 572 636 635 quia
655 571 856 620 vicarius
877 572 956 635 qui
978 572 1125 620 astitit
1146 572 1361 636 pontifici
1381 573 1430 620 in
1451 573 1599 638 missa
1631 579 1678 622 et
1697 581 1956 639 propterea
1974 577 2104 626 illam

338 655 583 718 publicare
605 655 852 715 debuerat,
877 655 1030 703 noluit
1051 670 1158 704 eam
1184 656 1444 720 publicare.
1469 656 1652 705 Deinde
1683 659 1810 721 Papa
1835 659 1950 707 dixit
1968 676 2108 708 evau-

340 738 516 802 gelium
545 754 583 785 5.
608 737 839 785 ,Iohannis
862 756 871 785 z
895 737 958 785 In
978 740 1208 803 principio
1239 747 1340 787 erat
1378 739 1596 798 Verbum,
1620 747 1725 799 ete„
1753 747 1800 788 et
1827 742 1969 802 male,
1994 758 2105 791 cum

341 821 521 870 dictum
557 821 701 869 fuerit
732 820 782 868 in
811 821 984 880 missa3
1035 822 1118 870 sed
1155 822 1318 871 debuit
1356 823 1514 871 dicere
1560 824 1859 887 evangelium
1896 826 2105 875 secunde

339 906 508 954 misse.
555 904 751 952 Interim
782 904 1050 953 cardinales
1089 908 1136 953 et
1173 906 1341 969 prelati
1386 907 1709 971 deposuerunt
1743 914 2025 971 paramenta
2059 913 2107 958 et

340 993 629 1054 acceperunt
677 1003 870 1053 cappas.
932 991 1106 1036 Postea
1144 993 1366 1038 ostensus
1402 990 1490 1038 fuit
1527 991 1682 1038 vultus
1716 996 1908 1040 sanctus
1945 995 2108 1056 preter

341 1071 754 1119 consuetudinem,
794 1074 896 1128 Quo
930 1071 1047 1132 viso,
1094 1075 1223 1136 Papa
1251 1073 1391 1121 rediit
1427 1073 1488 1121 ad
1522 1074 1770 1137 palatium.
1808 1075 1913 1122 Alia
1944 1075 2107 1123 omnia

341 1154 560 1203 ordinata
581 1158 627 1201 et
649 1154 898 1203 observata
925 1159 1033 1204 sunt
1057 1157 1195 1220 juxta
1221 1157 1573 1206 ordinationem
1601 1158 1935 1207 ceremonialis
1961 1175 1971 1207 :
1995 1175 2107 1223 pre-

342 1242 474 1286 terea
490 1238 634 1286 iidem
656 1239 748 1285 duo
770 1239 1034 1288 cardinales
1054 1240 1315 1303 supradicti
1340 1240 1554 1288 videntes
1575 1244 1673 1289 tres
1695 1241 1887 1290 ultimos
1905 1243 2106 1308 presby-

342 1324 470 1368 teros
493 1320 759 1369 cardinales
781 1321 861 1384 qui
887 1324 970 1370 SS.
994 1325 1050 1370 D.
1076 1326 1130 1371 N.
1157 1323 1217 1371 ad
1237 1323 1592 1372 confessionem
1608 1328 1804 1371 euntem
1821 1329 2109 1388 receperunt

343 1408 389 1452 et
411 1419 520 1452 eum
540 1404 694 1468 primo
712 1404 760 1451 in
783 1421 864 1453 ore
890 1405 1061 1453 deinde
1088 1406 1137 1453 in
1162 1411 1360 1470 pectore
1389 1406 1612 1466 osculari,
1650 1422 1727 1453 me
1757 1407 1931 1455 iterum
1952 1423 2112 1472 repre-

341 1488 612 1536 henderunt
630 1487 844 1536 dicentes
863 1488 992 1551 quod
1023 1489 1152 1552 prius
1182 1489 1422 1537 debebant
1452 1489 1656 1537 osculari
1686 1504 1878 1537 crucem
1905 1489 2035 1553 pallii
2058 1489 2109 1537 in

342 1575 539 1633 pectore
578 1571 888 1634 pendentem,
923 1571 1095 1620 deinde
1134 1575 1312 1636 Papam
1345 1572 1393 1619 in
1433 1588 1539 1631 ore;
1586 1571 1810 1636 respondi
1850 1571 1977 1634 quod
2011 1586 2110 1619 non

343 1669 536 1702 crucem
551 1654 696 1717 pallii,
716 1654 801 1701 sed
820 1658 1008 1717 pectus,
1030 1655 1168 1718 juxta
1196 1655 1411 1702 omnium
1436 1655 1820 1704 ceremoniarum
1838 1659 2112 1703 nostrarum

341 1737 572 1785 librorum
612 1737 962 1785 ordinationem
1001 1738 1228 1798 osculari3
1280 1754 1374 1801 quo
1410 1754 1462 1785 os
1509 1739 1568 1786 sit
1609 1738 1815 1802 dignius,
1856 1742 2114 1802 propterca

341 1820 496 1884 primo
519 1821 848 1869 osculandum.
881 1821 1155 1869 Cardinales
1175 1836 1286 1869 vero
1314 1821 1362 1868 in
1396 1836 1481 1868 sua
1511 1821 1734 1884 opinione
1772 1820 2107 1885 persistentes,

343 1905 567 1953 dixerunt
594 1904 741 1952 libros
771 1920 868 1953 non
904 1903 977 1968 ad,
995 1903 1185 1952 literam
1223 1903 1308 1952 sed
1343 1903 1404 1951 ad
1443 1919 1636 1951 sensum
1679 1902 1879 1966 intelligi
1910 1902 2107 1960 debere,

342 1992 597 2051 propterea
619 2004 815 2037 crucem
836 1987 964 2051 pallii
986 2003 1077 2050 que
1108 1991 1218 2035 ante
1249 1990 1414 2050 pectus
1449 1990 1538 2045 est,
1567 1986 1726 2050 potius
1753 2001 1897 2049 quam
1919 1989 2107 2048 pectus,

343 2087 449 2119 esse
472 2071 796 2119 osculandam.
1832 2068 1836 2071 ⁴

409 2155 539 2214 Heri,
559 2155 608 2202 in
627 2154 858 2218 vesperis,
882 2156 966 2202 SS.
992 2156 1048 2201 D.
1075 2156 1130 2202 N.
1157 2153 1415 2217 assumpsit
1435 2152 1484 2199 in
1504 2151 1783 2200 assistentes
1805 2166 1919 2199 suos
1936 2165 1991 2198 ac
2007 2149 2110 2198 aliis

342 2238 673 2287 assistentibus
702 2237 976 2302 aggregavit
1005 2241 1102 2285 RR.
1134 2241 1225 2286 PP.
1262 2236 1520 2285 Henricum
1548 2235 1605 2283 de
1638 2235 1803 2298 Bergis
1831 2233 2111 2298 episcopum

344 2324 760 2379 Cameracensem,
786 2324 832 2368 et
847 2320 1192 2385 Hieronymum
1215 2320 1273 2367 de
1299 2319 1560 2368 Comitibus
1584 2318 1664 2383 (1),
1689 2318 1967 2381 episcopum
1985 2318 2113 2364 Mas-

344 2419 553 2463 sensem,
587 2403 755 2466 quibus
794 2403 854 2451 ad
890 2403 1049 2451 statim
1084 2407 1184 2451 tum
1224 2403 1283 2451 de
1316 2402 1540 2450 mandato
1574 2400 1847 2449 Sanctitatis
1877 2414 1962 2447 sue
1988 2399 2114 2447 inter

344 2487 460 2535 alios
483 2487 762 2535 assistentes
780 2486 828 2534 in
850 2487 1032 2535 eisdem
1051 2486 1262 2550 vesperis
1282 2485 1444 2534 locum
1468 2483 1594 2532 dedi.

408 2570 546 2619 Feria
562 2574 745 2633 quarta,
783 2573 842 2617 26
869 2569 1159 2628 decembris,
1188 2570 1364 2616 festum
1393 2584 1430 2617 S.
1471 2567 1702 2632 Stephani
1723 2565 2107 2630 protomartyriS,

345 2658 510 2701 Rmus.
547 2656 602 2701 D.
637 2652 890 2701 cardinalis
922 2652 1294 2700 Mediolanensis
1329 2651 1585 2700 celebravit
1613 2651 1811 2699 missam
1845 2650 2112 2698 solemnem

344 2737 392 2785 in
414 2737 596 2801 capella
624 2738 825 2800 majore,
856 2739 985 2799 Papa
1008 2739 1055 2783 et
1090 2735 1407 2783 cardinalibus
1434 2734 1756 2797 presentibus,
1790 2748 1924 2781 more
1951 2731 2108 2780 solito.

347 2823 630 2869 Sermonem
649 2819 762 2868 fecit
786 2822 842 2866 D.
868 2822 1037 2867 Petrus
1058 2818 1273 2878 Martius,
1306 2817 1604 2865 caudatarius
1636 2816 1760 2864 Rmi.
1785 2819 1842 2864 D.
1861 2814 2112 2864 cardinalis

348 2921 384 2952 s.
411 2903 622 2967 Georgii.

411 2987 551 3034 Feria
594 2985 775 3049 quinta,
808 2989 864 3032 27
902 2984 1191 3043 decembris,
1232 2985 1406 3032 festum
1447 3000 1485 3032 s.
1527 2983 1760 3032 Johannis
1805 2980 2110 3044 evangeliste,

347 3075 512 3119 Rmus.
546 3072 602 3117 D.
629 3068 883 3117 cardinalis
916 3085 954 3116 s.
990 3067 1248 3116 Clementis
1278 3067 1458 3130 paratis
1493 3065 1787 3114 ornamentis
1818 3064 1954 3123 albis,
1994 3062 2118 3110 cele-

346 3155 496 3202 bravit
514 3154 707 3201 missam
731 3153 996 3201 solemnem
1018 3151 1066 3198 in
1095 3150 1277 3214 capella
1309 3150 1491 3213 majore
1522 3149 1704 3212 palatii,
1739 3151 1867 3210 Papa
1888 3150 1935 3194 et
1955 3143 2112 3194 cardi-

347 3238 531 3285 nalibus
573 3236 878 3301 presentibus
925 3250 1058 3283 more
1105 3236 1355 3282 consuete.
1415 3234 1700 3280 Sermonem
1747 3230 1863 3279 fecit
1919 3228 2113 3291 quidam

347 3319 576 3383 hispanus
597 3320 847 3383 presbyter
869 3317 1113 3366 secularis.

395 3418 427 3452 1.
455 3417 549 3464 Voy.
575 3416 730 3464 Ughelli,
753 3421 778 3455 t.
803 3417 866 3462 III,
891 3416 960 3451 col.
981 3416 1065 3451 725.
