2262 3958
396 307 466 345 526
1139 305 1422 345 APPENDICE.

396 419 536 458 meae,
558 419 629 448 me
646 410 784 449 morte
802 408 1070 448 acerbiorem
1090 407 1224 448 vitam
1240 418 1385 459 agere.
1409 406 1528 448 Adeo
1551 407 1666 448 enim
1684 409 1856 450 turbata
1875 412 1957 460 est,
1981 413 2030 451 ut
2047 411 2167 462 quod

399 473 556 523 scribo,
578 473 650 513 vix
672 473 778 513 satis
799 473 893 524 ipse
912 472 1197 524 perpendam.
1227 473 1430 512 Miserere
1463 472 1636 513 animae
1659 484 1799 523 meae,
1833 476 1959 516 Pater
1987 475 2166 527 pientis-

400 539 523 587 sima,
543 538 617 589 qui
637 538 744 577 mihi
764 549 939 588 semper
952 538 994 577 in
1011 538 1216 578 omnibus
1234 537 1435 587 affabilis,
1456 537 1690 590 benignus,
1705 541 1746 578 et
1760 538 2007 580 misericors
2026 539 2163 591 fuisti,

399 607 561 644 etcum
582 603 791 644 ineffabili
820 603 1064 654 clementia,
1094 614 1217 643 meas
1238 602 1425 654 ineptias
1452 605 1516 643 tot
1545 603 1672 644 annis
1704 604 1913 653 tolerasti,
1947 608 1990 646 et
2013 608 2165 657 patere

400 669 596 718 obsecro,
620 671 667 708 ut
685 668 960 718 importunus
982 668 1141 720 petitor
1158 668 1240 708 sim
1261 671 1363 708 ante
1384 668 1532 709 oculos
1562 668 1736 720 pietatis
1763 672 1879 709 tuae.
1903 670 2165 712 Convertere

399 734 583 775 Domine
609 733 946 785 aliquantulum,
980 736 1022 773 et
1053 733 1150 774 vide
1179 732 1456 774 afflictionem
1488 744 1647 782 meam,
1683 737 1725 774 et
1756 733 1984 775 considera
2013 734 2159 784 etiam,

399 798 618 851 quomodo
634 799 888 839 consulatur
905 799 1059 839 honori
1074 810 1185 839 meo.
1205 798 1246 839 Si
1259 798 1368 851 Jam,
1385 802 1434 839 ut
1449 798 1508 839 ita
1523 798 1720 848 dixerim,
1743 798 1800 839 ad
1818 801 2010 840 aratrum
2029 810 2165 840 manu

398 864 557 915 posita,
579 866 694 904 retro
716 864 938 915 aspiciam,
962 875 1050 904 non
1070 875 1126 905 ne
1149 864 1261 905 oculi
1282 865 1476 905 omnium
1505 865 1550 904 in
1576 875 1647 904 me
1674 867 1993 913 convertentur,
2017 864 2166 906 existi-

398 932 587 978 mantes,
621 940 692 969 me
723 929 877 970 leviter
909 929 1182 979 discessisse,
1218 933 1259 970 et
1285 929 1424 971 levius
1450 929 1661 970 rediisse?
1681 929 1848 980 Quibus
1866 929 2070 971 omnibus
2087 941 2167 982 per

400 994 682 1035 Sanctitatem
699 996 899 1035 Vestram
920 995 1243 1046 sapientissime
1263 994 1566 1044 consideratis,
1589 995 1795 1047 dignetur
1819 1006 1890 1036 me
1917 1006 1998 1036 suo
2015 1005 2166 1037 aman-

391 1060 583 1108 tissimo,
605 1059 767 1100 etmihi
789 1059 1163 1100 desideratissimo
1184 1071 1400 1111 responso
1422 1060 1652 1110 consolari,
1678 1063 1720 1100 et
1740 1062 1965 1102 revocatas
1984 1059 2166 1112 gratias,

398 1126 519 1177 prius
540 1128 687 1166 tamen
707 1125 898 1177 benigne
917 1136 1165 1174 concessas,
1195 1125 1240 1164 in
1267 1125 1501 1176 pristinum
1531 1128 1696 1166 statum
1718 1125 1965 1176 restituere,
1990 1124 2165 1175 scitura,

397 1202 469 1232 me
488 1190 609 1231 nullo
631 1189 888 1241 pretiosiore
909 1190 1038 1240 dono,
1058 1190 1139 1231 hoc
1162 1193 1356 1241 tempore
1378 1190 1530 1230 donari
1547 1201 1694 1241 posse.
1715 1189 1922 1241 Quamvis
1936 1189 2051 1230 enim
2071 1188 2169 1241 ipse

399 1259 600 1307 peccator
621 1255 718 1305 sim,
742 1259 784 1295 et
803 1255 1028 1306 indignUS,
1061 1255 1188 1308 qu’us
1217 1266 1368 1306 preces
1394 1266 1420 1295 a
1446 1257 1535 1295 Deo
1566 1255 1870 1304 exaudiantur,
1891 1254 1936 1296 id
1954 1257 2102 1295 tamen
2132 1252 2171 1294 si

397 1321 688 1373 impetravero
704 1332 728 1361 a
745 1320 982 1361 Sanctitate
997 1321 1166 1370 Vestra,
1182 1331 1261 1371 pro
1276 1322 1396 1360 tanto
1415 1330 1613 1369 munere,
1630 1320 1824 1360 conabor
1841 1317 2035 1360 assiduis
2051 1318 2170 1371 apud

399 1388 538 1427 Deum
557 1386 830 1427 orationibus
851 1385 1139 1438 multiplicato
1161 1388 1312 1426 tenore
1332 1396 1683 1437 recompensare.
1707 1386 1992 1436 Quocumque
2007 1382 2053 1424 in
2071 1383 2168 1424 loco

398 1463 468 1492 me
484 1452 670 1493 voluerit
689 1462 803 1500 esse,
828 1450 1051 1497 Sanctitati
1070 1452 1250 1490 Vestrae
1270 1450 1559 1501 acquiescam,
1583 1455 1627 1492 et
1642 1451 1856 1504 quidquid
1876 1450 2162 1499 mandaverit,

401 1528 605 1570 exequar,
629 1517 873 1568 Christique
892 1515 1059 1556 Vicario
1087 1518 1296 1567 tanquam
1326 1515 1509 1565 Christo,
1536 1516 1865 1568 obtemperabo,
1893 1518 1936 1556 et
1963 1515 2019 1557 ab
2045 1514 2164 1555 illius

404 1582 652 1623 obedientia
671 1581 910 1633 discedere,
931 1580 1054 1621 nefas
1070 1590 1168 1621 esse
1183 1579 1453 1620 existimabo.
1470 1581 1588 1621 Felix
1605 1581 1747 1622 valeat
1765 1580 1976 1622 Sanctitas
1991 1581 2160 1630 Vestra,

398 1648 521 1688 cuius
543 1647 850 1689 sacratissimis
871 1647 1057 1699 pedibus
1076 1657 1146 1686 me
1166 1645 1386 1686 humiliter
1420 1646 1691 1688 commendo.
1726 1647 1789 1687 Ex
1817 1643 2068 1687 Roncilione
2091 1641 2164 1684 dit·

385 1713 462 1754 ¹³19..
485 1713 615 1764 Junii,
637 1724 753 1754 anno
774 1713 892 1754 1491.
916 1728 935 1749 »
1472 1715 1476 1717 “

451 1839 693 1891 (Plaquette
719 1838 828 1887 in-4‚
856 1851 889 1878 s,
920 1838 946 1878 l.
973 1850 1017 1878 η.
1047 1836 1103 1886 d.,
1133 1848 1218 1877 car.
1250 1837 1388 1889 goth„
1410 1835 1621 1889 precedee
1654 1836 1707 1877 de
1735 1835 1942 1878 l'oraison
1971 1831 2158 1875 funebre

398 1902 640 1944 d'Ardicino
662 1901 774 1943 della
792 1904 934 1952 Porta,
959 1901 1061 1943 faite
1082 1905 1124 1942 et
1140 1900 1386 1954 prononcee
1399 1914 1479 1954 par
1492 1903 1535 1942 F.
1552 1900 1799 1968 Cardulus.)

1254 2141 1307 2186 32

451 2289 582 2330 Zizim
604 2291 671 2330 est
691 2285 831 2328 arrive
852 2286 876 2327 a
898 2284 1255 2334 Civita-Vecchia.·
1286 2282 1498 2324 Premiere
1518 2282 1710 2326 creation
1727 2282 1782 2325 de
1801 2283 2052 2326 cardinaux.

455 2413 475 2434 «
493 2397 596 2438 Octo
618 2396 721 2437 viris
737 2395 914 2444 Pratice,
926 2393 1104 2434 Excelse
1120 2385 1369 2444 Reipublice
1386 2392 1643 2433 Florentine.
1657 2416 1704 2422 —
1726 2406 1813 2434 vius
1823 2393 1968 2434 martii
1979 2392 2084 2434 1488
2103 2392 2160 2445 (1)

398 2462 549 2515 [1489]

455 2529 576 2567 «Tre
604 2526 647 2565 di
672 2524 712 2565 fa
739 2524 898 2576 giunse
926 2524 981 2564 ad
1003 2524 1135 2564 Civita
1156 2523 1336 2563 Vecchia
1363 2524 1393 2563 il
1427 2523 1596 2564 fratello
1627 2523 1697 2564 del
1727 2524 1892 2564 Turcho
1925 2524 1983 2566 ad
2015 2524 2159 2566 salva-

367 2628 369 2630 ,
398 2594 545 2632 mento
567 2602 645 2641 per
664 2589 950 2641 consegnarsi
979 2589 1032 2628 da
1062 2588 1206 2639 questi
1227 2588 1605 2640 Hyerosolimitani
1633 2587 1719 2629 alla
1741 2587 1907 2630 Santita
1927 2588 1999 2630 del
2025 2589 2158 2642 Papa,

397 2655 572 2708 quando
593 2654 634 2694 la
649 2652 813 2694 Santita
830 2665 909 2693 sua
927 2653 1115 2694 conceda
1135 2653 1227 2694 loro
1249 2653 1277 2693 il
1294 2654 1408 2694 Gran
1428 2656 1592 2694 mastro
1612 2652 1838 2694 cardinale
1859 2665 1982 2695 come
2006 2653 2054 2696 fu
2065 2654 2160 2695 loro

396 2731 626 2773 promesso
657 2719 748 2760 sare
782 2719 925 2759 subito
953 2718 1029 2758 che
1049 2718 1202 2770 giunto
1234 2717 1359 2759 fussi.
1388 2720 1436 2759 Et
1467 2730 1546 2770 per
1570 2721 1726 2770 questo
1757 2719 1946 2770 rispecto
1970 2720 2159 2761 stamani

398 2788 464 2829 col
493 2799 623 2828 nome
658 2786 699 2826 di
729 2784 885 2836 Spirito
908 2784 1064 2823 Sancto
1097 2781 1144 2823 se
1173 2782 1284 2824 facto
1316 2783 1573 2824 consistorio
1599 2786 1641 2824 et
1664 2783 1751 2824 essi
1781 2784 1986 2826 concluso
2015 2787 2058 2826 et
2083 2796 2161 2836 pu-

397 2853 556 2893 blicato
590 2851 696 2892 tucti
723 2850 755 2890 li
787 2848 1049 2899 infrascripti
1090 2849 1306 2889 Cardinali
1334 2849 1531 2890 videlicet
1556 2850 1709 2890 :Mess.
1751 2850 1940 2890 Lorenzo
1967 2850 2071 2891 Cibo
2103 2849 2158 2890 da

398 2919 573 2959 Genova
610 2914 944 2965 Archiepiscopo
988 2915 1309 2963 Beneventano,
1351 2914 1595 2955 Castellano
1628 2914 1670 2954 di
1710 2913 1853 2954 Castel
1887 2915 1927 2954 S.
1963 2913 2155 2966 Agn0103

398 2994 534 3023 mess.
557 2981 751 3022 Arduino
785 2978 900 3020 dalla
932 2979 1057 3018 Porta
1091 2979 1143 3019 da
1164 2980 1320 3030 Noara,
1355 2979 1559 3031 episcopo
1595 2978 1820 3019 Aleriense
1844 2989 2004 3018 :mess
2026 2979 2157 3019 Anto-

395 3049 531 3089 niotto
553 3047 719 3088 Gentile
751 3039 815 3085 da'
832 3045 1005 3083 Genova
1034 3044 1237 3096 episcopo
1265 3045 1490 3092 Auriense,
1519 3045 1722 3094 Datario;
1754 3043 1797 3084 lo
1823 3043 2157 3094 Archiepiscopo

397 3113 440 3153 di
460 3114 651 3155 Bordeos
669 3110 913 3157 francioso;
939 3108 971 3147 Il
987 3119 1097 3160 gran
1122 3113 1287 3150 mastro
1310 3110 1351 3150 di
1376 3109 1498 3157 Rodi,
1520 3108 1761 3156 francioso;
1791 3106 1865 3148 un'
1900 3107 2010 3148 altro
2030 3118 2078 3147 se
2102 3117 2159 3148 ne

400 3177 424 3218 e
461 3177 573 3218 facto
607 3179 788 3222 secreto,
837 3172 1084 3223 florentino,
1133 3175 1189 3215 ad
1216 3175 1381 3215 honore
1412 3185 1438 3214 e
1470 3175 1823 3213 contentamento
1859 3172 1973 3213 della
2006 3175 2158 3213 nostro

399 3243 683 3295 Repuhblica,
715 3242 792 3282 che
810 3250 889 3291 per
911 3239 1058 3280 buona
1089 3241 1270 3292 cogion'e
1302 3250 1390 3279 non
1413 3236 1459 3278 se
1479 3241 1631 3289 potuto
1664 3237 1884 3289 publicere
1915 3237 2048 3286 hora3
2081 3247 2159 3288 pu-

439 3367 468 3398 1.
494 3367 571 3398 1488
592 3365 732 3397 suivant
758 3365 789 3397 le
810 3365 898 3406 style
918 3359 1092 3396 florentin.
1117 3364 1169 3395 On
1192 3363 1257 3394 sait
1277 3370 1346 3403 que
1363 3361 1450 3393 dans
1469 3360 1501 3392 le
1522 3361 1675 3402 systeme
1695 3359 1861 3393 florentin
1881 3369 1928 3392 οι]
1953 3364 2157 3393 cummeneo

399 3417 533 3450 l‘aunee
552 3418 644 3450 deux
658 3418 748 3450 mois
765 3419 799 3449 et
817 3417 1059 3458 vingt-quatre
1073 3416 1173 3457 jours
1193 3415 1293 3456 apres
1313 3413 1346 3444 le
1367 3414 1416 3444 1⁰¹·
1428 3412 1578 3454 janviera.
