2262 3958
131 314 236 356 [Mars
258 313 349 355 1485]
576 311 744 348 RERUM
777 309 1082 346 URBANARUM
1115 307 1466 346 COMMENTARII.
1855 306 1914 341 ¹41

129 414 399 464 cardinales
423 414 484 462 ad
509 414 671 463 locum
702 430 859 463 suum.
887 413 992 462 Alia
1025 404 1187 462 omnia
1219 416 1329 460 acta
1362 413 1474 459 sunt
1511 424 1646 458 more
1674 407 1834 467 solito,
1870 410 1918 454 et

131 503 275 564 prout
293 515 439 563 supra
459 503 701 547 notantur.

199 582 354 632 Finito
381 582 688 642 consistorio,
719 587 766 631 et
795 581 1009 631 osculato
1043 596 1130 644 per
1152 567 1363 628 >familias
1396 582 1642 628 oratorum
1674 576 1916 642 pontificis

134 667 274 733 pede,
307 667 523 732 pontifex
562 667 705 715 rediit
743 666 804 714 ad
824 679 1068 714 cameram
1096 679 1251 723 suam,
1284 663 1461 712 comite
1491 661 1666 711 Delfini
1700 660 1916 710 fimbrias

133 751 350 817 pluvialis
370 754 498 815 Pape
519 750 793 809 deferente;
819 747 1090 797 orationem
1111 746 1224 796 fecit
1245 747 1502 811 episcopus
1523 745 1849 794 Auraicensis.

202 835 343 885 Feria
366 841 517 894 sexta,
555 837 609 882 18
638 833 750 882 dicti
778 832 958 880 mensis
992 831 1240 891 februarii,
1275 831 1364 878 fuit
1396 830 1645 895 publicum
1681 829 1922 878 consisto-

137 920 261 969 rium
287 919 336 968 in
362 918 520 983 prima
541 917 651 966 aula
684 917 888 981 majore,
925 915 1142 965 videlicet
1171 915 1334 980 palatii
1365 913 1587 979 predicti,
1620 913 1666 960 in
1698 928 1791 976 quo
1822 916 1923 961 RR.

135 1003 184 1051 in
211 1001 400 1051 Christo
422 1002 513 1048 ΡΡ.
547 1001 646 1046 DD.
678 998 888 1047 Thomas
912 997 1213 1047 Menevensis
1242 1000 1290 1046 et
1308 997 1554 1045 Johannes
1579 995 1919 1044 Dunelmensis

135 1084 348 1150 episcopi
379 1086 426 1132 et
462 1082 830 1147 turcopellerius
868 1082 1111 1131 Rodianus
1146 1085 1363 1131 oratores
1406 1080 1534 1146 regis
1576 1080 1748 1145 Anglie
1783 1096 1922 1144 pres-

136 1168 334 1218 titerunt
376 1166 704 1216 obedientiam
749 1167 946 1216 nomine
999 1166 1218 1231 ejusdem
1274 1182 1362 1230 per
1398 1156 1770 1230 predecessores
1809 1180 1921 1213 suos

133 1251 339 1318 prestari
361 1251 550 1300 solitam
573 1253 657 1300 SS.
684 1254 741 1299 D.
773 1253 811 1300 N
821 1289 852 1312 .,
883 1251 1070 1315 prefato
1100 1250 1328 1315 episcopo
1360 1249 1691 1309 Dunelmensi,
1724 1248 1763 1296 si
1791 1253 1922 1297 recte

134 1335 354 1396 memini,
379 1339 588 1385 oratore.
611 1334 687 1382 Hii
709 1338 807 1383 tres
829 1338 1047 1383 oratores
1067 1349 1164 1382 non
1189 1335 1383 1382 fuerunt
1411 1350 1439 1382 a
1460 1333 1653 1382 familiis
1682 1335 1765 1382 SS.
1783 1335 1838 1380 D.
1864 1336 1920 1381 N.
2002 1352 2007 1357 ·

135 1423 183 1470 et
203 1418 496 1468 RRmorum.
522 1420 624 1466 DD.
655 1417 978 1467 Cardinalium
1001 1417 1193 1482 publice
1224 1416 1405 1482 recepti
1430 1421 1478 1465 et
1498 1417 1722 1466 associati
1744 1422 1797 1466 ut
1823 1417 1920 1476 alii,

137 1503 368 1569 quiajam
389 1503 470 1551 diu
496 1507 607 1551 ante
635 1502 834 1550 fuerunt
858 1501 907 1549 in
935 1502 1063 1551 Urbe
1093 1517 1180 1566 pro
1211 1501 1428 1566 negociis
1455 1501 1676 1566 ejusdem
1702 1496 1848 1567 regiS,
1875 1502 1925 1550 in

137 1604 232 1652 qua
248 1587 413 1637 literas
435 1587 593 1652 regias
615 1589 911 1651 acceperunt
930 1601 1017 1650 pro
1038 1585 1316 1650 hujusmodi
1338 1585 1614 1635 obedientia
1640 1586 1922 1651 prestanda.

139 1672 197 1719 Et
223 1670 337 1735 quia
361 1685 446 1719 rex
477 1669 649 1734 Anglie
670 1669 719 1717 in
748 1668 846 1717 suis
878 1668 1029 1718 literis
1059 1668 1341 1717 nominabat
1371 1685 1423 1718 se
1456 1685 1622 1734 regem
1654 1665 1855 1720 Francie
1880 1674 1928 1719 et

136 1754 327 1820 Anglie,
361 1754 498 1803 finita
523 1753 740 1803 oratione
764 1753 1075 1818 prestationis
1097 1753 1392 1812 obedientie,
1429 1758 1482 1801 ut
1510 1754 1752 1818 prefertur
1779 1755 1922 1814 sacta,

138 1842 185 1888 et
204 1838 522 1904 responsione
540 1854 629 1903 per
647 1838 931 1902 pontificem
958 1838 1086 1898 data,
1118 1838 1378 1887 insurrexit
1398 1855 1523 1886 unus
1545 1853 1605 1887 ex
1625 1839 1752 1904 regis
1774 1841 1926 1888 Fran-

137 1938 306 1974 corum
352 1922 671 1983 oratoribuS,.
700 1923 1016 1988 protestando
1052 1923 1212 1988 ipsum
1249 1938 1417 1988 regem
1458 1923 1629 1988 Anglie
1675 1939 1773 1972 non
1816 1939 1923 1972 esse

138 2006 342 2056 Francie
370 2021 426 2055 ac
456 2006 517 2055 de
539 2006 725 2072 injuriis
754 2006 974 2056 videlicet
1001 2006 1062 2055 ad
1082 2007 1212 2070 quod
1233 2011 1396 2055 orator
1423 2006 1573 2072 ipsius
1605 2007 1734 2072 regis
1755 2007 1927 2072 Anglie

135 2091 346 2155 quedam
381 2106 536 2156 pauca
573 2090 836 2155 replicavit,
877 2091 1044 2156 sicque
1084 2091 1429 2140 consistorium
1477 2092 1787 2141 terminatum
1828 2095 1918 2152 est,

138 2176 224 2223 SS.
260 2177 319 2223 D.
361 2177 419 2224 N.
461 2174 582 2223 nihil
617 2175 679 2223 ad
713 2174 992 2239 hujusmodi
1032 2179 1278 2225 oratorum
1311 2175 1675 2225 altercationem
1717 2190 1922 2240 respon-

138 2258 302 2308 dente.

205 2343 476 2404 Dominica,
506 2344 663 2409 prima
688 2345 1059 2410 quadragesime
1100 2348 1161 2393 20
1195 2345 1308 2394 dicti
1345 2345 1527 2394 mensis
1560 2345 1807 2405 februarii,
1839 2343 1928 2393 fuit

137 2426 286 2476 missa
313 2426 508 2491 publica
533 2428 582 2476 in
609 2429 795 2493 capella
825 2430 996 2494 majori
1029 2429 1190 2495 palatii
1222 2432 1368 2494 Pape,
1402 2428 1451 2476 in
1478 2444 1575 2493 qua
1602 2429 1765 2478 omnia
1791 2444 1927 2477 more

72 2551 84 2558 .
138 2511 278 2561 solito
301 2516 412 2561 sunt
431 2513 700 2564 observata.
729 2516 1016 2564 Sermonem
1040 2514 1154 2563 fecit
1181 2518 1469 2578 procurator
1496 2513 1678 2561 ordinis
1706 2513 1929 2578 predica-

139 2601 325 2647 torum.

203 2682 457 2733 Dominica
491 2684 722 2744 secunda,
770 2683 1136 2748 quadragesime
1179 2686 1259 2742 27,
1300 2683 1416 2732 dicti
1460 2683 1642 2731 mensis
1675 2683 1922 2743 februarii,

140 2768 196 2814 R.
234 2768 287 2814 P.
328 2769 387 2815 D.
427 2767 673 2817 Johannes
705 2769 960 2833 episcopus
995 2767 1278 2817 Bellicensis
1322 2771 1486 2817 orator
1516 2767 1652 2816 ducis
1689 2767 1926 2816 Sabaudie

139 2850 397 2899 celebravit
429 2851 626 2900 missam
653 2853 898 2917 publicam
927 2852 975 2900 in
1002 2851 1219 2916 cappella
1245 2852 1480 2916 predicta,
1516 2855 1646 2917 Papa
1678 2857 1922 2917 presente.

138 2935 196 2982 Et
217 2949 327 2983 cum
348 2939 564 2984 oratores
584 2935 760 2985 ducum
783 2937 1020 2985 Sabaudie
1043 2941 1091 2985 et
1116 2937 1375 2986 Mediolani
1398 2933 1445 2985 in
1468 2953 1665 2987 camera
1685 2937 1925 3002 papagalli

139 3018 318 3068 iterum
339 3035 486 3084 super
504 3019 835 3084 precedentia,
861 3021 956 3069 sive
979 3020 1058 3085 qui
1079 3020 1264 3085 primus
1288 3037 1456 3070 eorum
1477 3022 1625 3071 misse
1648 3022 1924 3079 interesset,

141 3103 507 3160 contenderent,
533 3109 725 3154 oratore
753 3105 886 3154 ducis
916 3105 1173 3153 Mediolani
1208 3110 1455 3155 asserente
1489 3106 1619 3170 quod
1646 3102 1738 3155 hec
1767 3105 1926 3153 domi-

139 3187 251 3235 nica
282 3186 440 3251 ipsum
463 3189 708 3254 tangebat,
740 3193 790 3238 ut
822 3189 1056 3239 interesse
1087 3189 1240 3253 possit
1260 3190 1399 3253 juxta
1429 3189 1649 3238 ordinem
1683 3189 1743 3237 de
1778 3189 1925 3238 alter-

139 3270 264 3318 natis
283 3270 467 3319 vicibus
485 3272 720 3322 veniendo
736 3289 823 3337 per
841 3276 925 3323 SS.
952 3277 1009 3323 D.
1036 3277 1090 3323 N.
1114 3274 1296 3333 datum,
1323 3278 1370 3322 et
1391 3274 1495 3322 aliis
1522 3273 1927 3337 respondentibus

140 3354 271 3417 quod
311 3370 394 3404 eos
436 3354 669 3406 interesse
711 3357 905 3408 deceret
941 3375 1028 3423 pro
1069 3374 1126 3408 eo
1176 3357 1305 3421 quod
1348 3357 1605 3422 episcopus
1645 3355 1928 3405 Bellicensis

139 3436 356 3501 ipsorum
384 3444 526 3504 caput
556 3440 840 3503 celebraret,
876 3444 968 3492 SS.
1006 3446 1063 3491 D.
1098 3446 1153 3492 N.
1185 3440 1426 3492 mandavit
1456 3439 1587 3504 quod
1616 3444 1788 3490 neutra
1819 3457 1930 3506 pars
