2262 3958
262 324 331 360 440
870 322 1101 358 JOHANNIS
1135 321 1428 368 BURCHARDI,
1706 325 1911 365 [Decembre
1934 325 2023 366 1492]

266 425 481 472 ascendit
509 425 567 471 ad
595 410 785 486 solium,
810 426 890 473 ubi
925 425 1109 488 accepit
1137 440 1340 488 regnum
1372 425 1469 473 sive
1497 426 1725 488 thiaram3
1760 434 1806 477 et
1833 429 1882 475 in
1910 427 2024 475 sede

266 507 456 565 sedens,
499 512 779 571 apportante
820 508 909 555 sibi
950 511 1004 555 D.
1039 509 1246 571 Gaspare
1300 507 1483 554 Blondo
1533 524 1723 557 camere
1764 511 2023 574 apostolice

266 590 443 637 clerico
478 606 643 638 ensem
683 606 793 638 cum
824 591 1008 654 capello
1049 589 1256 653 desuper
1292 591 1449 652 posito
1488 595 1534 639 et
1566 591 1801 641 conducto
1831 609 1918 657 per
1947 609 2025 641 me

268 688 430 719 coram
453 673 713 721 Sanctitate
737 687 838 731 sua,
861 673 919 720 de
942 673 1089 736 ipsius
1111 672 1336 720 mandato
1358 673 1620 736 lantgravio
1633 674 1850 737 predicto
1862 690 2025 723 coram

269 771 326 803 eo
348 756 602 818 genuflexo
626 757 862 804 Sanctitas
897 772 982 804 sua
1012 756 1128 819 legit
1163 771 1221 804 ex
1253 756 1375 803 libro
1411 756 1569 815 verba,
1612 777 1632 799 «
1670 757 1822 804 solent
1846 759 2029 804 romani

262 839 505 902 pontifices
530 856 584 896 »,·
606 839 777 902 quibus
800 840 965 898 finitis,
990 843 1188 902 accepto
1213 855 1326 887 ense
1349 855 1458 886 cum
1481 839 1684 903 capello,
1710 840 1906 887 tradidit
1923 839 2029 887 illos

268 921 484 984 predicto
515 922 802 985 lantgraviO,
838 922 1076 986 capellum
1107 922 1166 970 ab
1197 937 1311 970 ense
1343 938 1440 970 non
1470 922 1735 980 movend03
1764 937 1882 985 quos
1903 922 2029 971 lant-

270 1005 458 1067 gravius
493 1005 751 1067 accipiens,
798 1021 994 1052 manum
1043 1005 1216 1053 deinde
1264 1005 1438 1068 pedem
1478 1007 1605 1069 Pape
1655 1005 1895 1053 osculatus
1937 1010 2027 1064 est,

269 1088 491 1135 brevibus
526 1087 682 1134 verbis
737 1081 985 1136 sanctitati
1032 1103 1115 1136 sue
1165 1088 1341 1150 gratias
1390 1103 1552 1151 agens,
1609 1088 1867 1136 Descendit
1912 1088 2031 1135 solio

267 1170 560 1233 lantgravius
583 1175 628 1218 et
649 1186 706 1217 ea
725 1170 921 1218 tradidit
943 1174 1000 1218 D.
1025 1171 1326 1218 Theoderico
1354 1171 1493 1218 militi
1522 1186 1607 1218 suo
1631 1171 1847 1219 servitori
1870 1186 2031 1219 coram

272 1267 321 1299 se
344 1252 629 1310 deferenda;
654 1255 782 1316 Papa
812 1253 1003 1312 deinde,
1036 1253 1407 1316 precedentibus
1436 1253 1757 1301 cardinalibus
1788 1254 1837 1300 in
1865 1269 2033 1301 eorum

271 1335 450 1397 cappis,
480 1335 608 1383 venit
637 1351 724 1398 per
761 1352 931 1383 navem
965 1336 1134 1385 Vultus
1166 1337 1335 1394 sancti,
1367 1336 1446 1398 qui
1475 1352 1533 1383 ex
1553 1336 1779 1384 mandato
1801 1339 1927 1399 Pape
1947 1352 2035 1399 per

272 1418 551 1481 episcopum
580 1434 618 1465 s.
644 1419 829 1482 Agathe
863 1419 1092 1466 vicarium
1122 1419 1319 1466 basilice
1353 1419 1568 1482 predicte
1602 1419 1793 1482 publice
1815 1422 2035 1466 ostensus

272 1505 370 1557 est;
414 1501 683 1549 ascendens
724 1501 898 1549 deinde
948 1502 1007 1549 ad
1053 1502 1300 1565 palatium,
1349 1501 1671 1549 cardinalibus
1723 1501 1809 1549 sub
1851 1501 2037 1570 porticu

270 1583 464 1631 basilice
489 1583 760 1644 licentiatis,
798 1585 1059 1648 lantgravio
1093 1585 1321 1633 continuo
1351 1585 1508 1648 ipsum
1532 1584 1580 1631 in
1609 1599 1696 1631 suo
1727 1584 1836 1632 loco
1869 1599 2037 1648 prece-

270 1666 413 1713 dente
433 1669 479 1714 et
499 1666 647 1714 milite
671 1682 755 1714 suo
775 1671 883 1715 ante
907 1668 1063 1731 ipsum
1083 1683 1249 1715 ensem
1274 1667 1520 1716 deferente
1545 1682 1693 1730 usque
1716 1667 1774 1715 ad
1796 1681 2037 1715 cameram

271 1749 529 1811 papagalli3
556 1748 724 1796 exinde
746 1748 874 1796 idem
891 1748 1179 1812 lantgravius
1201 1748 1464 1796 associatus
1485 1747 1571 1796 fuit
1592 1764 1618 1796 a
1637 1747 1833 1812 prelatis
1853 1747 2033 1811 palatii,

273 1830 574 1878 cubiculariis
597 1835 642 1878 et
665 1831 901 1879 scutiferis
933 1834 1077 1894 Pape,
1113 1831 1392 1878 marchione
1430 1830 1634 1878 Badensi
1665 1836 1855 1879 oratore
1889 1830 2038 1894 impe-

273 1913 374 1960 riali
396 1929 451 1960 ac
470 1913 833 1976 archiepiscopo
854 1912 1116 1975 Argentino
1139 1916 1186 1960 et
1210 1913 1341 1960 ducis
1362 1913 1565 1960 Saxonie
1594 1913 1862 1961 oratoribus
1888 1927 2037 1975 usque

272 1995 332 2041 ad
348 1994 608 2058 hopistium
631 2011 668 2041 s.
696 1984 865 2058 Angeli
895 2009 1045 2058 prope
1080 2010 1302 2058 campum
1336 1995 1492 2053 Flore,
1521 1994 1646 2043 inter
1666 1995 2037 2058 gubernatorem

275 2077 413 2124 Urbis
436 2081 483 2124 et
503 2077 919 2140 archiepiscopum
941 2077 1273 2125 Arelatensem
1290 2078 1523 2140 equitans,
1544 2076 1624 2124 ubi
1646 2076 1846 2140 singulis
1862 2076 2038 2140 gratias

274 2159 370 2222 egit
391 2170 523 2207 more
547 2160 685 2207 solito
707 2160 910 2207 aliorum
932 2165 1200 2207 oratorum.
1230 2163 1298 2207 Ex
1320 2159 1511 2208 familiis
1540 2159 1853 2207 cardinalium
1879 2159 2038 2221 null-us

272 2242 505 2301 interfuit,
527 2242 640 2290 licet
668 2259 706 2289 s.
739 2245 796 2290 D.
829 2246 994 2291 noster
1024 2243 1344 2291 cardinalibus
1371 2259 1457 2307 per
1477 2258 1554 2291 me
1582 2243 1674 2291 dici
1701 2242 1896 2290 fecisset
1913 2242 2038 2305 quod

273 2325 444 2373 vellent
474 2330 660 2388 partem
693 2325 870 2373 familie
909 2341 993 2373 sue
1033 2326 1094 2373 ad
1126 2326 1464 2374 honorandum
1503 2325 1683 2373 dictum
1722 2324 2036 2388 lantgravium

270 2408 458 2455 mittere
482 2412 528 2455 et
548 2408 596 2454 id
614 2424 664 2454 se
686 2407 898 2455 facturos
920 2408 1118 2470 polliciti
1137 2408 1331 2455 fuerint.
1691 2419 1694 2422 '

340 2489 478 2536 Feria
500 2489 726 2548 secunda,
753 2491 811 2535 26
841 2489 1131 2546 decembris,
1164 2489 1288 2536 festo
1315 2506 1354 2536 s.
1390 2489 1619 2552 Stephani
1647 2487 2030 2552 protomartyris,

275 2575 440 2619 RmuS.
464 2574 520 2618 D.
552 2571 803 2618 cardinalis
833 2587 870 2618 s.
901 2571 1152 2619 Anastasia
1183 2571 1437 2619 celebravit
1471 2570 1666 2618 missam
1700 2570 1966 2618 solemnem
1986 2570 2035 2617 in

275 2654 459 2717 capella
477 2654 764 2716 supradicta,
790 2656 916 2716 Papa
943 2658 1186 2716 presente.
1223 2655 1508 2701 Sermonem
1534 2653 1648 2700 fecit
1664 2652 1811 2700 frater
1831 2652 2037 2700 Bartho-

273 2738 460 2785 lomeus
494 2738 553 2785 de
584 2737 799 2786 Viterbio
828 2736 1006 2784 ordinis
1040 2736 1395 2799 predicatorum
1432 2740 1479 2784 et
1515 2736 1606 2783 alia
1648 2736 1896 2784 observata
1929 2739 2038 2782 sunt

275 2838 408 2870 more
438 2822 594 2869 solito.

340 2905 474 2953 Feria
493 2906 649 2965 tertia,
671 2909 727 2953 27
752 2904 1042 2964 decembris,
1066 2904 1187 2953 festo
1214 2921 1252 2952 s.
1278 2904 1519 2967 [Johannis
1538 2904 1847 2967 evangeliste,
1872 2906 2036 2951 Rmus.

275 2991 331 3035 Ι).
355 2989 608 3036 cardinalis
628 2991 991 3036 Beneventanus
1013 2987 1266 3035 celebravit
1285 2988 1481 3034 missam
1503 2987 1770 3035 solemnem
1790 2986 1840 3033 in
1854 2986 2035 3049 maiore

274 3073 455 3135 capella
478 3073 708 3136 predicta,
741 3075 868 3136 Papa
893 3076 1134 3135 presente.
1175 3074 1280 3120 Non
1314 3071 1402 3118 fuit
1441 3085 1620 3129 sermo,
1659 3069 1769 3132 quia
1799 3068 1875 3116 cui
1908 3083 2038 3116 com-

274 3158 446 3204 missus
476 3162 578 3204 erat
600 3156 835 3204 infirmus.
861 3156 965 3204 Alia
987 3157 1147 3204 omnia
1167 3170 1301 3204 more
1321 3154 1458 3202 solito
1482 3158 1590 3201 sunt
1610 3152 1875 3200 observata.

340 3240 546 3287 Sabbato
585 3242 637 3287 31
673 3239 958 3299 decembris,
995 3239 1149 3302 vigilia
1189 3236 1566 3286 circumcisionis
1604 3235 1812 3294 Domini,
1845 3235 2035 3282 fuerunt

272 3337 467 3383 vespere
508 3322 703 3385 papales
741 3322 791 3369 in
830 3323 1012 3385 capella
1058 3322 1260 3385 maj0re,
1301 3323 1525 3382 presente
1570 3321 1704 3381 Papa
1741 3322 1788 3365 et
1821 3300 2033 3364 officium

273 3402 495 3451 faciente.
521 3404 607 3452 Die
627 3404 844 3468 sequenti
860 3404 948 3451 fuit
972 3404 1120 3451 missa
1144 3403 1371 3451 solemnis
1398 3402 1446 3448 in
1469 3401 1639 3449 eadem
1666 3399 1865 3464 capella,
1889 3412 2031 3462 quam
