2262 3958
394 301 462 338 188
993 297 1224 336 JOHANNIS
1258 299 1551 347 BURCHARDI,
1941 301 2044 343 [Mars
2065 303 2143 336 1486

394 407 450 453 D.
476 403 727 453 cardinalis
758 401 985 451 Senensis
1012 403 1284 451 consentire
1310 403 1574 452 videbatur.
1601 403 1706 452 Dixi
1735 403 1826 453 alio
1852 403 1926 454 die
1947 404 2161 468 predicta
2211 464 2222 473 ·

393 491 532 536 Rm0.
559 490 615 536 D.
641 485 869 534 cardinali
890 502 928 535 s.
954 487 1101 536 Marci
1122 487 1203 551 qui
1227 487 1505 551 opinionem
1529 502 1687 535 meam
1711 488 1906 536 omnino
1932 487 2158 548 laudavit,

394 575 440 619 et
457 571 522 619 ita
542 569 781 618 observari
800 574 1024 633 oportere
1045 571 1182 629 dixit;
1206 572 1289 619 SS.
1303 573 1428 619 D.N.
1455 569 1729 619 Innocentio
1747 586 1869 635 pape
1886 573 1995 622 VIII
2017 571 2162 620 etiam

392 653 567 717 placuit
594 653 754 717 opinio
786 669 910 714 mea,
945 658 993 702 et
1031 654 1146 703 dixit
1182 654 1417 703 Sanctitas
1452 654 1547 701 Sua
1582 668 1650 712 se,
1683 668 1792 701 cum
1822 653 1870 701 in
1896 654 2161 703 minoribus

394 741 538 795 esset,
567 736 746 800 pluries
768 736 816 784 in
835 737 992 801 vigilia
1021 737 1299 802 hujusmodi
1319 738 1368 785 in
1390 736 1573 800 capella
1594 751 1757 785 coram
1776 736 1906 785 Sixto
1928 739 2009 785 llll
2031 737 2161 786 cele-

392 820 575 880 brasse,
595 824 641 868 et
660 835 851 884 semper
865 821 925 869 ad
934 821 1224 886 Maym'ficat
1237 821 1385 871 altare
1403 821 1680 870 incensasse
1698 825 1838 885 prout
1853 837 1963 871 vere
1985 821 2162 871 facien-

395 903 508 952 dum
531 908 605 951 est
625 906 672 952 et
690 903 794 952 fieri
813 904 1008 953 omnino
1032 908 1235 969 oportet.

459 987 653 1034 Festum
682 986 968 1035 hodiernum
995 988 1376 1037 annunciationis
1402 989 1540 1038 beate
1567 988 1716 1037 Marie
1742 988 1936 1051 virginis
1963 988 2052 1037 fuit
2071 1004 2160 1053 per

395 1070 479 1117 SS.
502 1071 559 1118 D.
584 1071 640 1118 N.
666 1070 949 1119 translatum
970 1070 1031 1118 ad
1052 1070 1178 1120 diem
1206 1073 1371 1122 martis
1402 1075 1461 1121 28
1487 1072 1721 1136 presentis
1751 1072 1932 1121 mensis
1951 1072 2156 1136 proximi

393 1157 502 1217 post
523 1153 707 1202 Pascha
729 1158 993 1202 venturam.

461 1235 728 1297 Dominica,
765 1241 824 1285 26
858 1239 1038 1288 mensis
1066 1239 1241 1299 martii,
1269 1239 1634 1288 resurrectionis
1665 1239 1910 1288 salvatoris
1940 1240 2090 1289 nostri
2115 1243 2157 1288 J.

395 1319 589 1379 Christi,
612 1322 695 1369 SS.
723 1322 778 1368 D.
804 1323 860 1370 N.
891 1321 1017 1371 bono
1045 1338 1204 1381 mane,
1228 1323 1357 1371 venit
1379 1322 1802 1387 processionaliter
1827 1322 1888 1370 ad
1911 1323 2161 1373 basilicam

396 1419 435 1452 s.
461 1403 590 1453 Petri
608 1403 655 1451 in
678 1420 772 1467 qua
793 1405 1027 1454 Sanctitas
1047 1422 1132 1455 sua
1148 1405 1360 1455 officium
1377 1405 1656 1465 celebravit3
1682 1409 1730 1454 et
1745 1405 1907 1454 omnia
1927 1409 2035 1455 acta
2051 1409 2163 1456 su'nt

394 1489 536 1549 prout
568 1485 617 1534 in
647 1486 956 1535 ceremoniali
992 1486 1266 1536 continetur
1310 1491 1357 1536 et
1387 1489 1651 1538 ordinetur.
1684 1489 1818 1538 Calix
1851 1505 1962 1538 cum
1989 1489 2160 1539 hostiis

394 1586 481 1634 pro
503 1570 916 1619 communicandis
934 1571 1115 1635 positus
1144 1571 1233 1620 fuit
1263 1574 1558 1636 competenti
1579 1574 1803 1624 distantia
1821 1575 1948 1624 inter
1967 1590 2161 1624 crucem

396 1652 556 1701 altaris
590 1657 636 1701 et
656 1652 856 1702 calicem
876 1669 962 1718 pro
996 1655 1143 1704 missa
1170 1656 1441 1705 ordinatum
1459 1674 1547 1722 per
1566 1661 1758 1707 Rmum.
1785 1661 1843 1708 D.
1869 1658 2162 1708 cardinalem

396 1752 435 1783 s.
460 1736 651 1800 Georgii
678 1737 997 1786 camerarium
1025 1739 1105 1801 qui
1132 1740 1431 1803 evangelium
1458 1745 1728 1790 cantaverat
1752 1742 1832 1790 ubi
1867 1742 1996 1791 stetit
2016 1740 2165 1790 conti-

395 1835 492 1867 nuo
512 1823 768 1883 coopertus
787 1836 897 1868 cum
920 1823 1047 1885 Papa
1062 1822 1272 1870 dicturus
1292 1828 1393 1872 erat
1406 1825 1505 1872 Per
1518 1825 1674 1872 omnia
1695 1824 1861 1873 seculw
1871 1824 2131 1872 seculorum
2146 1842 2164 1872 .·

395 1918 482 1967 pro
502 1903 772 1966 prefatione
789 1904 969 1963 vocavi,
991 1907 1195 1953 RRmos,
1214 1908 1313 1954 DD‘.
1331 1909 1354 1953 J
1359 1907 1602 1955 ohannem
1620 1907 1679 1956 de
1696 1907 1929 1956 Columna
1950 1911 1998 1956 et
2016 1909 2165 1957 Asca-

396 1986 528 2034 nium
548 1986 606 2034 de
626 1986 982 2036 vicecomitibus
1007 1988 1234 2037 diaconos
1253 1989 1469 2053 juniores
1493 1984 1761 2040 cardinales
1780 1995 1827 2040 et
1848 1991 1906 2039 de
1933 1990 2167 2041 Columna

397 2069 715 2133 antiquiorem
736 2070 784 2118 in
805 2086 955 2119 cornu
979 2071 1177 2136 epistole
1200 2088 1254 2122 ac
1270 2074 1416 2122 alium
1427 2074 1673 2139 juniorem
1688 2075 1737 2123 in
1757 2090 1909 2124 cornu
1931 2076 2167 2139 evangelii

398 2168 426 2201 a
446 2152 649 2201 sinistris
674 2157 801 2218 Pape
823 2154 1066 2216 collocavi,
1090 2159 1233 2220 prout
1258 2156 1307 2204 in
1335 2158 1645 2207 ceremoniali
1667 2158 1933 2218 ordinatur,
1955 2174 2042 2223 pro
2073 2174 2169 2222 quo

397 2237 721 2300 reprehensus
748 2237 816 2286 fui
847 2253 874 2287 a
901 2241 1040 2288 Rm0.
1077 2241 1135 2288 D.
1167 2240 1408 2290 cardinale
1437 2241 1638 2290 Senensi
1666 2245 1714 2290 et
1741 2241 2027 2305 quibusdam
2062 2241 2172 2290 aliis

398 2320 666 2370 dicentibus
684 2321 813 2384 quod
833 2321 953 2371 duos
970 2322 1188 2385 juniores
1206 2324 1513 2389 presbyteros
1531 2325 1799 2374 cardinales
1821 2326 1920 2374 non
1940 2325 2170 2374 diaconos

397 2403 507 2452 illuc
528 2404 641 2467 poni
668 2404 944 2453 debuissem
966 2409 1011 2454 et
1032 2407 1160 2468 quod
1182 2422 1373 2470 semper
1397 2422 1566 2455 eorum
1593 2408 1890 2471 temporibus
1911 2408 1977 2457 ita
2003 2409 2172 2457 fuisset

400 2487 672 2537 ordinatum
700 2490 747 2536 et
778 2487 1081 2537 observatum
1106 2507 1115 2537 ε
1140 2489 1266 2538 volui
1292 2490 1434 2553 hujus
1462 2490 1531 2538 rei
1552 2490 1801 2539 veritatem
1825 2491 2117 2554 perscrutari
2145 2507 2173 2539 a

400 2575 538 2621 Rmo.
583 2573 638 2620 D.
682 2571 923 2621 cardinale
961 2588 1000 2619 s,
1042 2572 1190 2620 Marci
1225 2572 1304 2635 qui
1340 2572 1457 2620 mihi
1495 2573 1612 2621 dixit
1645 2589 1722 2622 me
1756 2574 1880 2623 bene
1915 2573 2071 2638 egisse
2115 2577 2172 2622 ac

401 2653 628 2702 diaconos
654 2670 751 2702 non
779 2653 1088 2719 presbyteros
1119 2654 1384 2703 cardinales
1414 2654 1481 2703 sic
1508 2655 1760 2719 ponendos
1785 2656 1907 2716 fore,
1939 2656 2025 2705 sed
2043 2656 2174 2720 quod

401 2738 553 2786 felicis
575 2737 920 2787 recordationis
943 2737 1117 2788 Paulus
1134 2753 1259 2801 papa
1280 2738 1520 2788 secundus
1548 2738 1731 2799 volenS,
1754 2755 1863 2788 cum
1894 2740 1996 2804 ipse
2021 2739 2071 2787 in
2090 2739 2171 2788 tali

402 2820 478 2869 die
508 2820 817 2880 celebrasset,
849 2821 969 2869 duos
991 2820 1209 2884 juniores
1243 2825 1357 2870 tunc
1385 2821 1612 2871 diaconos
1641 2823 1923 2883 cardinaleS,
1951 2822 2172 2872 videlicet

405 2921 442 2952 s.
468 2904 614 2953 Marie
641 2904 689 2952 in
715 2903 905 2953 Porticu
933 2908 981 2953 et
1007 2920 1046 2952 s.
1078 2904 1222 2953 Lucie
1243 2904 1292 2953 in
1314 2905 1567 2969 Septisolio
1598 2906 1678 2969 qui
1705 2910 1904 2970 nepotes
1927 2906 1997 2954 sui
2015 2910 2167 2965 erant,

404 3004 464 3036 ne
487 2988 764 3052 ignorantes
782 2988 1054 3052 judicarent
1073 2987 1204 3052 ipsos
1226 3004 1284 3037 ex
1303 2989 1481 3049 favore,
1506 2989 1616 3052 quia
1638 2993 1838 3051 nepotes
1860 2992 2038 3049 essent,
2057 2987 2168 3036 illuc

405 3071 605 3136 positos,
623 3071 802 3120 ibidem
822 3071 936 3135 poni
958 3071 1152 3120 debere.
1165 3071 1328 3122 Voluit
1349 3071 1478 3134 quod
1496 3071 1599 3135 ipse
1621 3075 1784 3119 Rmus.
1807 3074 1865 3120 D.
1888 3088 1927 3120 s.
1951 3071 2099 3120 Marci
2119 3075 2167 3120 et

405 3153 665 3217 Aquilanus
703 3154 782 3218 qui
821 3158 935 3203 tunc
971 3155 1188 3219 juniores
1227 3153 1492 3219 presbyteri
1536 3154 1802 3203 cardinales
1843 3155 2053 3214 fuerunt,
2098 3153 2164 3201 sic

408 3237 760 3287 collocarentur
776 3242 917 3302 prout
937 3242 1052 3287 tunc
1074 3238 1229 3287 fuerat
1252 3237 1554 3286 observatum
1583 3241 1630 3286 et
1654 3238 1713 3285 ab
1736 3253 1793 3286 eo
1813 3242 2028 3302 tempore
2050 3236 2167 3285 citra

406 3321 619 3382 predicta
646 3338 674 3371 a
705 3326 923 3386 tempore
952 3323 1169 3387 ejusdem
1197 3321 1327 3370 Pauli
1355 3336 1507 3384 usque
1532 3320 1593 3368 ad
1617 3321 1783 3369 ultima
1807 3326 2026 3385 tempora
2049 3319 2166 3367 Sixti

405 3404 543 3465 pauci
577 3404 768 3453 fuerunt
813 3406 1001 3455 diaconi
1035 3405 1326 3465 cardinales,
1363 3404 1489 3453 unde
1530 3403 1741 3466 oportuit
1780 3400 2054 3465 hujusmodi
2082 3415 2169 3463 per
