2262 3958
357 309 428 347 530
1105 304 1389 345 APPENDICE.

358 421 460 452 vero
482 412 694 465 Zygymy,
714 410 782 452 cui
812 421 890 462 per
911 408 1143 450 licaoniam
1162 406 1480 460 bithiniamque
1507 411 1713 450 terrestre
1732 408 2000 450 faciumdum
2024 408 2124 456 iter,

358 479 426 518 est
456 474 683 529 paululum
716 477 936 524 moratum
964 474 1163 516 affectato
1191 472 1427 516 frustratur
1456 472 1717 526 principatu.
1750 472 1945 515 Allectus
1977 475 2127 515 tamen

360 550 440 582 sue
459 539 660 582 factionis
686 539 957 581 clandestino
986 539 1177 588 hortatu,
1211 550 1289 591 spe
1321 537 1525 591 potiundi
1554 538 1680 591 regni
1706 538 1903 590 prusiam
1934 541 2127 580 veterem

359 606 536 659 quidem
558 606 738 659 Regiam
758 607 901 646 erecto
929 605 1074 645 animo
1108 604 1171 645 ire
1198 604 1361 657 pergit;
1393 603 1672 654 exercituque
1699 606 1842 654 pacto,
1864 611 2126 657 germanum

359 672 405 711 in
426 674 646 711 certamen
666 673 806 711 vocat.
833 669 1053 711 Coniectat
1074 669 1190 709 enim
1214 668 1411 710 nondum
1438 668 1580 708 fratris
1609 666 1958 708 firmatum·esse
1986 667 2125 719 impe*

357 736 486 784 rium,
519 745 568 775 ac
599 735 839 775 imbecilles
865 734 1036 774 animos
1068 733 1113 773 in
1151 733 1382 775 adversam
1408 736 1576 784 partem
1605 743 1786 773 mouere
1817 731 1943 772 facile
1976 742 2123 784 posse.

357 802 472 841 Dum
488 811 724 853 germanos
744 799 998 840 turbulenta
1032 797 1184 852 fatigat
1208 799 1378 847 seditio,
1410 797 1521 838 alius
1544 797 1747 850 Bagyazit
1767 795 1886 837 filius
1907 799 2064 848 quator
2083 798 2126 836 et

357 867 506 906 decem
525 875 669 918 *annos
692 867 862 913 nactus,
885 863 1037 916 fugam
1054 863 1202 905 animo
1219 863 1439 904 destimat.
1458 865 1498 904 ts
1514 866 1582 903 est
1602 862 1794 915 eleganti
1812 861 1949 903 forma
1967 860 2126 914 pubes,
2159 886 2162 889 ,

357 942 489 983 quem
512 929 764 982 (plusquam
790 929 873 969 fert
898 928 1011 982 etas)
1042 939 1214 970 norum
1243 929 1439 981 grauitas
1472 931 1513 968 et
1542 927 1766 980 ingenium
1790 929 1930 968 ornat.
1959 925 2128 968 Cariam

359 1007 535 1049 quoque
555 998 599 1036 et
618 995 776 1045 liciam,
811 1006 896 1035 auo
925 993 1176 1035 mahumete
1205 1005 1311 1034 aura
1336 997 1540 1035 vescente
1567 993 1757 1043 etherea,
1779 992 2006 1033 basiarum
2023 1000 2130 1033 con-

361 1062 458 1102 silio
478 1061 668 1110 functus,
691 1061 888 1114 regebat.
911 1060 1051 1101 Timet
1067 1061 1185 1100 enim
1206 1063 1412 1111 patruum
1431 1069 1618 1112 regnum
1632 1059 1909 1099 affectantem
1935 1058 2129 1110 Zyzymy

357 1126 504 1168 valido
528 1126 720 1167 exercitu
741 1126 1010 1165 succinctum
1031 1125 1209 1164 iamiam
1238 1124 1322 1165 sibi
1349 1125 1650 1165 imminentem
1675 1134 1731 1163 ne
1753 1132 1831 1175 per
1848 1121 2033 1163 insidias
2049 1124 2127 1163 aut

356 1192 398 1231 vi
414 1192 707 1242 interceptum
734 1189 914 1232 occidat.
948 1189 996 1229 Id
1028 1192 1144 1229 certe
1173 1189 1427 1230 mortalium
1455 1200 1599 1242 genus
1620 1201 1629 1228 ε
1650 1188 1889 1228 domestico
1919 1185 2127 1240 sang-uini

358 1255 484 1308 (dum
500 1256 555 1296 de
578 1266 716 1308 regno
740 1253 1035 1307 contenditur)
1069 1263 1246 1306 parcere
1272 1254 1425 1294 nescit.
1458 1249 1603 1294 ‘Mente
1632 1252 1834 1304 proponit
1853 1251 2126 1300 adolescens,

358 1321 609 1372 pernicibus
626 1321 753 1373 equis
782 1319 837 1360 ad
865 1319 1016 1371 fugam
1046 1318 1292 1368 destinatis,
1322 1317 1578 1359 rhodiorum
1607 1317 1788 1368 opidum
1815 1315 1949 1369 (quod
1974 1318 2128 1357 sancto

359 1389 483 1439 petro
505 1385 709 1437 apostolo
741 1384 932 1425 dicatum
964 1386 1033 1423 est
1065 1383 1111 1423 in
1144 1383 1421 1424 halicarnaso
1451 1382 1527 1434 qui
1556 1381 1671 1423 carie
1704 1381 1845 1433 portio
1875 1383 1944 1422 est
1974 1378 2128 1434 situm)

358 1455 523 1503 petere,
540 1449 897 1501 Rhodiorumque
912 1447 1014 1488 fidei
1023 1459 1122 1488 sese
1132 1448 1323 1489 credere.
1338 1450 1545 1502 Magister
1556 1452 1706 1490 autem
1720 1448 1897 1490 solertia
1909 1446 2121 1500 preditus,

357 1515 676 1558 adolescentuli
696 1515 847 1567 fugam
868 1517 1015 1554 mente
1035 1514 1302 1565 coniectans,
1325 1513 1516 1556 destinat
1546 1515 1716 1568 regium
1738 1514 1936 1566 excipere
1951 1516 2120 1555 natum.

361 1582 444 1623 Sed
463 1581 570 1622 dum
586 1580 734 1621 animo
748 1580 911 1621 dubius
930 1582 997 1620 est
1015 1579 1212 1632 Regulus
1233 1582 1275 1620 et
1292 1580 1452 1622 hesitat
1468 1591 1556 1633 quo
1578 1583 1700 1632 pacto
1721 1581 1926 1620 terrestre
1943 1578 2026 1620 iter
2040 1586 2128 1630 quo

361 1646 417 1687 ad
440 1646 619 1698 opidum
638 1646 775 1686 sancti
798 1645 909 1696 petri
930 1643 1125 1685 eundum
1145 1647 1238 1685 erat
1258 1647 1380 1685 tutus
1397 1649 1558 1698 ageret,
1586 1656 1644 1686 ne
1662 1644 1774 1686 forte
1795 1645 1839 1685 in
1860 1643 2128 1697 zyzymytice

359 1712 561 1753 factionis
593 1711 804 1751 incideret
823 1721 998 1759 manus,
1038 1709 1235 1750 oneraria
1260 1711 1388 1751 nauis
1408 1711 1524 1751 carie
1543 1710 1689 1751 littora
1709 1709 1892 1762 appulit,
1921 1709 2128 1761 apudque

358 1776 550 1827 tenellus
577 1775 779 1827 princeps
811 1773 1124 1816 tremebundae
1158 1774 1363 1826 degebat.
1401 1777 1527 1817 Pacto
1569 1776 1784 1828 vectigali,
1817 1774 1904 1817 fide
1932 1777 2124 1826 accepta,

360 1842 509 1882 nauim
531 1841 798 1891 conscendit,
821 1844 864 1881 et
884 1841 928 1881 in
949 1840 1174 1891 Calipolim
1198 1840 1357 1892 migrat
1382 1841 1524 1883 :fama
1546 1844 1715 1882 estnon
1741 1841 1924 1881 obscura
1957 1839 2039 1881 hac
2057 1840 2134 1881 via·

361 1905 595 1947 discrimen
627 1906 805 1947 vitasse.
835 1905 1020 1956 Quidam
1050 1907 1281 1945 autumant
1307 1906 1352 1945 in
1376 1905 1597 1956 prouincia
1627 1904 1873 1960 delicuisse,
1907 1903 2033 1956 equis
2062 1902 2121 1947 ad

358 1971 510 2025 fugam
530 1972 567 2012 si
588 1982 685 2012 sors
707 1970 881 2011 tulisset
900 1970 1087 2022 paratis;
1109 1973 1152 2011 et
1181 1981 1280 2011 cum
1307 1970 1488 2020 patrinis
1513 1970 1647 2010 rebus
1676 1967 1921 2020 desperatis
1939 1974 2122 2021 prorsus

361 2037 653 2085 discessisset,
676 2035 923 2079 bisancium
954 2037 1160 2076 terrestre
1185 2046 1324 2088 agens
1347 2035 1430 2076 iter
1451 2034 1707 2087 quantotius
1733 2033 1928 2086 petiisse.
1957 2032 2048 2075 Sub
2077 2030 2125 2074 id

358 2104 534 2154 tempus
550 2104 743 2154 Zyzymy
763 2113 862 2141 cum
883 2100 1098 2141 exercitus
1125 2100 1367 2152 procedens
1388 2101 1561 2152 prusios
1578 2100 1663 2140 sibi
1681 2099 1900 2148 vendicat3
1918 2110 1947 2140 a
1965 2097 2133 2151 quibus.

359 2167 454 2207 auri
471 2165 645 2219 pondus
663 2176 743 2206 seu
758 2176 908 2206 amore
938 2176 1018 2206 seu
1050 2165 1205 2205 timore
1243 2165 1378 2218 (quod
1406 2165 1551 2217 potius
1582 2162 1858 2216 crediderim)
1876 2165 2124 2216 extorquet.

360 2233 568 2286 Bagyazit
589 2242 761 2273 summe
780 2242 925 2272 rerum
945 2241 1044 2272 cum
1063 2230 1289 2283 vigilantia
1311 2230 1496 2271 intendit
1508 2240 1562 2270 ne
1579 2229 1689 2278 asia,
1707 2228 1878 2280 imperii
1887 2227 2005 2270 haud
2018 2237 2125 2270 cone

359 2297 594 2340 temnenda
621 2298 777 2349 portio,
804 2296 926 2337 fratri
947 2299 1111 2348 pareat.
1146 2295 1326 2336 Achmat
1352 2295 1475 2336 basia
1505 2294 1685 2336 consilio
1712 2293 1897 2345 pollens,
1920 2293 2125 2345 principis

362 2364 597 2405 exercitum
630 2363 675 2403 in
709 2363 849 2403 asiam
890 2372 968 2413 per
1003 2360 1311 2413 propontidem
1348 2360 1584 2408 traiicienS,
1618 2362 1810 2412 Zyzymy
1845 2359 1982 2411 copiis
2010 2358 2125 2400 vires

361 2428 555 2480 opponit.
592 2427 857 2468 Prestantior
887 2427 1051 2478 quippe
1083 2427 1150 2466 est
1178 2435 1229 2465 ac
1261 2425 1482 2466 robustior
1512 2427 1669 2464 tracius
1700 2422 1876 2463 asiatico
1901 2423 2126 2464 exercitu:

360 2504 463 2533 nam
482 2502 645 2543 europe
665 2491 803 2531 incole
824 2494 866 2530 et
879 2490 1026 2530 animo
1043 2490 1306 2538 audatiores,
1327 2492 1370 2529 et
1381 2499 1561 2540 corpore
1573 2486 1804 2528 validiores
1823 2487 1880 2528 ad
1894 2487 2125 2529 subeunda

360 2556 551 2609 pericula
578 2558 801 2608 putantur.
823 2554 1001 2595 Asiatici
1023 2555 1141 2595 enim
1163 2554 1318 2594 molles
1339 2557 1382 2594 et
1400 2552 1604 2593 imbecilli
1630 2550 1774 2592 animo
1796 2561 1969 2603 semper
1987 2551 2126 2592 habiti

361 2626 479 2671 sunt,
501 2621 704 2673 quamuis
725 2619 966 2672 pauxillum
991 2619 1088 2660 freti
1116 2630 1192 2661 eos
1216 2619 1453 2671 disiungat.
1482 2617 1612 2658 Ducis
1641 2616 1773 2657 etiam
1804 2615 1987 2658 Achmat
2005 2615 2125 2657 Artis

360 2687 560 2729 militaris
581 2686 740 2738 pericia
761 2684 1100 2738 magnanimitas
1121 2688 1164 2725 et
1182 2683 1393 2724 fortitudo
1414 2683 1569 2724 terrori
1587 2681 1684 2723 fuit.

418 2959 548 2999 Zizim
584 2970 632 3000 se
658 2957 800 2999 rendit
819 2957 844 2998 a
863 2956 1123 3006 Jerusalem,
1146 2957 1246 3008 puis
1261 2967 1317 2997 en
1333 2946 1501 3009 lilgypte
1521 2954 1681 3007 aupres
1701 2954 1761 2995 du
1777 2953 1952 2996 Soudan
1970 2953 2127 2995 Kaibai

365 3023 470 3065 dont
488 3024 520 3064 il
539 3022 755 3065 demanda
777 3022 957 3075 l'appui.
975 3022 1150 3063 Celui-ci
1170 3021 1339 3073 prefera
1367 3021 1602 3073 reprendre
1622 3021 1685 3063 les
1702 3019 2002 3073 negociatione
2020 3027 2126 3060 avec

363 3089 538 3141 BaJazet
557 3090 606 3139 11,
626 3088 772 3130 tandis
793 3099 879 3140 que
902 3088 1033 3128 Zizim
1052 3087 1196 3128 faisait
1209 3098 1269 3128 un
1286 3085 1535 3139 peterinage
1553 3084 1578 3125 a
1595 3086 1636 3126 la
1654 3086 1830 3137 Mecque
1844 3086 1888 3125 et
1902 3082 1926 3124 a
1942 3082 2124 3124 Medina-

363 3153 478 3194 Elles
498 3153 792 3195 n'aboutirent
812 3162 906 3205 pas.
931 3152 1061 3192 Zizim
1078 3155 1197 3193 tenta
1213 3160 1298 3193 une
1319 3149 1517 3192 derniere
1536 3148 1620 3190 fois
1634 3150 1674 3191 la
1693 3149 1866 3191 fortune
1882 3148 1961 3190 des
1980 3154 2124 3188 armes
2149 3175 2154 3179 -

366 3219 441 3269 qui
461 3219 521 3259 lui
541 3218 607 3259 fut
631 3219 847 3259 contraire
874 3220 918 3259 et
946 3217 1093 3259 refusa
1123 3217 1179 3258 de
1206 3215 1422 3268 rependi-e
1448 3213 1475 3255 a
1501 3214 1557 3255 de
1584 3214 1809 3256 nouvelles
1829 3211 2123 3266 propositione

365 3294 449 3334 que
465 3284 526 3324 lui
546 3283 595 3324 fit
615 3282 789 3336 Bajazet
805 3284 853 3324 11.
873 3281 1012 3335 Apres
1031 3281 1153 3324 avoir
1164 3281 1260 3323 erre
1275 3278 1463 3333 quelque
1483 3280 1626 3332 temps
1646 3279 1759 3320 dans
1779 3279 1845 3320 les
1857 3278 2034 3320 rochers
2048 3275 2125 3329 qui

364 3348 551 3389 box-dent
569 3349 610 3389 la
633 3355 741 3398 mer,
778 3348 820 3389 le
849 3349 996 3400 prince
1023 3344 1172 3400 fugitif
1197 3354 1253 3387 ne
1274 3345 1334 3387 vit
1365 3339 1534 3386 bientot
1558 3345 1726 3386 d'autre
1751 3341 1898 3396 espoir
1920 3343 1976 3386 de
2003 3341 2119 3384 salut

364 3412 494 3463 qu'en
513 3424 561 3453 se
574 3413 719 3465 jetant
737 3413 849 3454 dans
866 3413 931 3453 les
952 3413 1055 3454 bras
1074 3409 1154 3453 des
1175 3411 1421 3453 chevaliers
1438 3409 1494 3451 de
1514 3410 1701 3451 Rhodes.
