2262 3958
182 266 386 310 [Decembre
406 266 499 307 1488]
616 263 786 302 RERUM
818 263 1123 301 URBANARUM
1157 262 1509 301 COMMENTARH.
1896 263 1966 300 327

103 431 107 434 γ
178 372 235 418 D.
265 367 520 418 cardinalis
549 384 588 416 s.
621 368 883 416 Clementis
908 367 1164 417 celebravit
1192 367 1393 416 missam
1425 367 1671 431 publicam
1698 366 1746 414 in
1777 366 1961 430 capella

173 453 358 518 maj0re
378 451 541 516 palatii
559 452 807 516 apostolici
830 453 953 516 apud
977 469 1016 500 s.
1045 454 1257 510 Petrum,
1288 454 1420 514 Papa
1438 451 1658 510 absente,
1684 450 1962 513 quindecim

173 551 233 584 ex
252 534 445 584 RRmis.
472 537 572 583 DD.
598 536 917 584 cardinalibus
945 535 1266 599 presentibus,
1298 535 1424 583 Dixit
1448 539 1654 598 quatuor
1676 533 1922 582 orationes
1949 551 1957 580 :

171 618 479 683 primam,.de
511 618 776 678 dominica;
809 618 981 665 deinde
1015 619 1135 667 Deus
1160 618 1243 682 qm‘
1270 618 1325 665 de
1358 618 1485 666 beate
1504 618 1679 678 Marde,
1707 625 1814 676 ete„
1838 617 1964 665 Deus·

171 702 384 751 omnium
417 701 633 767 fidelium
671 709 719 750 et
751 700 962 748 Ecclesie
996 708 1089 760 tue,
1134 716 1277 763 quam
1313 701 1430 748 dixit
1463 706 1635 749 contra
1667 701 1960 749 voluntatem

171 801 332 835 meam
354 786 498 836 :dixit
511 789 674 834 autem
688 785 819 849 quod
827 785 964 848 juxta
979 799 1166 831 morem
1182 784 1366 847 capelle
1383 788 1546 832 nostre
1563 788 1732 833 contra
1746 799 1961 848 paganos

172 869 356 919 diceret
374 870 581 929 tertiam,
603 873 820 932 quartam
842 883 928 932 pro
959 866 1208 931 pontifice.
1243 867 1338 914 Sed
1370 866 1459 914 sibi
1486 867 1553 914 ita
1580 867 1741 914 dicere
1763 866 1957 930 placuit.

172 955 458 1003 Sermonem
474 952 587 1002 fecit
606 956 894 1016 procurator
908 950 1088 998 ordinis
1106 966 1147 999 s,
1171 949 1423 1014 Augustini
1443 949 1772 998 eremitarum.
1791 950 1964 998 Omnia

173 1038 265 1087 alia
284 1037 539 1086 observata
559 1039 666 1083 sunt
688 1050 824 1083 more
846 1040 1100 1083 consueto.

237 1120 492 1170 Dominica
521 1124 691 1184 quarta
730 1119 982 1177 adventus,
1034 1122 1088 1166 21
1138 1117 1320 1166 mensis
1366 1117 1658 1177 decembris,
1706 1117 1881 1165 festum
1924 1133 1962 1166 S.

110 1226 117 1236 ·
171 1204 357 1254 Thome
372 1203 598 1268 apostoli,
623 1207 678 1252 R.
704 1206 758 1252 P.
785 1206 844 1252 D.
865 1203 1083 1251 Tiberius
1114 1202 1510 1267 archiepiscopus
1531 1201 1810 1265 Sipontinus
1832 1201 1961 1249 cele-

169 1288 320 1338 bravit
338 1287 539 1336 missam
568 1287 811 1352 publicam
834 1287 883 1335 in
905 1287 1090 1351 capella
1112 1286 1331 1350 predicta
1366 1286 1424 1333 de
1449 1285 1692 1334 dominica
1719 1300 1830 1333 cum
1847 1300 1964 1348 qua-

169 1376 279 1420 tuor
305 1370 603 1420 orationibus
625 1375 769 1435 prout
797 1370 847 1418 in
881 1369 1214 1429 ceremoniali,
1247 1372 1376 1434 Papa
1403 1369 1622 1429 absente,
1659 1374 1707 1417 et
1728 1368 1962 1417 tredecim

172 1471 233 1504 ex
267 1454 592 1504 cardinalibus
614 1454 938 1519 presentibus,
965 1455 1252 1502 Sermonem
1279 1453 1394 1502 fecit
1431 1453 1581 1502 frater
1609 1452 1790 1501 ordinis
1819 1453 1961 1501 beate

173 1538 324 1588 Marie
357 1538 419 1588 de
454 1541 617 1587 Monte
639 1537 877 1587 Carmelo.
909 1537 1016 1585 Alia
1037 1537 1200 1585 omnia
1225 1542 1334 1585 sunt
1356 1553 1492 1586 more
1517 1537 1659 1586 solito
1683 1537 1958 1586 observata.

236 1621 417 1670 Eadem
442 1621 537 1682 die,
563 1622 612 1669 in
635 1620 846 1669 ecclesia
867 1637 905 1668 S.
939 1620 1107 1668 Jacobi
1132 1620 1385 1684 hospitalis
1416 1621 1762 1685 Hispanorum,
1792 1623 1958 1668 Rmus.

176 1708 233 1754 D.
259 1705 517 1754 cardinalis
543 1704 904 1768 Andegavensis
932 1704 990 1752 de
1014 1704 1241 1753 mandato
1266 1706 1347 1753 SS.
1376 1708 1432 1753 D.
1464 1708 1519 1754 N.
1551 1721 1693 1770 pape,
1711 1705 1810 1753 vive
1831 1705 1963 1754 vocis

173 1787 370 1838 oraculo
393 1788 482 1836 sibi
502 1788 648 1850 facto,
674 1789 1011 1837 assistentibus
1036 1789 1126 1837 sibi
1156 1789 1432 1838 reverendis
1462 1789 1510 1837 in
1533 1789 1723 1838 Christo
1745 1790 1961 1854 patribus

171 1873 272 1920 DD.
296 1872 524 1922 Ardicino
545 1872 802 1933 Aleriensi,
828 1877 877 1921 et
904 1872 1188 1921 Antoniotto
1210 1873 1432 1921 Auriensi
1461 1873 1703 1938 episcopis
1732 1876 1874 1922 Rmo.
1899 1876 1957 1921 D.

172 1955 566 2006 vicecancellario
593 1960 837 2022 presente,
872 1956 1170 2005 consecravit
1203 1959 1259 2004 R.
1295 1956 1343 2004 in
1375 1957 1564 2006 Christo
1593 1960 1645 2005 P.
1678 1960 1735 2005 D.
1761 1959 1966 2006 Bernar-

171 2038 340 2088 dinum
373 2041 587 2106 Carvajal
631 2041 916 2105 episcopum
954 2040 1316 2090 Astoricensem
1353 2041 1650 2090 serenissimi
1690 2041 1815 2105 regis
1854 2042 1962 2089 His-

171 2122 312 2187 panie
331 2123 382 2171 in
402 2124 530 2173 Urbe
553 2128 796 2173 oratorem
818 2129 866 2172 et
887 2123 930 2172 ei
954 2140 1130 2172 munus
1165 2125 1548 2174 consecrationis
1573 2125 1810 2190 impendit
1827 2140 1962 2174 more

172 2205 330 2257 solito.
354 2208 556 2257 Missam
582 2208 698 2256 dixit
719 2208 767 2255 in
785 2212 929 2257 cantu
950 2208 1074 2257 de...
1751 2274 1756 2279 θ

238 2292 379 2342 Feria
396 2295 670 2358 quarta,‘24
691 2292 984 2351 decembris,
1022 2292 1183 2356 vigilia
1215 2293 1475 2342 nativitatis
1508 2297 1565 2342 D.
1603 2295 1660 2342 N.
1697 2296 1738 2342 J.
1766 2292 1960 2353 Christi,

172 2379 340 2425 Rmus.
377 2379 434 2426 D.
466 2377 909 2437 vicecancellariuS‚
949 2382 1142 2442 paratus
1174 2379 1369 2439 amictu,
1407 2379 1534 2438 alba,
1570 2378 1783 2441 cinguIO,
1821 2394 1964 2428 cruce

170 2460 424 2526 pectorali,
450 2461 588 2522 stola,
616 2461 806 2526 pluviali
837 2462 1065 2526 pastorali
1094 2479 1152 2510 ex
1181 2463 1346 2527 perlis,
1382 2463 1523 2512 mitra
1545 2468 1590 2511 et
1613 2462 1790 2511 annulo
1811 2462 1966 2526 ponti-

171 2544 318 2605 ficali,
342 2545 391 2593 in
410 2545 611 2594 basilica
637 2562 676 2594 s,
703 2545 852 2601 Petri,
884 2548 1014 2610 Papa
1037 2547 1256 2606 absente,
1287 2546 1610 2595 cardinalibus
1634 2545 1960 2611 presentibuS,

173 2629 288 2677 lecit
305 2628 521 2678 officium
541 2629 872 2694 vespertinum
895 2630 1064 2678 ordine
1081 2634 1336 2679 consueto.

243 2715 296 2760 ln
315 2717 458 2762 nocte
478 2714 717 2777 sequenti,
749 2718 916 2762 Rmus.
951 2717 1008 2763 D.
1042 2714 1300 2763 cardinalis
1334 2715 1715 2764 Rechanatensis
1742 2714 1790 2762 in
1813 2730 1967 2779 cappa

180 2812 268 2845 sua
297 2796 604 2856 cardinalari,
641 2798 690 2845 in
723 2798 992 2846 faldistorio
1029 2804 1263 2849 consueto
1297 2800 1347 2847 in
1380 2815 1532 2848 cornu
1566 2798 1768 2862 epistole
1802 2797 1965 2846 altaris

180 2880 358 2946 posito,
394 2881 582 2945 peregit
619 2881 833 2929 officium
866 2883 1166 2943 matutinale,
1204 2887 1334 2948 Papa
1373 2884 1594 2942 absente,
1625 2882 1817 2932 RRmis.
1859 2885 1961 2930 DD.

184 2964 434 3013 Parmensi
459 2965 762 3030 presbytero,
806 2965 865 3013 de
906 2967 1056 3026 Fuxo,
1091 2983 1130 3014 s.
1167 2967 1358 3031 Georgii
1395 2967 1611 3016 diaconis
1647 2965 1968 3015 cardinalibus

182 3048 505 3113 presentibus.
546 3051 779 3097 Cantores
802 3052 984 3097 stantes
1012 3049 1059 3114 in
1088 3050 1237 3099 choro
1265 3051 1586 3099 cardinalium
1611 3050 1834 3098 dixerunt
1859 3054 1967 3098 octo

180 3132 415 3181 lectiones
449 3132 623 3196 quibus
657 3132 913 3181 cardinalis
942 3134 1324 3182 Rechanatensis
1351 3134 1622 3192 henedixit3
1648 3149 1826 3181 nonam
1854 3133 1972 3182 dixit

183 3216 285 3280 ipse
309 3216 688 3265 Rechanatensis
714 3217 764 3264 in
788 3216 899 3265 loco
916 3217 1053 3280 juxta
1075 3233 1215 3264 suum
1236 3217 1556 3265 faldistorium
1578 3216 1866 3281 predictum,
1892 3216 1969 3266 cui

182 3299 428 3349 benedixit
455 3300 710 3349 cardinalis
740 3301 1016 3350 Parmensis
1051 3301 1097 3348 in
1135 3301 1243 3349 loco
1276 3317 1363 3348 suo
1401 3301 1449 3348 in
1480 3300 1635 3349 banco
1658 3300 1969 3348 cardinalium

188 3390 337 3433 stans.
372 3384 527 3432 Finita
565 3399 692 3432 nona
734 3385 963 3445 lectione,
1013 3386 1141 3434 idem
1195 3385 1575 3435 Rechanatensis
1623 3389 1753 3435 stans
1796 3385 1970 3434 eodem
