<?xml version="1.0" encoding="UTF-8"?>
<!DOCTYPE html PUBLIC "-//W3C//DTD XHTML 1.0 Transitional//EN"
    "http://www.w3.org/TR/xhtml1/DTD/xhtml1-transitional.dtd">
<html xmlns="http://www.w3.org/1999/xhtml" xml:lang="en" lang="en">
 <head>
  <title>
</title>
<meta http-equiv="Content-Type" content="text/html;charset=utf-8" />
  <meta name='ocr-system' content='tesseract 3.04.00' />
  <meta name='ocr-capabilities' content='ocr_page ocr_carea ocr_par ocr_line ocrx_word'/>
</head>
<body>
  <div class='ocr_page' id='page_1' title='image "./diariumsivererum01burcuoft_0153.png"; bbox 0 0 2262 3958; ppageno 0'>
   <div class='ocr_carea' id='block_1_1' title="bbox 170 298 1955 346">
    <p class='ocr_par' dir='ltr' id='par_1_1' title="bbox 170 298 1955 346">
     <span class='ocr_line' id='line_1_1' title="bbox 170 298 1955 346; baseline -0.001 -6"><span class='ocrx_word' id='word_1_1' title='bbox 170 299 278 340; x_wconf 83' lang='lat' dir='ltr'>lAvril</span> <span class='ocrx_word' id='word_1_2' title='bbox 294 302 384 346; x_wconf 80' lang='lat'>1485]</span> <span class='ocrx_word' id='word_1_3' title='bbox 615 299 740 337; x_wconf 73' lang='lat' dir='ltr'>RERU</span> <span class='ocrx_word' id='word_1_4' title='bbox 747 301 783 337; x_wconf 87' lang='lat' dir='ltr'><strong>M</strong></span> <span class='ocrx_word' id='word_1_5' title='bbox 815 298 1120 337; x_wconf 66' lang='lat' dir='ltr'>URssANARUM</span> <span class='ocrx_word' id='word_1_6' title='bbox 1153 299 1504 338; x_wconf 78' lang='lat' dir='ltr'>COMMENTARII.</span> <span class='ocrx_word' id='word_1_7' title='bbox 1888 303 1955 339; x_wconf 79' lang='lat'>143</span> 
     </span>
    </p>
   </div>
   <div class='ocr_carea' id='block_1_2' title="bbox 168 403 1972 3509">
    <p class='ocr_par' dir='ltr' id='par_1_2' title="bbox 168 403 1962 1313">
     <span class='ocr_line' id='line_1_2' title="bbox 168 403 1955 470; baseline -0.003 -15"><span class='ocrx_word' id='word_1_8' title='bbox 168 405 544 470; x_wconf 86' lang='lat' dir='ltr'>predicti,·Papa</span> <span class='ocrx_word' id='word_1_9' title='bbox 564 404 783 463; x_wconf 90' lang='lat' dir='ltr'>absente,</span> <span class='ocrx_word' id='word_1_10' title='bbox 812 404 1057 452; x_wconf 70' lang='lat' dir='ltr'>benedixit</span> <span class='ocrx_word' id='word_1_11' title='bbox 1085 404 1270 468; x_wconf 86' lang='lat' dir='ltr'>palmas</span> <span class='ocrx_word' id='word_1_12' title='bbox 1291 420 1410 468; x_wconf 88' lang='lat' dir='ltr'>quas</span> <span class='ocrx_word' id='word_1_13' title='bbox 1432 403 1606 453; x_wconf 88' lang='lat' dir='ltr'>deiude</span> <span class='ocrx_word' id='word_1_14' title='bbox 1631 403 1955 452; x_wconf 80' lang='lat' dir='ltr'>cardinalibus</span> 
     </span>
     <span class='ocr_line' id='line_1_3' title="bbox 169 486 1957 552; baseline -0.002 -15"><span class='ocrx_word' id='word_1_15' title='bbox 169 488 410 539; x_wconf 72' lang='lat' dir='ltr'>distribuit</span> <span class='ocrx_word' id='word_1_16' title='bbox 437 494 485 537; x_wconf 88' lang='lat' dir='ltr'>et</span> <span class='ocrx_word' id='word_1_17' title='bbox 512 487 635 547; x_wconf 91' lang='lat' dir='ltr'>aliis,</span> <span class='ocrx_word' id='word_1_18' title='bbox 667 504 801 536; x_wconf 85' lang='lat' dir='ltr'>more</span> <span class='ocrx_word' id='word_1_19' title='bbox 824 493 1057 537; x_wconf 85' lang='lat' dir='ltr'>consueto</span> <span class='ocrx_word' id='word_1_20' title='bbox 1084 506 1093 536; x_wconf 89' lang='lat'><strong>:</strong></span> <span class='ocrx_word' id='word_1_21' title='bbox 1118 488 1245 536; x_wconf 88' lang='lat' dir='ltr'>facta</span> <span class='ocrx_word' id='word_1_22' title='bbox 1271 493 1344 537; x_wconf 91' lang='lat' dir='ltr'>est</span> <span class='ocrx_word' id='word_1_23' title='bbox 1385 488 1559 537; x_wconf 89' lang='lat' dir='ltr'>deinde</span> <span class='ocrx_word' id='word_1_24' title='bbox 1589 486 1839 552; x_wconf 82' lang='lat' dir='ltr'>processio</span> <span class='ocrx_word' id='word_1_25' title='bbox 1869 503 1957 551; x_wconf 87' lang='lat' dir='ltr'>per</span> 
     </span>
     <span class='ocr_line' id='line_1_4' title="bbox 170 571 1957 638; baseline -0.003 -14"><span class='ocrx_word' id='word_1_26' title='bbox 170 573 329 626; x_wconf 87' lang='lat' dir='ltr'>aulam</span> <span class='ocrx_word' id='word_1_27' title='bbox 356 573 595 638; x_wconf 87' lang='lat' dir='ltr'>maj0rem</span> <span class='ocrx_word' id='word_1_28' title='bbox 624 587 777 635; x_wconf 88' lang='lat' dir='ltr'>usque</span> <span class='ocrx_word' id='word_1_29' title='bbox 806 571 866 619; x_wconf 91' lang='lat' dir='ltr'>ad</span> <span class='ocrx_word' id='word_1_30' title='bbox 893 571 1090 619; x_wconf 89' lang='lat' dir='ltr'>lobiam.</span> <span class='ocrx_word' id='word_1_31' title='bbox 1130 572 1215 631; x_wconf 90' lang='lat' dir='ltr'>lbi,</span> <span class='ocrx_word' id='word_1_32' title='bbox 1250 572 1378 620; x_wconf 90' lang='lat' dir='ltr'>idem</span> <span class='ocrx_word' id='word_1_33' title='bbox 1415 572 1686 631; x_wconf 88' lang='lat' dir='ltr'>celebrans,</span> <span class='ocrx_word' id='word_1_34' title='bbox 1726 572 1957 621; x_wconf 89' lang='lat' dir='ltr'>assisten-</span> 
     </span>
     <span class='ocr_line' id='line_1_5' title="bbox 172 654 1960 722; baseline -0.001 -15"><span class='ocrx_word' id='word_1_35' title='bbox 172 658 299 707; x_wconf 83' lang='lat' dir='ltr'>tibus</span> <span class='ocrx_word' id='word_1_36' title='bbox 321 657 410 706; x_wconf 90' lang='lat' dir='ltr'>sibi</span> <span class='ocrx_word' id='word_1_37' title='bbox 433 655 647 705; x_wconf 88' lang='lat' dir='ltr'>diaconis</span> <span class='ocrx_word' id='word_1_38' title='bbox 669 654 1009 716; x_wconf 77' lang='lat' dir='ltr'>cardinalibus,</span> <span class='ocrx_word' id='word_1_39' title='bbox 1040 656 1243 719; x_wconf 89' lang='lat' dir='ltr'>projecit</span> <span class='ocrx_word' id='word_1_40' title='bbox 1265 658 1449 720; x_wconf 89' lang='lat' dir='ltr'>palmas</span> <span class='ocrx_word' id='word_1_41' title='bbox 1474 658 1672 722; x_wconf 90' lang='lat' dir='ltr'>populo,</span> <span class='ocrx_word' id='word_1_42' title='bbox 1702 656 1876 706; x_wconf 90' lang='lat' dir='ltr'>deinde</span> <span class='ocrx_word' id='word_1_43' title='bbox 1898 656 1960 705; x_wconf 88' lang='lat' dir='ltr'>ad</span> 
     </span>
     <span class='ocr_line' id='line_1_6' title="bbox 174 740 1955 808; baseline -0.003 -16"><span class='ocrx_word' id='word_1_44' title='bbox 174 743 410 808; x_wconf 87' lang='lat' dir='ltr'>capellam</span> <span class='ocrx_word' id='word_1_45' title='bbox 440 761 678 803; x_wconf 90' lang='lat' dir='ltr'>reversus,</span> <span class='ocrx_word' id='word_1_46' title='bbox 724 741 980 792; x_wconf 90' lang='lat' dir='ltr'>celebravit</span> <span class='ocrx_word' id='word_1_47' title='bbox 1019 740 1217 787; x_wconf 86' lang='lat' dir='ltr'>missam</span> <span class='ocrx_word' id='word_1_48' title='bbox 1257 741 1544 790; x_wconf 85' lang='lat' dir='ltr'>solemnem.</span> <span class='ocrx_word' id='word_1_49' title='bbox 1589 741 1869 799; x_wconf 88' lang='lat' dir='ltr'>Celebrans,</span> <span class='ocrx_word' id='word_1_50' title='bbox 1908 740 1955 788; x_wconf 91' lang='lat' dir='ltr'>in</span> 
     </span>
     <span class='ocr_line' id='line_1_7' title="bbox 174 824 1959 894; baseline -0.003 -16"><span class='ocrx_word' id='word_1_51' title='bbox 174 829 585 894; x_wconf 80' lang='lat' dir='ltr'>processionibus,</span> <span class='ocrx_word' id='word_1_52' title='bbox 617 844 731 876; x_wconf 88' lang='lat' dir='ltr'>usus</span> <span class='ocrx_word' id='word_1_53' title='bbox 762 831 836 875; x_wconf 88' lang='lat' dir='ltr'>est</span> <span class='ocrx_word' id='word_1_54' title='bbox 867 825 1059 890; x_wconf 88' lang='lat' dir='ltr'>pluviali</span> <span class='ocrx_word' id='word_1_55' title='bbox 1089 840 1176 873; x_wconf 90' lang='lat' dir='ltr'>suo</span> <span class='ocrx_word' id='word_1_56' title='bbox 1212 824 1451 884; x_wconf 82' lang='lat' dir='ltr'>violace03</span> <span class='ocrx_word' id='word_1_57' title='bbox 1490 826 1720 873; x_wconf 89' lang='lat' dir='ltr'>diaconus</span> <span class='ocrx_word' id='word_1_58' title='bbox 1760 841 1873 873; x_wconf 90' lang='lat' dir='ltr'>vero</span> <span class='ocrx_word' id='word_1_59' title='bbox 1912 828 1959 873; x_wconf 91' lang='lat' dir='ltr'>et</span> 
     </span>
     <span class='ocr_line' id='line_1_8' title="bbox 176 909 1958 973; baseline -0.004 -11"><span class='ocrx_word' id='word_1_60' title='bbox 176 913 496 962; x_wconf 80' lang='lat' dir='ltr'>subdiaconus</span> <span class='ocrx_word' id='word_1_61' title='bbox 524 911 782 960; x_wconf 88' lang='lat' dir='ltr'>dalmatica·</span> <span class='ocrx_word' id='word_1_62' title='bbox 804 914 852 959; x_wconf 93' lang='lat' dir='ltr'>et</span> <span class='ocrx_word' id='word_1_63' title='bbox 872 909 1098 959; x_wconf 79' lang='lat' dir='ltr'>tunicella</span> <span class='ocrx_word' id='word_1_64' title='bbox 1123 909 1392 973; x_wconf 89' lang='lat' dir='ltr'>paramenti</span> <span class='ocrx_word' id='word_1_65' title='bbox 1421 909 1655 958; x_wconf 83' lang='lat' dir='ltr'>Bonifacii</span> <span class='ocrx_word' id='word_1_66' title='bbox 1680 912 1809 972; x_wconf 88' lang='lat' dir='ltr'>Pape</span> <span class='ocrx_word' id='word_1_67' title='bbox 1834 909 1958 972; x_wconf 81' lang='lat' dir='ltr'>nigri</span> 
     </span>
     <span class='ocr_line' id='line_1_9' title="bbox 174 992 1959 1059; baseline -0.002 -15"><span class='ocrx_word' id='word_1_68' title='bbox 174 995 371 1046; x_wconf 87' lang='lat' dir='ltr'>floribus</span> <span class='ocrx_word' id='word_1_69' title='bbox 390 995 616 1043; x_wconf 87' lang='lat' dir='ltr'>viridibus</span> <span class='ocrx_word' id='word_1_70' title='bbox 645 995 846 1059; x_wconf 88' lang='lat' dir='ltr'>pulchre</span> <span class='ocrx_word' id='word_1_71' title='bbox 874 995 1060 1044; x_wconf 78' lang='lat' dir='ltr'>intexti.</span> <span class='ocrx_word' id='word_1_72' title='bbox 1090 994 1186 1043; x_wconf 88' lang='lat' dir='ltr'>Sed</span> <span class='ocrx_word' id='word_1_73' title='bbox 1212 1010 1300 1058; x_wconf 92' lang='lat' dir='ltr'>pro</span> <span class='ocrx_word' id='word_1_74' title='bbox 1329 993 1478 1042; x_wconf 87' lang='lat' dir='ltr'>missa</span> <span class='ocrx_word' id='word_1_75' title='bbox 1505 994 1632 1043; x_wconf 91' lang='lat' dir='ltr'>idem</span> <span class='ocrx_word' id='word_1_76' title='bbox 1661 992 1895 1041; x_wconf 89' lang='lat' dir='ltr'>diaconus</span> <span class='ocrx_word' id='word_1_77' title='bbox 1912 996 1959 1040; x_wconf 88' lang='lat' dir='ltr'>et</span> 
     </span>
     <span class='ocr_line' id='line_1_10' title="bbox 172 1076 1961 1144; baseline -0.002 -17"><span class='ocrx_word' id='word_1_78' title='bbox 172 1079 514 1140; x_wconf 81' lang='lat' dir='ltr'>subdiaconus,</span> <span class='ocrx_word' id='word_1_79' title='bbox 559 1079 770 1128; x_wconf 85' lang='lat' dir='ltr'>dimissis</span> <span class='ocrx_word' id='word_1_80' title='bbox 819 1080 1075 1144; x_wconf 80' lang='lat' dir='ltr'>predictis,</span> <span class='ocrx_word' id='word_1_81' title='bbox 1128 1083 1420 1143; x_wconf 89' lang='lat' dir='ltr'>acceperunt</span> <span class='ocrx_word' id='word_1_82' title='bbox 1459 1078 1675 1142; x_wconf 76' lang='lat' dir='ltr'>planetas</span> <span class='ocrx_word' id='word_1_83' title='bbox 1722 1076 1961 1125; x_wconf 79' lang='lat' dir='ltr'>violaceas</span> 
     </span>
     <span class='ocr_line' id='line_1_11' title="bbox 171 1159 1962 1228; baseline -0.003 -16"><span class='ocrx_word' id='word_1_84' title='bbox 171 1166 293 1212; x_wconf 49' lang='lat' dir='ltr'>antc‘</span> <span class='ocrx_word' id='word_1_85' title='bbox 303 1165 474 1227; x_wconf 89' lang='lat' dir='ltr'>pectus</span> <span class='ocrx_word' id='word_1_86' title='bbox 495 1162 720 1227; x_wconf 89' lang='lat' dir='ltr'>plicatas;</span> <span class='ocrx_word' id='word_1_87' title='bbox 749 1164 1001 1213; x_wconf 89' lang='lat' dir='ltr'>celebrans</span> <span class='ocrx_word' id='word_1_88' title='bbox 1030 1178 1143 1212; x_wconf 89' lang='lat' dir='ltr'>vero</span> <span class='ocrx_word' id='word_1_89' title='bbox 1171 1163 1415 1228; x_wconf 84' lang='lat' dir='ltr'>planetam</span> <span class='ocrx_word' id='word_1_90' title='bbox 1438 1161 1671 1211; x_wconf 81' lang='lat' dir='ltr'>Bonifacii</span> <span class='ocrx_word' id='word_1_91' title='bbox 1701 1159 1962 1225; x_wconf 85' lang='lat' dir='ltr'>supradicti</span> 
     </span>
     <span class='ocr_line' id='line_1_12' title="bbox 171 1246 1395 1313; baseline -0.001 -18"><span class='ocrx_word' id='word_1_92' title='bbox 171 1261 318 1310; x_wconf 87' lang='lat' dir='ltr'>quam</span> <span class='ocrx_word' id='word_1_93' title='bbox 343 1246 545 1296; x_wconf 84' lang='lat' dir='ltr'>sacrista</span> <span class='ocrx_word' id='word_1_94' title='bbox 565 1263 702 1297; x_wconf 89' lang='lat' dir='ltr'>more</span> <span class='ocrx_word' id='word_1_95' title='bbox 723 1264 811 1297; x_wconf 90' lang='lat' dir='ltr'>suo</span> <span class='ocrx_word' id='word_1_96' title='bbox 830 1264 1055 1313; x_wconf 88' lang='lat' dir='ltr'>perverso</span> <span class='ocrx_word' id='word_1_97' title='bbox 1078 1248 1395 1297; x_wconf 84' lang='lat' dir='ltr'>ordinaverat.</span> 
     </span>
    </p>

    <p class='ocr_par' dir='ltr' id='par_1_3' title="bbox 170 1330 1965 1734">
     <span class='ocr_line' id='line_1_13' title="bbox 237 1330 1961 1397; baseline 0 -17"><span class='ocrx_word' id='word_1_98' title='bbox 237 1331 376 1382; x_wconf 84' lang='lat' dir='ltr'>Feria</span> <span class='ocrx_word' id='word_1_99' title='bbox 401 1336 573 1396; x_wconf 88' lang='lat' dir='ltr'>quarta</span> <span class='ocrx_word' id='word_1_100' title='bbox 596 1333 795 1397; x_wconf 88' lang='lat' dir='ltr'>majoris</span> <span class='ocrx_word' id='word_1_101' title='bbox 822 1332 1128 1382; x_wconf 85' lang='lat' dir='ltr'>hebdomade</span> <span class='ocrx_word' id='word_1_102' title='bbox 1159 1332 1304 1391; x_wconf 85' lang='lat' dir='ltr'>dicte,</span> <span class='ocrx_word' id='word_1_103' title='bbox 1336 1331 1532 1379; x_wconf 89' lang='lat' dir='ltr'>fuerunt</span> <span class='ocrx_word' id='word_1_104' title='bbox 1559 1330 1794 1380; x_wconf 88' lang='lat' dir='ltr'>matutine</span> <span class='ocrx_word' id='word_1_105' title='bbox 1823 1334 1961 1393; x_wconf 84' lang='lat' dir='ltr'>tene-</span> 
     </span>
     <span class='ocr_line' id='line_1_14' title="bbox 170 1414 1959 1482; baseline 0.001 -19"><span class='ocrx_word' id='word_1_106' title='bbox 170 1414 363 1464; x_wconf 88' lang='lat' dir='ltr'>brarum</span> <span class='ocrx_word' id='word_1_107' title='bbox 396 1416 446 1465; x_wconf 91' lang='lat' dir='ltr'>in</span> <span class='ocrx_word' id='word_1_108' title='bbox 477 1416 664 1481; x_wconf 88' lang='lat' dir='ltr'>capella</span> <span class='ocrx_word' id='word_1_109' title='bbox 691 1418 846 1482; x_wconf 89' lang='lat' dir='ltr'>mjore</span> <span class='ocrx_word' id='word_1_110' title='bbox 876 1416 1094 1481; x_wconf 86' lang='lat' dir='ltr'>predicta</span> <span class='ocrx_word' id='word_1_111' title='bbox 1127 1432 1263 1466; x_wconf 91' lang='lat' dir='ltr'>more</span> <span class='ocrx_word' id='word_1_112' title='bbox 1295 1420 1550 1475; x_wconf 83' lang='lat' dir='ltr'>consuete,</span> <span class='ocrx_word' id='word_1_113' title='bbox 1582 1418 1711 1479; x_wconf 89' lang='lat' dir='ltr'>Papa</span> <span class='ocrx_word' id='word_1_114' title='bbox 1737 1416 1959 1477; x_wconf 88' lang='lat' dir='ltr'>absente,</span> 
     </span>
     <span class='ocr_line' id='line_1_15' title="bbox 173 1500 1965 1566; baseline -0.001 -18"><span class='ocrx_word' id='word_1_115' title='bbox 173 1500 366 1549; x_wconf 88' lang='lat' dir='ltr'>RRmis.</span> <span class='ocrx_word' id='word_1_116' title='bbox 392 1502 492 1550; x_wconf 91' lang='lat' dir='ltr'>DD.</span> <span class='ocrx_word' id='word_1_117' title='bbox 518 1501 841 1551; x_wconf 86' lang='lat' dir='ltr'>cardinalibus</span> <span class='ocrx_word' id='word_1_118' title='bbox 862 1502 1189 1566; x_wconf 89' lang='lat' dir='ltr'>presentibus.</span> <span class='ocrx_word' id='word_1_119' title='bbox 1215 1506 1379 1552; x_wconf 92' lang='lat' dir='ltr'>Rmus.</span> <span class='ocrx_word' id='word_1_120' title='bbox 1396 1504 1454 1550; x_wconf 93' lang='lat' dir='ltr'>D.</span> <span class='ocrx_word' id='word_1_121' title='bbox 1477 1500 1733 1549; x_wconf 88' lang='lat' dir='ltr'>cardinalis</span> <span class='ocrx_word' id='word_1_122' title='bbox 1749 1501 1965 1550; x_wconf 91' lang='lat' dir='ltr'>vicecan-</span> 
     </span>
     <span class='ocr_line' id='line_1_16' title="bbox 173 1585 1963 1650; baseline -0.002 -15"><span class='ocrx_word' id='word_1_123' title='bbox 173 1585 396 1635; x_wconf 86' lang='lat' dir='ltr'>cellarius</span> <span class='ocrx_word' id='word_1_124' title='bbox 430 1585 506 1634; x_wconf 86' lang='lat' dir='ltr'>die</span> <span class='ocrx_word' id='word_1_125' title='bbox 539 1586 750 1634; x_wconf 90' lang='lat' dir='ltr'>crastina</span> <span class='ocrx_word' id='word_1_126' title='bbox 781 1586 1112 1635; x_wconf 87' lang='lat' dir='ltr'>celebraturus</span> <span class='ocrx_word' id='word_1_127' title='bbox 1148 1586 1265 1635; x_wconf 89' lang='lat' dir='ltr'>dixit</span> <span class='ocrx_word' id='word_1_128' title='bbox 1301 1586 1571 1636; x_wconf 89' lang='lat' dir='ltr'>orationem</span> <span class='ocrx_word' id='word_1_129' title='bbox 1610 1602 1619 1634; x_wconf 93' lang='lat'>:</span> <span class='ocrx_word' id='word_1_130' title='bbox 1657 1585 1963 1650; x_wconf 72' lang='lat' dir='ltr'>Omnipotens</span> 
     </span>
     <span class='ocr_line' id='line_1_17' title="bbox 175 1660 675 1734; baseline 0.002 -17"><span class='ocrx_word' id='word_1_131' title='bbox 175 1660 308 1718; x_wconf 64' lang='lat' dir='ltr'>Deus</span> <span class='ocrx_word' id='word_1_132' title='bbox 327 1670 520 1734; x_wconf 76' lang='lat' dir='ltr'>respice,</span> <span class='ocrx_word' id='word_1_133' title='bbox 545 1677 630 1718; x_wconf 78' lang='lat' dir='ltr'>etc.</span> <span class='ocrx_word' id='word_1_134' title='bbox 644 1708 675 1718; x_wconf 88' lang='lat'>..</span> 
     </span>
    </p>

    <p class='ocr_par' dir='ltr' id='par_1_4' title="bbox 175 1752 1972 3164">
     <span class='ocr_line' id='line_1_18' title="bbox 242 1752 1958 1818; baseline -0.001 -17"><span class='ocrx_word' id='word_1_135' title='bbox 242 1753 381 1802; x_wconf 87' lang='lat' dir='ltr'>Feria</span> <span class='ocrx_word' id='word_1_136' title='bbox 396 1753 564 1817; x_wconf 89' lang='lat' dir='ltr'>quinta</span> <span class='ocrx_word' id='word_1_137' title='bbox 577 1754 799 1818; x_wconf 87' lang='lat' dir='ltr'>ejusdem</span> <span class='ocrx_word' id='word_1_138' title='bbox 816 1753 1141 1813; x_wconf 88' lang='lat' dir='ltr'>hebdomade,</span> <span class='ocrx_word' id='word_1_139' title='bbox 1155 1752 1277 1817; x_wconf 89' lang='lat' dir='ltr'>jovis</span> <span class='ocrx_word' id='word_1_140' title='bbox 1297 1757 1462 1802; x_wconf 89' lang='lat' dir='ltr'>sancte</span> <span class='ocrx_word' id='word_1_141' title='bbox 1479 1757 1772 1817; x_wconf 91' lang='lat' dir='ltr'>nuncupata,</span> <span class='ocrx_word' id='word_1_142' title='bbox 1791 1755 1958 1801; x_wconf 87' lang='lat' dir='ltr'>Rmus.</span> 
     </span>
     <span class='ocr_line' id='line_1_19' title="bbox 177 1836 1967 1903; baseline -0.002 -15"><span class='ocrx_word' id='word_1_143' title='bbox 177 1837 233 1887; x_wconf 84' lang='lat' dir='ltr'>D.</span> <span class='ocrx_word' id='word_1_144' title='bbox 289 1837 546 1888; x_wconf 82' lang='lat' dir='ltr'>cardinalis</span> <span class='ocrx_word' id='word_1_145' title='bbox 587 1838 1029 1898; x_wconf 87' lang='lat' dir='ltr'>vicecancellarius,</span> <span class='ocrx_word' id='word_1_146' title='bbox 1069 1842 1264 1903; x_wconf 86' lang='lat' dir='ltr'>paratus</span> <span class='ocrx_word' id='word_1_147' title='bbox 1310 1853 1446 1887; x_wconf 86' lang='lat' dir='ltr'>more</span> <span class='ocrx_word' id='word_1_148' title='bbox 1496 1838 1661 1898; x_wconf 80' lang='lat' dir='ltr'>solitO,</span> <span class='ocrx_word' id='word_1_149' title='bbox 1708 1836 1967 1887; x_wconf 85' lang='lat' dir='ltr'>celebravit</span> 
     </span>
     <span class='ocr_line' id='line_1_20' title="bbox 175 1917 1966 1988; baseline -0.001 -16"><span class='ocrx_word' id='word_1_150' title='bbox 175 1923 374 1972; x_wconf 88' lang='lat' dir='ltr'>missam</span> <span class='ocrx_word' id='word_1_151' title='bbox 416 1922 704 1985; x_wconf 90' lang='lat' dir='ltr'>solemnem,</span> <span class='ocrx_word' id='word_1_152' title='bbox 749 1917 879 1988; x_wconf 83' lang='lat' dir='ltr'>Papa</span> <span class='ocrx_word' id='word_1_153' title='bbox 917 1923 1136 1983; x_wconf 87' lang='lat' dir='ltr'>absente,</span> <span class='ocrx_word' id='word_1_154' title='bbox 1183 1922 1503 1971; x_wconf 87' lang='lat' dir='ltr'>cardinalibus</span> <span class='ocrx_word' id='word_1_155' title='bbox 1542 1922 1868 1986; x_wconf 82' lang='lat' dir='ltr'>presentibuS,</span> <span class='ocrx_word' id='word_1_156' title='bbox 1917 1922 1966 1970; x_wconf 93' lang='lat' dir='ltr'>in</span> 
     </span>
     <span class='ocr_line' id='line_1_21' title="bbox 175 2005 1968 2073; baseline -0.002 -15"><span class='ocrx_word' id='word_1_157' title='bbox 175 2005 360 2073; x_wconf 87' lang='lat' dir='ltr'>capella</span> <span class='ocrx_word' id='word_1_158' title='bbox 378 2007 597 2073; x_wconf 88' lang='lat' dir='ltr'>predicta</span> <span class='ocrx_word' id='word_1_159' title='bbox 622 2024 631 2056; x_wconf 94' lang='lat'>:</span> <span class='ocrx_word' id='word_1_160' title='bbox 657 2023 752 2072; x_wconf 90' lang='lat' dir='ltr'>qua</span> <span class='ocrx_word' id='word_1_161' title='bbox 766 2008 922 2067; x_wconf 85' lang='lat' dir='ltr'>finita,</span> <span class='ocrx_word' id='word_1_162' title='bbox 942 2007 1146 2072; x_wconf 87' lang='lat' dir='ltr'>portavit</span> <span class='ocrx_word' id='word_1_163' title='bbox 1169 2011 1527 2056; x_wconf 87' lang='lat' dir='ltr'>sacramentum</span> <span class='ocrx_word' id='word_1_164' title='bbox 1550 2022 1637 2072; x_wconf 90' lang='lat' dir='ltr'>pro</span> <span class='ocrx_word' id='word_1_165' title='bbox 1660 2006 1736 2055; x_wconf 90' lang='lat' dir='ltr'>die</span> <span class='ocrx_word' id='word_1_166' title='bbox 1759 2007 1968 2056; x_wconf 88' lang='lat' dir='ltr'>crastina</span> 
     </span>
     <span class='ocr_line' id='line_1_22' title="bbox 176 2090 1961 2155; baseline -0.001 -15"><span class='ocrx_word' id='word_1_167' title='bbox 176 2091 559 2142; x_wconf 82' lang='lat' dir='ltr'>conservandum</span> <span class='ocrx_word' id='word_1_168' title='bbox 573 2091 641 2145; x_wconf 62' lang='lat' dir='ltr'>,de</span> <span class='ocrx_word' id='word_1_169' title='bbox 661 2091 787 2140; x_wconf 88' lang='lat' dir='ltr'>dicta</span> <span class='ocrx_word' id='word_1_170' title='bbox 805 2091 881 2139; x_wconf 90' lang='lat' dir='ltr'>die</span> <span class='ocrx_word' id='word_1_171' title='bbox 900 2090 961 2139; x_wconf 89' lang='lat' dir='ltr'>ad</span> <span class='ocrx_word' id='word_1_172' title='bbox 987 2091 1228 2139; x_wconf 89' lang='lat' dir='ltr'>minorem</span> <span class='ocrx_word' id='word_1_173' title='bbox 1255 2090 1491 2155; x_wconf 89' lang='lat' dir='ltr'>capellam</span> <span class='ocrx_word' id='word_1_174' title='bbox 1515 2090 1961 2155; x_wconf 83' lang='lat' dir='ltr'>processionaliter,</span> 
     </span>
     <span class='ocr_line' id='line_1_23' title="bbox 177 2174 1967 2241; baseline -0.001 -17"><span class='ocrx_word' id='word_1_175' title='bbox 177 2174 501 2225; x_wconf 80' lang='lat' dir='ltr'>cardinalibus</span> <span class='ocrx_word' id='word_1_176' title='bbox 529 2181 578 2226; x_wconf 86' lang='lat' dir='ltr'>et</span> <span class='ocrx_word' id='word_1_177' title='bbox 604 2175 800 2241; x_wconf 90' lang='lat' dir='ltr'>prelatis</span> <span class='ocrx_word' id='word_1_178' title='bbox 828 2191 884 2224; x_wconf 88' lang='lat' dir='ltr'>ac</span> <span class='ocrx_word' id='word_1_179' title='bbox 915 2174 1019 2224; x_wconf 89' lang='lat' dir='ltr'>aliis</span> <span class='ocrx_word' id='word_1_180' title='bbox 1050 2175 1210 2239; x_wconf 91' lang='lat' dir='ltr'>ipsum</span> <span class='ocrx_word' id='word_1_181' title='bbox 1237 2175 1286 2222; x_wconf 91' lang='lat' dir='ltr'>in</span> <span class='ocrx_word' id='word_1_182' title='bbox 1314 2182 1482 2223; x_wconf 88' lang='lat' dir='ltr'>eorum</span> <span class='ocrx_word' id='word_1_183' title='bbox 1516 2174 1682 2238; x_wconf 88' lang='lat' dir='ltr'>cappis</span> <span class='ocrx_word' id='word_1_184' title='bbox 1716 2175 1967 2224; x_wconf 89' lang='lat' dir='ltr'>associan-</span> 
     </span>
     <span class='ocr_line' id='line_1_24' title="bbox 179 2258 1969 2324; baseline 0 -16"><span class='ocrx_word' id='word_1_185' title='bbox 179 2258 306 2309; x_wconf 88' lang='lat' dir='ltr'>tibus</span> <span class='ocrx_word' id='word_1_186' title='bbox 340 2274 350 2308; x_wconf 89' lang='lat'><strong>:</strong></span> <span class='ocrx_word' id='word_1_187' title='bbox 386 2258 559 2309; x_wconf 88' lang='lat' dir='ltr'>deinde</span> <span class='ocrx_word' id='word_1_188' title='bbox 599 2260 649 2308; x_wconf 92' lang='lat' dir='ltr'>in</span> <span class='ocrx_word' id='word_1_189' title='bbox 686 2260 828 2309; x_wconf 89' lang='lat' dir='ltr'>tertia</span> <span class='ocrx_word' id='word_1_190' title='bbox 861 2261 985 2321; x_wconf 88' lang='lat' dir='ltr'>aula,</span> <span class='ocrx_word' id='word_1_191' title='bbox 1033 2259 1243 2308; x_wconf 88' lang='lat' dir='ltr'>dimissis</span> <span class='ocrx_word' id='word_1_192' title='bbox 1275 2259 1571 2324; x_wconf 87' lang='lat' dir='ltr'>paramentis</span> <span class='ocrx_word' id='word_1_193' title='bbox 1607 2259 1882 2308; x_wconf 88' lang='lat' dir='ltr'>missalibus</span> <span class='ocrx_word' id='word_1_194' title='bbox 1920 2260 1969 2308; x_wconf 93' lang='lat' dir='ltr'>in</span> 
     </span>
     <span class='ocr_line' id='line_1_25' title="bbox 180 2343 1972 2409; baseline 0 -16"><span class='ocrx_word' id='word_1_195' title='bbox 180 2343 364 2409; x_wconf 83' lang='lat' dir='ltr'>capella</span> <span class='ocrx_word' id='word_1_196' title='bbox 394 2358 541 2408; x_wconf 88' lang='lat' dir='ltr'>parva</span> <span class='ocrx_word' id='word_1_197' title='bbox 580 2343 797 2408; x_wconf 91' lang='lat' dir='ltr'>predicta</span> <span class='ocrx_word' id='word_1_198' title='bbox 830 2348 877 2393; x_wconf 91' lang='lat' dir='ltr'>et</span> <span class='ocrx_word' id='word_1_199' title='bbox 905 2345 1086 2395; x_wconf 88' lang='lat' dir='ltr'>ibidem</span> <span class='ocrx_word' id='word_1_200' title='bbox 1119 2345 1311 2409; x_wconf 88' lang='lat' dir='ltr'>pluviali</span> <span class='ocrx_word' id='word_1_201' title='bbox 1345 2345 1556 2394; x_wconf 89' lang='lat' dir='ltr'>violaceo</span> <span class='ocrx_word' id='word_1_202' title='bbox 1592 2360 1647 2394; x_wconf 89' lang='lat' dir='ltr'>ac</span> <span class='ocrx_word' id='word_1_203' title='bbox 1687 2345 1820 2409; x_wconf 89' lang='lat' dir='ltr'>prius</span> <span class='ocrx_word' id='word_1_204' title='bbox 1846 2344 1972 2393; x_wconf 88' lang='lat' dir='ltr'>stola</span> 
     </span>
     <span class='ocr_line' id='line_1_26' title="bbox 178 2425 1970 2495; baseline 0.001 -18"><span class='ocrx_word' id='word_1_205' title='bbox 178 2425 391 2479; x_wconf 79' lang='lat' dir='ltr'>violacea</span> <span class='ocrx_word' id='word_1_206' title='bbox 410 2428 624 2494; x_wconf 88' lang='lat' dir='ltr'>acceptis</span> <span class='ocrx_word' id='word_1_207' title='bbox 649 2433 697 2478; x_wconf 90' lang='lat' dir='ltr'>et</span> <span class='ocrx_word' id='word_1_208' title='bbox 718 2428 861 2478; x_wconf 89' lang='lat' dir='ltr'>mitra</span> <span class='ocrx_word' id='word_1_209' title='bbox 882 2429 1106 2495; x_wconf 85' lang='lat' dir='ltr'>simplici,</span> <span class='ocrx_word' id='word_1_210' title='bbox 1137 2428 1251 2478; x_wconf 89' lang='lat' dir='ltr'>lavit</span> <span class='ocrx_word' id='word_1_211' title='bbox 1276 2429 1424 2494; x_wconf 89' lang='lat' dir='ltr'>pedes</span> <span class='ocrx_word' id='word_1_212' title='bbox 1444 2428 1679 2478; x_wconf 86' lang='lat' dir='ltr'>tredecim</span> <span class='ocrx_word' id='word_1_213' title='bbox 1701 2444 1970 2495; x_wconf 89' lang='lat' dir='ltr'>pauperum</span> 
     </span>
     <span class='ocr_line' id='line_1_27' title="bbox 181 2511 1970 2573; baseline 0 -11"><span class='ocrx_word' id='word_1_214' title='bbox 181 2513 350 2563; x_wconf 80' lang='lat' dir='ltr'>ordine</span> <span class='ocrx_word' id='word_1_215' title='bbox 371 2513 420 2562; x_wconf 91' lang='lat' dir='ltr'>in</span> <span class='ocrx_word' id='word_1_216' title='bbox 441 2512 754 2563; x_wconf 87' lang='lat' dir='ltr'>ceremoniali</span> <span class='ocrx_word' id='word_1_217' title='bbox 776 2513 908 2573; x_wconf 81' lang='lat' dir='ltr'>date,</span> <span class='ocrx_word' id='word_1_218' title='bbox 941 2513 1019 2563; x_wconf 89' lang='lat' dir='ltr'>cui</span> <span class='ocrx_word' id='word_1_219' title='bbox 1044 2513 1214 2562; x_wconf 88' lang='lat' dir='ltr'>lotioni</span> <span class='ocrx_word' id='word_1_220' title='bbox 1239 2513 1396 2562; x_wconf 88' lang='lat' dir='ltr'>nullus</span> <span class='ocrx_word' id='word_1_221' title='bbox 1421 2514 1624 2564; x_wconf 86' lang='lat' dir='ltr'>aliorum</span> <span class='ocrx_word' id='word_1_222' title='bbox 1652 2511 1970 2564; x_wconf 88' lang='lat' dir='ltr'>cardinalium</span> 
     </span>
     <span class='ocr_line' id='line_1_28' title="bbox 180 2594 1971 2663; baseline 0 -17"><span class='ocrx_word' id='word_1_223' title='bbox 180 2597 397 2647; x_wconf 80' lang='lat' dir='ltr'>interfuit</span> <span class='ocrx_word' id='word_1_224' title='bbox 421 2611 549 2662; x_wconf 87' lang='lat' dir='ltr'>:quo</span> <span class='ocrx_word' id='word_1_225' title='bbox 579 2594 726 2658; x_wconf 82' lang='lat' dir='ltr'>facto,</span> <span class='ocrx_word' id='word_1_226' title='bbox 756 2602 803 2647; x_wconf 87' lang='lat' dir='ltr'>et</span> <span class='ocrx_word' id='word_1_227' title='bbox 829 2597 933 2662; x_wconf 89' lang='lat' dir='ltr'>ipse</span> <span class='ocrx_word' id='word_1_228' title='bbox 967 2599 1012 2646; x_wconf 89' lang='lat' dir='ltr'>in</span> <span class='ocrx_word' id='word_1_229' title='bbox 1037 2598 1269 2663; x_wconf 89' lang='lat' dir='ltr'>palatium</span> <span class='ocrx_word' id='word_1_230' title='bbox 1297 2614 1436 2647; x_wconf 90' lang='lat' dir='ltr'>suum</span> <span class='ocrx_word' id='word_1_231' title='bbox 1464 2599 1620 2648; x_wconf 89' lang='lat' dir='ltr'>rediit.</span> <span class='ocrx_word' id='word_1_232' title='bbox 1652 2601 1757 2648; x_wconf 92' lang='lat' dir='ltr'>Non</span> <span class='ocrx_word' id='word_1_233' title='bbox 1776 2599 1971 2648; x_wconf 81' lang='lat' dir='ltr'>suerunt</span> 
     </span>
     <span class='ocr_line' id='line_1_29' title="bbox 179 2679 1966 2748; baseline 0.001 -19"><span class='ocrx_word' id='word_1_234' title='bbox 179 2679 293 2730; x_wconf 89' lang='lat' dir='ltr'>lecti</span> <span class='ocrx_word' id='word_1_235' title='bbox 336 2697 610 2746; x_wconf 87' lang='lat' dir='ltr'>processus,</span> <span class='ocrx_word' id='word_1_236' title='bbox 654 2685 785 2747; x_wconf 86' lang='lat' dir='ltr'>Papa</span> <span class='ocrx_word' id='word_1_237' title='bbox 827 2687 1073 2747; x_wconf 86' lang='lat' dir='ltr'>presente,</span> <span class='ocrx_word' id='word_1_238' title='bbox 1108 2682 1203 2748; x_wconf 85' lang='lat' dir='ltr'>legi</span> <span class='ocrx_word' id='word_1_239' title='bbox 1247 2683 1490 2733; x_wconf 89' lang='lat' dir='ltr'>consueti.</span> <span class='ocrx_word' id='word_1_240' title='bbox 1535 2686 1649 2732; x_wconf 87' lang='lat' dir='ltr'>Post</span> <span class='ocrx_word' id='word_1_241' title='bbox 1690 2682 1966 2748; x_wconf 84' lang='lat' dir='ltr'>prandium,</span> 
     </span>
     <span class='ocr_line' id='line_1_30' title="bbox 181 2751 1970 2832; baseline 0 -18"><span class='ocrx_word' id='word_1_242' title='bbox 181 2751 313 2825; x_wconf 84' lang='lat' dir='ltr'>circa</span> <span class='ocrx_word' id='word_1_243' title='bbox 339 2766 512 2815; x_wconf 88' lang='lat' dir='ltr'>horam</span> <span class='ocrx_word' id='word_1_244' title='bbox 542 2767 824 2832; x_wconf 85' lang='lat' dir='ltr'>vigesimam</span> <span class='ocrx_word' id='word_1_245' title='bbox 863 2767 1070 2832; x_wconf 88' lang='lat' dir='ltr'>primam</span> <span class='ocrx_word' id='word_1_246' title='bbox 1100 2767 1226 2817; x_wconf 89' lang='lat' dir='ltr'>dicte</span> <span class='ocrx_word' id='word_1_247' title='bbox 1255 2773 1367 2816; x_wconf 91' lang='lat' dir='ltr'>sunt</span> <span class='ocrx_word' id='word_1_248' title='bbox 1397 2767 1630 2816; x_wconf 84' lang='lat' dir='ltr'>matutine</span> <span class='ocrx_word' id='word_1_249' title='bbox 1660 2766 1970 2816; x_wconf 88' lang='lat' dir='ltr'>tenebrarum</span> 
     </span>
     <span class='ocr_line' id='line_1_31' title="bbox 182 2847 1968 2917; baseline 0.001 -20"><span class='ocrx_word' id='word_1_250' title='bbox 182 2849 231 2897; x_wconf 89' lang='lat' dir='ltr'>in</span> <span class='ocrx_word' id='word_1_251' title='bbox 253 2848 380 2899; x_wconf 89' lang='lat' dir='ltr'>dicta</span> <span class='ocrx_word' id='word_1_252' title='bbox 406 2847 608 2914; x_wconf 85' lang='lat' dir='ltr'>capella,</span> <span class='ocrx_word' id='word_1_253' title='bbox 641 2853 771 2915; x_wconf 89' lang='lat' dir='ltr'>Papa</span> <span class='ocrx_word' id='word_1_254' title='bbox 804 2851 1024 2911; x_wconf 86' lang='lat' dir='ltr'>absente,</span> <span class='ocrx_word' id='word_1_255' title='bbox 1057 2852 1381 2902; x_wconf 90' lang='lat' dir='ltr'>cardinalibus</span> <span class='ocrx_word' id='word_1_256' title='bbox 1415 2852 1734 2917; x_wconf 82' lang='lat' dir='ltr'>presentibus,</span> <span class='ocrx_word' id='word_1_257' title='bbox 1774 2853 1826 2899; x_wconf 93' lang='lat' dir='ltr'>In</span> <span class='ocrx_word' id='word_1_258' title='bbox 1854 2851 1968 2909; x_wconf 85' lang='lat' dir='ltr'>fine,</span> 
     </span>
     <span class='ocr_line' id='line_1_32' title="bbox 183 2929 1970 3001; baseline -0.001 -19"><span class='ocrx_word' id='word_1_259' title='bbox 183 2934 350 2984; x_wconf 87' lang='lat' dir='ltr'>Rmus.</span> <span class='ocrx_word' id='word_1_260' title='bbox 376 2936 434 2983; x_wconf 89' lang='lat' dir='ltr'>D.</span> <span class='ocrx_word' id='word_1_261' title='bbox 461 2929 716 2983; x_wconf 83' lang='lat' dir='ltr'>cardinalis</span> <span class='ocrx_word' id='word_1_262' title='bbox 745 2948 784 2983; x_wconf 78' lang='lat' dir='ltr'>s,</span> <span class='ocrx_word' id='word_1_263' title='bbox 817 2935 946 2985; x_wconf 86' lang='lat' dir='ltr'>Petri</span> <span class='ocrx_word' id='word_1_264' title='bbox 974 2936 1035 2985; x_wconf 88' lang='lat' dir='ltr'>ad</span> <span class='ocrx_word' id='word_1_265' title='bbox 1056 2936 1279 2995; x_wconf 86' lang='lat' dir='ltr'>Vincula,</span> <span class='ocrx_word' id='word_1_266' title='bbox 1300 2936 1458 3001; x_wconf 88' lang='lat' dir='ltr'>major</span> <span class='ocrx_word' id='word_1_267' title='bbox 1477 2934 1862 3001; x_wconf 81' lang='lat' dir='ltr'>penitentiariuS,</span> <span class='ocrx_word' id='word_1_268' title='bbox 1890 2933 1970 2998; x_wconf 91' lang='lat' dir='ltr'>qui</span> 
     </span>
     <span class='ocr_line' id='line_1_33' title="bbox 181 3018 1966 3087; baseline -0.001 -19"><span class='ocrx_word' id='word_1_269' title='bbox 181 3034 288 3068; x_wconf 87' lang='lat' dir='ltr'>cras</span> <span class='ocrx_word' id='word_1_270' title='bbox 339 3023 443 3068; x_wconf 90' lang='lat' dir='ltr'>erat</span> <span class='ocrx_word' id='word_1_271' title='bbox 497 3018 845 3079; x_wconf 87' lang='lat' dir='ltr'>celebraturus,</span> <span class='ocrx_word' id='word_1_272' title='bbox 906 3019 1020 3068; x_wconf 88' lang='lat' dir='ltr'>dixit</span> <span class='ocrx_word' id='word_1_273' title='bbox 1074 3020 1345 3071; x_wconf 87' lang='lat' dir='ltr'>orationem</span> <span class='ocrx_word' id='word_1_274' title='bbox 1389 3040 1398 3069; x_wconf 90' lang='lat'>:</span> <span class='ocrx_word' id='word_1_275' title='bbox 1438 3022 1654 3087; x_wconf 74' lang='lat' dir='ltr'>Respice,</span> <span class='ocrx_word' id='word_1_276' title='bbox 1689 3032 1966 3086; x_wconf 58' lang='lat' dir='ltr'>que-sumna,</span> 
     </span>
     <span class='ocr_line' id='line_1_34' title="bbox 180 3101 551 3164; baseline 0.003 -13"><span class='ocrx_word' id='word_1_277' title='bbox 180 3101 403 3164; x_wconf 83' lang='lat' dir='ltr'>Domine,</span> <span class='ocrx_word' id='word_1_278' title='bbox 420 3111 505 3152; x_wconf 82' lang='lat' dir='ltr'>etc.</span> <span class='ocrx_word' id='word_1_279' title='bbox 519 3138 527 3153; x_wconf 85' lang='lat'>.</span> <span class='ocrx_word' id='word_1_280' title='bbox 540 3139 551 3151; x_wconf 93' lang='lat'>.</span> 
     </span>
    </p>

    <p class='ocr_par' dir='ltr' id='par_1_5' title="bbox 184 3187 1972 3509">
     <span class='ocr_line' id='line_1_35' title="bbox 248 3187 1971 3254; baseline 0.001 -18"><span class='ocrx_word' id='word_1_281' title='bbox 248 3187 388 3236; x_wconf 86' lang='lat' dir='ltr'>Feria</span> <span class='ocrx_word' id='word_1_282' title='bbox 403 3192 538 3239; x_wconf 89' lang='lat' dir='ltr'>sexta</span> <span class='ocrx_word' id='word_1_283' title='bbox 558 3189 742 3239; x_wconf 89' lang='lat' dir='ltr'>veneris</span> <span class='ocrx_word' id='word_1_284' title='bbox 769 3189 941 3250; x_wconf 87' lang='lat' dir='ltr'>sancti,</span> <span class='ocrx_word' id='word_1_285' title='bbox 969 3193 986 3238; x_wconf 86' lang='lat'><strong>1</strong></span> <span class='ocrx_word' id='word_1_286' title='bbox 1015 3190 1196 3240; x_wconf 87' lang='lat' dir='ltr'>mensis</span> <span class='ocrx_word' id='word_1_287' title='bbox 1222 3188 1403 3254; x_wconf 87' lang='lat' dir='ltr'>aprilis,</span> <span class='ocrx_word' id='word_1_288' title='bbox 1428 3193 1595 3238; x_wconf 90' lang='lat' dir='ltr'>Rmus.</span> <span class='ocrx_word' id='word_1_289' title='bbox 1628 3192 1684 3238; x_wconf 92' lang='lat' dir='ltr'>D.</span> <span class='ocrx_word' id='word_1_290' title='bbox 1714 3188 1971 3238; x_wconf 84' lang='lat' dir='ltr'>cardinalis</span> 
     </span>
     <span class='ocr_line' id='line_1_36' title="bbox 184 3271 1972 3341; baseline 0.001 -20"><span class='ocrx_word' id='word_1_291' title='bbox 184 3289 222 3321; x_wconf 90' lang='lat' dir='ltr'>s.</span> <span class='ocrx_word' id='word_1_292' title='bbox 248 3271 376 3321; x_wconf 90' lang='lat' dir='ltr'>Petri</span> <span class='ocrx_word' id='word_1_293' title='bbox 397 3273 458 3321; x_wconf 83' lang='lat' dir='ltr'>ad</span> <span class='ocrx_word' id='word_1_294' title='bbox 480 3273 698 3336; x_wconf 89' lang='lat' dir='ltr'>Vincula,</span> <span class='ocrx_word' id='word_1_295' title='bbox 730 3275 887 3340; x_wconf 86' lang='lat' dir='ltr'>major</span> <span class='ocrx_word' id='word_1_296' title='bbox 903 3274 1270 3341; x_wconf 87' lang='lat' dir='ltr'>penitentiarius</span> <span class='ocrx_word' id='word_1_297' title='bbox 1295 3274 1553 3324; x_wconf 88' lang='lat' dir='ltr'>celebravit</span> <span class='ocrx_word' id='word_1_298' title='bbox 1575 3274 1773 3322; x_wconf 86' lang='lat' dir='ltr'>missam</span> <span class='ocrx_word' id='word_1_299' title='bbox 1792 3273 1972 3323; x_wconf 90' lang='lat' dir='ltr'>solem-</span> 
     </span>
     <span class='ocr_line' id='line_1_37' title="bbox 185 3355 1967 3424; baseline 0.002 -20"><span class='ocrx_word' id='word_1_300' title='bbox 185 3371 297 3406; x_wconf 87' lang='lat' dir='ltr'>nem</span> <span class='ocrx_word' id='word_1_301' title='bbox 331 3355 379 3403; x_wconf 92' lang='lat' dir='ltr'>in</span> <span class='ocrx_word' id='word_1_302' title='bbox 410 3356 596 3420; x_wconf 87' lang='lat' dir='ltr'>capella</span> <span class='ocrx_word' id='word_1_303' title='bbox 619 3359 854 3423; x_wconf 89' lang='lat' dir='ltr'>predicta,</span> <span class='ocrx_word' id='word_1_304' title='bbox 888 3362 1019 3424; x_wconf 91' lang='lat' dir='ltr'>Papa</span> <span class='ocrx_word' id='word_1_305' title='bbox 1045 3359 1264 3419; x_wconf 86' lang='lat' dir='ltr'>absente,</span> <span class='ocrx_word' id='word_1_306' title='bbox 1295 3358 1619 3408; x_wconf 88' lang='lat' dir='ltr'>cardinalibus</span> <span class='ocrx_word' id='word_1_307' title='bbox 1646 3359 1967 3423; x_wconf 88' lang='lat' dir='ltr'>presentibus.</span> 
     </span>
     <span class='ocr_line' id='line_1_38' title="bbox 186 3440 1968 3509; baseline 0.003 -21"><span class='ocrx_word' id='word_1_308' title='bbox 186 3441 472 3491; x_wconf 87' lang='lat' dir='ltr'>Sermonem</span> <span class='ocrx_word' id='word_1_309' title='bbox 513 3440 627 3491; x_wconf 84' lang='lat' dir='ltr'>fecit</span> <span class='ocrx_word' id='word_1_310' title='bbox 666 3444 724 3491; x_wconf 91' lang='lat' dir='ltr'>D.</span> <span class='ocrx_word' id='word_1_311' title='bbox 763 3444 1009 3494; x_wconf 90' lang='lat' dir='ltr'>Johannes</span> <span class='ocrx_word' id='word_1_312' title='bbox 1048 3443 1354 3503; x_wconf 78' lang='lat' dir='ltr'>LaurentiuS,</span> <span class='ocrx_word' id='word_1_313' title='bbox 1404 3443 1614 3508; x_wconf 90' lang='lat' dir='ltr'>scriptor</span> <span class='ocrx_word' id='word_1_314' title='bbox 1654 3444 1968 3509; x_wconf 75' lang='lat' dir='ltr'>apostolicu5‚</span> 
     </span>
    </p>
   </div>
  </div>
 </body>
</html>
