2262 3958
323 361 388 398 134
921 355 1152 393 JOHANNIS
1188 354 1481 401 eunomiani,
1819 357 1972 400 [πηνίον
1992 362 2083 406 1485]
2132 340 2149 358 ’·

387 461 443 507 Hi
475 475 582 507 cum
609 461 769 507 essent
795 471 957 504 coram
990 454 1235 519 pontifice,
1278 448 1506 504 videlicet
1528 457 1925 509 vicecamerarius
1954 466 2084 511 stans
2108 455 2145 512 f.

321 544 474 607 capite
496 542 736 599 inclinato,
753 554 947 588 cereum
963 539 1020 587 de
1039 554 1183 586 manu
1205 538 1414 587 scutiferi
1434 540 1690 604 accipiens,
1714 543 1846 591 illum
1869 545 2083 610 pontifici

322 626 489 681 obtulit
507 630 554 673 et
575 625 819 672 dexteram
846 622 1017 686 primo,
1054 622 1226 670 deinde
1248 638 1373 686 genu
1395 623 1613 670 dextrum
1631 624 1871 686 pontificis
1893 628 2086 676 oscula-

321 713 396 755 tus
418 712 488 755 est
516 710 805 754 reverenter.
846 704 1105 752 Cardinalis
1131 722 1168 754 s.
1201 705 1389 768 Georgii
1412 721 1439 753 a
1460 706 1661 753 sinistris
1698 709 1824 771 Pape
1854 709 2085 758 assistens

322 790 503 852 accepit
532 805 559 836 a
585 788 809 852 pontifice
840 804 1034 836 cereum
1062 788 1292 847 oblatum,
1331 794 1376 837 et
1411 789 1532 836 mihi·
1557 789 1852 853 consignavit
1883 793 2083 855 petenti,

320 891 463 939 quem
482 873 671 937 reposui
693 873 740 920 in
763 872 858 920 tine
886 872 1047 919 misse..
1088 874 1207 920 Tum
1229 872 1355 920 idem
1377 873 1789 940 vicecamerarius,
1826 875 2087 924 secundum

322 973 516 1006 cereum
547 955 787 1018 accipiens
809 955 941 1002 illum
964 954 1105 1002 simili
1126 955 1270 1003 modo
1293 971 1400 1003 cum
1426 972 1596 1019 manus
1619 962 1665 1005 et
1690 973 1815 1020 genu
1837 958 2091 1007 deoscula-

324 1042 449 1091 tione
471 1039 638 1089 obtulit
665 1043 715 1086 ut
738 1038 963 1101 primum.
996 1040 1115 1085 Tum
1145 1037 1204 1085 ad
1228 1053 1363 1086 suum
1394 1038 1554 1103 locum
1585 1040 1644 1090 ad
1681 1041 1797 1103 alios
1825 1040 2091 1090 cardinales

322 1125 477 1183 rediit,
513 1122 806 1187 genussexit:
846 1120 1019 1169 deinde
1053 1136 1215 1168 coram
1242 1121 1468 1184 pontifice
1506 1124 1562 1173 D.
1599 1124 1927 1187 Marquardus,
1965 1129 2012 1190 et
2049 1124 2093 1173 ei

323 1224 515 1257 cereum
537 1207 708 1271 primo,
735 1204 906 1252 deinde
923 1203 1183 1251 canistrum
1214 1198 1479 1266 predictum
1509 1204 1679 1253 obtulit
1700 1210 1747 1254 et
1769 1207 1983 1270 quelibet
2002 1208 2091 1257 hu-

319 1291 553 1356 jusmodi3
576 1305 772 1337 manum
793 1288 966 1351 primo,
993 1286 1164 1335 deinde
1189 1287 1362 1350 pedem
1385 1287 1602 1336 dextrum
1633 1289 1873 1352 pontificis
1895 1291 2095 1340 deoscu-

322 1377 443 1424 lans.
468 1376 599 1424 Idem
621 1378 729 1437 post
754 1387 836 1420 eos
859 1372 1122 1436 respective
1156 1372 1372 1420 fecerunt
1401 1372 1773 1420 Mediolanensis
1796 1376 1843 1421 et
1865 1374 2092 1422 Senensis

325 1458 589 1508 cardinales
610 1473 663 1505 ac
686 1456 763 1504 alii
794 1457 886 1504 duo
909 1460 1123 1504 oratores
1141 1456 1364 1519 pledicti;
1402 1460 1551 1504 totam
1580 1456 1873 1504 oblationem
1897 1459 2092 1521 reposu¹

325 1546 450 1590 retro
473 1541 620 1589 altare
643 1541 814 1604 majus,
831 1540 879 1587 in
895 1555 987 1602 quo
1007 1540 1152 1586 missa
1167 1539 1427 1588 dicebatur.
1447 1539 1519 1586 Ad
1534 1539 1729 1587 missam
1748 1539 1910 1588 debito
1926 1539 2092 1589 ordine

325 1625 720 1683 distribuendam,
752 1628 951 1687 accepta
983 1623 1240 1681 oblatione,
1279 1622 1495 1685 pontifex
1525 1623 1634 1670 lavit
1671 1639 1861 1682 manUS,
1893 1624 2095 1672 accessit

325 1709 496 1756 deinde
513 1709 570 1756 ad
584 1709 731 1756 altare
748 1712 793 1756 et
808 1712 1088 1772 prosecutus
1106 1711 1176 1754 est
1191 1706 1387 1754 missam
1405 1721 1489 1753 suo
1501 1707 1667 1755 ordine
1683 1722 1834 1769 usque
1851 1706 1911 1754 ad
1926 1705 2090 1768 finem,

326 1809 417 1855 qua
437 1792 586 1850 finita,
616 1795 743 1854 Papa
777 1795 905 1838 stans
931 1807 1095 1838 versus
1117 1790 1177 1837 ad
1197 1804 1391 1837 crucem
1430 1805 1563 1836 suam
1591 1804 1734 1851 quam
1771 1788 2093 1837 subdiaconus

327 1875 524 1939 epistole
555 1890 717 1922 coram
739 1889 796 1922 eo
823 1888 956 1921 more
987 1872 1124 1919 solito
1152 1873 1359 1930 tenebat,
1384 1871 1610 1935 pontifice
1639 1871 1699 1918 ad
1722 1871 1870 1920 altare
1902 1871 2095 1920 renibus

327 1959 461 2007 altari
493 1958 636 2006 versis
671 1961 841 2016 stante,
866 1958 1043 2021 populo
1068 1971 1201 2004 more
1235 1960 1466 2003 consueto
1493 1954 1753 2015 benedixit,
1779 1958 1825 2001 et
1855 1954 2092 2017 plenarias
2156 1977 2159 1980 ·

326 2042 644 2106 indulgentias
684 2040 922 2089 concessit
959 2040 1396 2099 interressentibns,
1419 2055 1536 2102 quas
1567 2037 1810 2102 predictus
1845 2037 2096 2086 cardinalis

327 2125 552 2172 Senensis
579 2124 658 2187 qui
696 2123 994 2186 evangelium
1028 2123 1209 2171 dixerat
1238 2127 1283 2171 et
1316 2123 1363 2170 in
1392 2122 1535 2169 missa
1564 2124 1689 2186 Pape
1726 2122 2090 2182 ministrarerat,

330 2207 673 2272 pronunciavit.

394 2291 611 2339 Pontifex
646 2291 817 2339 deinde
854 2291 991 2338 rediit
1023 2291 1069 2337 in
1103 2290 1392 2354 paramentis
1422 2289 1482 2337 ad
1515 2289 1744 2352 palatium
1774 2293 1820 2337 et
1856 2304 2098 2338 cameram

331 2391 483 2434 suam,
525 2375 721 2422 dimisso
759 2374 808 2420 in
848 2374 1051 2422 ecclesia
1097 2373 1382 2420 baldachino
1423 2372 1645 2436 expensis
1685 2372 2098 2420 canonizationem

329 2458 686 2524 procurantium
718 2457 842 2504 facto
866 2463 909 2504 et
934 2473 1079 2520 super
1109 2444 1257 2504 altare
1294 2456 1341 2502 in
1377 2470 1471 2517 quo
1500 2454 1714 2518 pontifex
1745 2453 2001 2503 celebravit
2021 2470 2100 2503 ex-

328 2528 484 2602 tenso,
508 2542 634 2604 quod
657 2540 915 2604 capitulum
946 2540 1070 2600 dicte
1104 2539 1297 2587 basilice
1318 2555 1375 2586 ex
1397 2554 1528 2586 more
1557 2538 1748 2586 retinuit
1781 2553 1867 2602 pro
1904 2539 2098 2588 basilice

329 2626 476 2690 ipsius
494 2626 667 2672 decore
689 2628 735 2672 et
758 2623 1127 2672 canonizationis
1161 2622 1433 2685 hujusmodi
1466 2626 1698 2685 perpetua
1726 2621 1960 2669 memoria
1980 2637 2098 2670 con-

333 2708 631 2756 servandum.
660 2710 772 2754 Post
786 2706 1026 2770 pontificis
1049 2706 1312 2754 discessum
1333 2704 1599 2752 distribuita
1621 2707 1691 2752 est
1711 2720 1797 2767 per
1813 2720 1901 2752 nos
1920 2704 2098 2752 oblatio

331 2793 466 2856 cujus
489 2791 695 2838 mediam
721 2794 906 2854 partem
935 2790 1116 2853 accepit
1144 2789 1356 2847 sacrista,
1388 2788 1528 2836 aliam
1563 2787 1815 2851 episcopus
1855 2787 2100 2835 Pientinus

331 2879 378 2923 et
395 2890 484 2938 ego
506 2891 560 2922 ac
581 2874 741 2922 clerici
771 2874 1153 2922 ceremoniarum
1177 2887 1300 2935 equa
1319 2871 1538 2934 portione
1564 2871 1690 2918 inter
1715 2886 1803 2918 nos
1835 2869 2098 2928 divisimus,

335 2958 540 3022 demptis
560 2958 708 3006 tribus
729 2957 1030 3015 canistrelliS,
1071 2971 1191 3019 quos
1219 2957 1275 3002 D.
1309 2955 1591 3003 Laurentius
1625 2954 1682 3001 de
1713 2953 1832 3001 Mari
1861 2957 1909 3000 et
1931 2953 2102 3000 Hiero·—

334 3058 505 3106 nymus
545 3042 834 3104 Calagranus
873 3056 929 3088 ac
970 3039 1289 3088 Bernardinus
1331 3038 1611 3086 Gamberius
1642 3041 1687 3084 et
1736 3035 2100 3084 Bartholomeus

334 3127 604 3184 Montanus,
631 3124 753 3171 sacri
775 3123 1067 3180 cubicularii,
1092 3122 1216 3186 inter
1238 3138 1287 3168 se
1310 3120 1668 3168 distribuerunt.

399 3211 657 3271 Postquam
684 3211 842 3256 autem
864 3205 1143 3269 protestatio
1166 3204 1291 3252 facta
1323 3203 1408 3251 fuit
1429 3219 1514 3266 per
1536 3204 1618 3250 SS.
1646 3203 1701 3248 D.
1724 3203 1779 3248 N.
1806 3205 1918 3249 ante
1941 3204 2100 3249 actum

336 3291 721 3351 canonizationis,
741 3290 870 3353 quod
890 3305 985 3337 non
1002 3288 1279 3336 intendebat
1301 3302 1386 3350 per
1406 3285 1540 3332 illum
1562 3290 1723 3332 actum
1743 3283 1920 3347 aliquid
1939 3284 2100 3331 facere

337 3374 462 3435 quod
483 3379 606 3421 esset
633 3379 800 3422 contra
821 3373 1109 3422 catholicam
1128 3371 1290 3430 fidem,
1318 3374 1368 3417 ut
1390 3385 1547 3432 supra,
1575 3371 1739 3415 Rmus.
1767 3370 1823 3415 D.
1849 3366 2098 3414 cardinalis

338 3471 375 3500 s.
401 3456 542 3502 Marci
568 3472 644 3503 me
667 3457 726 3503 ad
747 3473 796 3504 sc
818 3456 996 3504 vocavit
1017 3459 1063 3503 et
1090 3471 1176 3518 pro
1203 3452 1476 3517 hujusmodi
1509 3451 1851 3514 protestatione
1874 3449 2000 3496 facta
2019 3464 2100 3495 re-
