2262 3958
369 338 440 374 268
973 332 1206 369 JOHANNIS
1240 332 1534 379 BURCHARDI,
1928 338 1957 380 [J
1962 340 2022 372 uin
2047 341 2135 384 1487]

369 436 550 484 lelmini
592 437 874 499 procurator
928 433 1288 497 penitentiarie,
1337 433 1532 482 nomine
1581 435 1726 484 officii
1774 442 2140 501 procuratorum

369 518 703 583 penitentiarie
725 534 734 576 ;
762 532 850 580 pro
869 516 1055 565 clericis
1082 517 1270 580 registri
1294 516 1695 580 supplicationum
1725 523 1772 568 et
1793 520 1952 569 officio
1971 521 2144 570 collec-

370 607 530 653 torum
572 600 755 665 plumbi
802 615 956 664 nuper
999 600 1234 660 instituto,
1285 616 1460 659 nemo;
1498 600 1669 663 quibus
1705 602 1772 650 sic
1812 603 2135 666 presentibus,

368 684 580 749 prefatus
602 683 862 731 Aleriensis
888 683 1006 731 dixit
1027 683 1142 746 ipsis
1166 685 1249 731 SS.
1273 686 1329 732 D.
1351 686 1406 732 N.
1435 682 1735 732 commisisse
1754 690 1805 733 ut
1826 685 1953 734 dicta
1971 701 2141 735 eorum

369 766 584 815 audirent
612 770 659 816 et
685 766 949 826 referrent3
982 770 1028 814 et
1058 770 1171 814 tunc
1209 769 1265 814 D.
1301 766 1552 825 Antonius,
1586 766 1774 815 auditor
1808 769 2140 831 penitentiarie

370 850 486 898 dixit
527 850 879 898 abbreviatores
917 850 976 898 de
1008 864 1154 913 parco
1195 849 1365 913 majori
1412 850 1700 913 pretendere
1742 865 1793 897 se
1833 850 2143 914 scriptoribus

369 934 703 999 penitentiarie
735 933 784 981 in
811 933 1122 997 processione
1155 933 1356 997 preferri
1388 933 1582 991 debere,
1615 933 1744 995 quod
1772 948 1930 996 neque
1951 933 2010 981 de
2033 934 2142 998 jure

371 1034 539 1067 eorum
560 1033 668 1066 cum
696 1017 744 1065 in
765 1017 845 1064 illo
872 1032 970 1065 non
992 1017 1272 1082 reperiatur,
1303 1033 1460 1081 neque
1490 1032 1548 1065 ex
1571 1015 1815 1080 privilegio
1841 1031 1952 1064 cum
1979 1016 2039 1065 de
2061 1016 2142 1066 illo

370 1116 467 1149 non
495 1103 754 1159 constaret,
784 1115 939 1163 neque
970 1116 1028 1148 ex
1055 1100 1401 1148 consuetudine
1423 1115 1533 1148 cum
1566 1115 1739 1147 novum
1775 1102 1903 1148 esset
1929 1098 2142 1148 officium

372 1188 418 1233 et
433 1184 646 1247 ipsorum
668 1184 956 1247 scriptorum
984 1183 1387 1246 antiquissimum,
1411 1183 1461 1231 id
1482 1182 1642 1231 facere
1664 1186 1878 1246 possent.

435 1269 501 1314 Ex
541 1267 738 1314 adverso
767 1268 819 1312 L.
858 1266 916 1314 de
947 1281 989 1313 s.
1033 1266 1314 1315 Geminiano
1347 1266 1542 1314 nomine
1574 1264 1719 1313 officii
1755 1265 2140 1315 abbreviatorum

371 1350 505 1408 dixit,
539 1365 598 1397 ex
636 1348 882 1413 privilegio
915 1349 1175 1412 precedere
1209 1349 1405 1409 debere,
1443 1364 1553 1396 cum
1581 1363 1750 1396 eorum
1775 1347 1990 1396 officium
2013 1355 2141 1399 esset

369 1434 618 1482 fundatum
649 1448 757 1480 cum
793 1432 1014 1480 omnibus
1051 1436 1098 1480 et
1128 1432 1326 1496 singulis
1358 1432 1634 1496 privilegiis,
1670 1432 2049 1482 immunitatibus
2080 1434 2143 1482 ad

370 1518 519 1566 instar
552 1515 698 1564 officii
732 1514 1021 1578 scriptorum
1062 1514 1309 1563 literarum
1352 1515 1724 1579 apostolicarum
1761 1514 1840 1577 qui
1879 1515 2141 1578 scriptores

370 1600 428 1647 de
462 1597 801 1662 penitentiaria
832 1597 1166 1661 precederent,
1210 1612 1325 1660 ergo
1367 1602 1414 1646 et
1445 1598 1553 1662 ipsi.
1598 1601 1719 1646 Item
1763 1599 1820 1645 A.
1866 1598 1926 1646 de
1961 1597 2140 1646 Urbino

371 1681 672 1729 abbreviator
716 1681 774 1728 de
817 1696 963 1745 parco
1007 1680 1178 1744 majori
1221 1680 1465 1744 subjunxit
1503 1681 1662 1729 minus
1705 1681 1834 1744 ipsos
1878 1680 2140 1744 precedere

370 1766 546 1813 debere
588 1764 690 1812 sine
727 1764 824 1811 ulla
861 1763 1074 1822 ratione;
1117 1779 1229 1811 nam
1269 1763 1307 1811 si
1344 1764 1530 1813 ratione
1578 1763 1888 1826 antiquitatis,
1931 1762 2141 1811 officium

370 1847 658 1910 scriptorum
693 1850 795 1894 erat
830 1845 1213 1908 antiquissimum
1254 1850 1301 1893 et
1332 1845 1714 1894 abbreviatorum
1746 1846 2063 1905 modernum;
2099 1846 2138 1894 si

369 1930 555 1978 ratione
588 1929 845 1994 privilegii,
883 1928 1066 1987 minus,
1112 1943 1220 1976 cum
1260 1944 1425 1976 eorum
1469 1928 1684 1976 fundatio
1721 1932 1851 1977 esset
1895 1929 1956 1977 ad
1989 1929 2140 1979 instar

368 2012 724 2076 privilegiorum
746 2010 890 2059 officii
907 2011 1212 2074 scriptorum,
1232 2015 1279 2060 et
1295 2012 1334 2058 si
1349 2012 1409 2059 ad
1429 2011 1593 2071 instar,
1615 2012 1817 2075 preferri
1828 2027 1926 2061 non
1939 2012 2133 2061 debere.

368 2095 440 2141 Ad
462 2095 598 2158 cujus
618 2095 762 2142 verba
783 2088 1030 2157 respondit
1051 2096 1104 2140 L.
1129 2094 1189 2142 de
1211 2111 1251 2142 s.
1272 2094 1553 2142 Geminiano
1574 2094 1769 2142 nomine
1790 2094 2134 2158 predictorum,

369 2177 512 2225 etiam
541 2193 599 2225 ex
624 2177 871 2241 privilegio
897 2176 1097 2240 preferri
1131 2176 1326 2233 debere,
1351 2193 1461 2225 cum
1493 2180 1653 2224 essent
1673 2176 1801 2225 idem
1826 2192 2002 2240 corpus
2029 2193 2138 2226 cum

367 2260 775 2308 abbreviatoribus
795 2261 855 2308 de
875 2276 1019 2323 parco
1042 2261 1225 2324 majore
1248 2261 1325 2324 qui
1347 2261 1476 2324 ipsos
1500 2260 1758 2324 scriptores
1778 2261 2135 2320 antecederent,

369 2348 417 2391 et
436 2343 565 2406 quod
587 2343 664 2390 illa
693 2344 838 2390 verba
863 2343 928 2390 ad
950 2344 1116 2403 instar,
1151 2344 1200 2391 in
1230 2345 1444 2407 ipsorum
1477 2344 1606 2392 bulla
1632 2343 1868 2406 apposita,
1902 2359 2000 2391 non
2020 2359 2138 2392 con-

369 2427 632 2475 cernebant
669 2426 1025 2490 precedentiam
1065 2427 1150 2473 sed
1179 2427 1530 2490 prerogativam
1562 2427 1611 2474 in
1648 2425 1951 2474 assecutione
1986 2427 2136 2474 bene-

369 2509 607 2558 ficiorum.
634 2508 760 2556 Dixit
781 2511 838 2555 D.
863 2509 952 2555 An.
985 2509 1043 2556 de
1072 2508 1270 2565 Urbino,
1300 2509 1430 2571 ipsos
1457 2514 1760 2570 nequaquam
1784 2522 1932 2554 unum
1961 2522 2136 2570 corpus

371 2609 476 2641 esse
499 2608 609 2640 cum
629 2591 1037 2639 abbreviatoribus
1059 2591 1116 2638 de
1139 2607 1284 2654 parco
1309 2592 1512 2654 maj0re,
1529 2590 1614 2638 sed
1634 2590 1693 2636 de
1710 2590 1854 2652 longe
1876 2589 2131 2638 diversum.

369 2678 490 2723 Item
509 2678 568 2725 V.
595 2675 653 2722 de
671 2674 864 2722 Giochis
885 2674 1080 2722 nomine
1102 2674 1247 2722 officii
1270 2674 1616 2725 solicitatorum
1642 2676 1774 2735 dixit,
1798 2679 2136 2739 procuratores

370 2757 774 2805 contradictarum
791 2757 920 2820 ipsos
941 2757 1202 2820 precedere
1229 2757 1365 2817 velle,
1402 2775 1512 2808 cum
1539 2760 1629 2823 ipsi
1658 2758 1975 2808 solicitatores
1994 2758 2136 2822 longe

369 2841 612 2904 digniores
647 2845 810 2889 essent
841 2840 956 2904 ipsis
993 2841 1403 2903 procuratoribus,
1437 2842 1518 2905 qui
1549 2845 1731 2890 tantum
1760 2842 1925 2890 literas
1953 2840 2134 2904 justitie

370 2925 648 2988 expedirent
684 2940 773 2988 per
806 2925 986 2973 formas
1027 2924 1270 2984 limitatas,
1313 2929 1361 2973 et
1399 2929 1561 2974 essent
1599 2924 1791 2984 notarii,
1840 2923 1968 2987 quod
2007 2928 2131 2971 esset

367 3007 649 3055 vilissimum
667 3005 880 3054 officium
903 3022 913 3065 ;
934 3006 1025 3070 ipsi
1036 3021 1147 3054 vero
1166 3005 1482 3054 solicitatores
1501 3006 1794 3054 solicitarent
1811 3021 2133 3069 quascumque

365 3090 530 3138 literas
559 3088 865 3153 apostolicas,
902 3089 1104 3153 gratiam
1135 3092 1182 3137 et
1213 3088 1448 3152 justitiam
1484 3092 1848 3148 concernenteS,
1883 3093 2136 3152 propterea

368 3173 498 3235 ipsos
535 3187 642 3220 esse
671 3171 931 3219 familiares
973 3174 1100 3235 Pape
1138 3175 1186 3219 et
1222 3169 1469 3234 privilegia
1498 3170 1676 3219 habere
1713 3171 1774 3219 ad
1802 3170 1952 3219 instar
1991 3168 2135 3219 officii

368 3254 656 3317 scriptorum
675 3254 1066 3318 apostolicorum.

435 3337 694 3393 Quibus-D.
721 3338 964 3385 Johannes
987 3338 1200 3401 Urthega
1219 3336 1464 3399 respondit
1484 3352 1570 3400 pro
1587 3336 1746 3385 officio
1769 3339 2133 3401 procuratorum

368 3420 496 3481 quod
527 3420 685 3482 ipsum
717 3420 931 3469 officium
975 3425 1103 3469 esset
1135 3419 1539 3484 antiquissimum,
1576 3424 1623 3468 et
1654 3436 1741 3482 per
1766 3420 1844 3483 jus
1876 3433 2132 3468 commune
