2262 3958
343 312 413 347 274
947 309 1179 346 JoHANle
1213 309 1506 355 BURCHARDI,
1787 312 1998 352 [novembre
2020 312 2110 355 1487]

343 412 625 461 cardinales.
669 413 823 460 Finita
863 412 1027 470 inissa,
1065 414 1148 460 SS.
1187 414 1244 458 D.
1278 412 1335 458 N.
1367 409 1545 473 incepit
1591 410 1651 458 Te
1681 412 1828 459 Deum
1866 412 2115 461 laudamus

355 495 482 555 quod
518 500 737 543 cantores
767 493 1011 557 prosecuti
1042 498 1151 541 sunt
1186 494 1245 541 ad
1286 493 1449 540 finem.
1488 493 1669 542 Deinde
1703 497 1786 543 SS.
1817 499 1874 543 D.
1911 499 1967 544 N.
2002 495 2118 543 dixit

348 576 605 624 versiculos
627 580 674 623 et
693 576 742 623 in
763 576 859 640 fine
878 575 1161 635 orationem,
1184 575 1372 637 qualem
1393 578 1552 622 autem
1575 579 1622 623 et
1642 591 1785 638 quam
1806 577 1989 636 nescio,
2008 576 2117 639 quia

344 658 501 705 socius
532 674 666 705 meus
695 658 774 720 qui
797 658 1009 707 interfuit
1035 658 1216 706 referre
1248 658 1464 706 nescivit.
1493 657 1671 714 Quibus
1707 658 1862 719 dictis,
1888 659 2030 708 rediit
2055 659 2117 707 ad

342 740 570 803 palatium
595 756 734 788 suum
761 742 887 805 apud
909 757 946 788 s.
973 744 1186 789 Petrum.

408 824 545 872 Feria
565 828 732 887 quarta
753 828 800 872 et
827 824 995 873 ultima
1025 824 1254 882 octobris,
1284 824 1411 873 circa
1438 824 1607 872 horam
1635 841 1744 872 xvm
1771 825 1828 873 de
1857 824 2118 889 Argentina

348 906 466 955 redii
485 907 544 954 ad
563 908 758 955 Urbem.

414 991 593 1038 Eadem
628 991 703 1039 die
743 991 935 1039 fuerunt
972 990 1170 1038 mutatio
1210 1007 1469 1054 capparum
1515 995 1561 1038 et
1597 1006 1795 1054 vespere
1835 990 2029 1054 papales
2069 989 2120 1038 in

348 1074 531 1137 capella
559 1073 719 1137 palatii
752 1074 880 1137 apud
910 1090 949 1121 S.
976 1076 1185 1134 Petrum,
1216 1074 1386 1136 quibus
1419 1076 1502 1122 SS.
1530 1076 1585 1121 D.
1612 1077 1667 1122 N.
1692 1074 1908 1122 interfuit
1934 1078 1982 1122 et
2006 1073 2121 1122 fecit

345 1154 557 1203 officium
575 1171 710 1203 more
733 1159 981 1204 consueto,
1007 1155 1112 1203 Fuit
1132 1155 1289 1218 vigilia
1311 1156 1533 1203 Omnium
1557 1158 1860 1205 Sanctorum.

413 1238 550 1286 Feria
571 1237 752 1300 quinta,
781 1242 798 1285 1
834 1238 1122 1298 novembris,
1156 1239 1332 1287 festum
1363 1239 1578 1287 omnium
1614 1244 1910 1300 sanctorum,
1947 1241 2031 1289 SS.
2058 1239 2114 1288 D.

344 1323 399 1369 N.
426 1322 553 1369 venit
575 1322 634 1368 ad
654 1321 900 1369 basilicam
929 1321 1255 1385 apostolorum
1288 1321 1368 1369 ubi
1403 1321 1538 1370 altari
1565 1323 1749 1386 majore
1781 1323 1925 1370 misse
1947 1326 1995 1371 et
2016 1338 2119 1372 ser-

345 1404 475 1452 moni
508 1404 741 1452 interfuit.
775 1405 972 1453 Missam
1006 1405 1261 1453 celebravit
1294 1408 1460 1452 Rmus
1499 1407 1554 1453 D.
1590 1406 1834 1454 Johannes
1864 1399 2118 1455 cardinalis

345 1487 733 1546 Mediolanensis,
759 1503 1035 1535 sermonem
1055 1487 1229 1536 fecit...

402 1571 582 1620 Eadem
606 1572 699 1631 die,
725 1572 855 1620 circa
883 1572 1056 1620 horam
1084 1588 1183 1631 xxl,
1214 1573 1298 1619 SS.
1331 1574 1386 1619 D.
1415 1573 1470 1619 N.
1502 1572 1871 1635 precedentibus
1900 1587 2042 1622 cruce
2069 1577 2117 1622 et

343 1654 680 1714 cardinalibus,
706 1654 899 1703 indutus
920 1671 1071 1718 cappa
1094 1670 1293 1703 rosacea
1319 1655 1421 1702 sine
1446 1655 1606 1714 mitra,
1633 1656 1760 1704 venit
1781 1657 1842 1704 ad
1862 1656 2113 1721 capellam.

343 1737 565 1801 Episcopi
587 1738 868 1786 assistentes
890 1743 1055 1801 preter
1080 1738 1475 1786 consuetudinem
1498 1743 1545 1786 et
1566 1739 1716 1787 bonas
1738 1739 2037 1789 ceremonias
2057 1757 2114 1789 ac

344 1824 512 1868 contra
548 1821 842 1870 voluntatem
893 1837 1051 1868 meam
1097 1821 1157 1868 ad
1199 1821 1563 1884 persuasionem
1603 1822 1817 1885 episcopi
1852 1823 2114 1871 Aleriensis

343 1916 510 1949 eorum
544 1902 752 1963 diaconi,
790 1907 1021 1951 venerunt
1059 1903 1119 1950 ad
1158 1903 1392 1965 capellam
1424 1903 1473 1950 in
1508 1904 1748 1952 mantellis
1780 1920 1891 1952 cum
1925 1905 2113 1964 caudis,

340 1984 485 2047 aliqui
513 2001 570 2034 ex
603 1985 672 2034 eis
699 1986 855 2050 longis
888 1990 935 2034 et
960 2001 1047 2049 per
1080 1989 1257 2033 terram
1286 1990 1395 2050 post
1418 2003 1469 2034 se
1491 1986 1794 2035 trahentibus
1823 1988 1882 2034 ad
1903 1991 2110 2050 quatuor

331 2067 412 2115 -vel
449 2068 656 2131 quinque
679 2069 884 2132 palmos,
918 2068 1117 2132 capucia
1142 2069 1330 2117 inversa
1358 2085 1456 2116 non
1486 2069 1534 2116 in
1563 2070 1761 2117 modum
1791 2069 2113 2118 cubiculario-

338 2167 443 2198 rum
465 2151 551 2199 sed
571 2151 619 2198 in
641 2152 797 2215 capite
813 2167 924 2200 cum
944 2152 1189 2211 cornibus,
1207 2156 1258 2200 ut
1274 2152 1490 2215 pontifex
1508 2152 1763 2215 aliquando
1781 2153 1875 2201 hoc
1893 2157 2112 2216 tempore

339 2239 386 2281 et
424 2234 472 2281 in
521 2235 768 2282 matutinis
806 2235 1117 2283 tenebrarum
1147 2238 1340 2299 portare
1375 2235 1512 2295 solet,
1548 2236 1800 2284 habentes.
1830 2236 2106 2300 Archiepis—

338 2331 487 2379 copus
510 2316 813 2364 Florentinus
833 2317 1014 2380 primus
1045 2318 1293 2378 assistens,
1324 2324 1374 2367 ut
1393 2318 1652 2382 prefertur,
1674 2319 1884 2378 indutus,
1906 2319 2110 2383 portavit

334 2414 502 2446 omnes
545 2399 759 2446 fimbrias
794 2416 943 2464 cappe
985 2401 1225 2464 pontificis
1258 2418 1285 2449 a
1321 2407 1449 2451 retro
1494 2402 1635 2450 simul
1668 2402 1916 2451 collectas.
1970 2402 2106 2450 Dicte

336 2485 446 2529 sunt
483 2482 532 2529 in
565 2482 748 2545 capella
777 2498 995 2546 vespere,
1037 2484 1208 2532 deinde
1243 2484 1400 2548 vigilie
1442 2489 1760 2544 mortuorum,
1786 2501 1920 2533 more
1947 2475 2105 2533 solito.

404 2566 457 2612 In
478 2565 571 2615 fine
592 2581 922 2628 vesperorum,
947 2566 1163 2629 pontifex
1184 2566 1299 2614 dixit
1318 2567 1483 2626 Pater,
1500 2567 1759 2615 versiculos
1776 2570 1822 2615 et
1840 2567 2109 2616 orationem

337 2647 573 2695 Fidelizcm
605 2648 730 2696 Deus
761 2649 972 2695 omnium
1001 2656 1111 2707 etc.;
1147 2665 1239 2712 qua
1272 2649 1415 2710 dicta,
1446 2665 1533 2712 per
1566 2665 1780 2698 errorem
1810 2665 1992 2709 meum,
2028 2649 2111 2698 ubi

337 2732 498 2780 dicere
513 2731 719 2779 debebat
733 2731 965 2796 Bequiem
981 2740 1187 2779 eternam
1206 2740 1311 2792 etc„
1332 2732 1446 2780 dixit
1459 2733 1688 2780 Dominus
1704 2733 1955 2781 vobiscum.
1976 2732 2113 2790 Quod

338 2814 630 2864 evenit-mihi
657 2830 716 2863 ex
742 2830 799 2862 eo
828 2815 956 2878 quod
992 2814 1042 2862 in
1074 2815 1196 2863 libro
1235 2818 1361 2878 Pape
1399 2815 1517 2864 nihil
1551 2816 1608 2863 de
1642 2816 1736 2864 hoc
1766 2819 1984 2864 notatum
2015 2818 2106 2874 est,

337 2898 483 2947 etiam
516 2898 627 2962 quia
657 2902 855 2962 propter
883 2898 1152 2946 fatuitatem
1188 2898 1401 2962 episcopi
1436 2898 1697 2947 Aleriensis
1736 2898 1936 2962 predicti
1973 2913 2110 2947 com-

336 2986 495 3029 motus
530 2980 725 3029 omnino
755 2981 839 3029 fui.
878 2984 931 3028 In
974 2982 1070 3030 fine
1107 2996 1223 3029 vero
1268 2981 1507 3040 matutini,
1543 2981 1734 3045 precavi
1766 2997 1776 3029 ε
1813 2980 1974 3029 omnia
2018 2980 2110 3030 alia

339 3065 590 3113 observata
610 3069 720 3112 sunt
741 3079 874 3112 more
898 3068 1148 3112 consueto.

404 3147 543 3196 Feria
561 3151 710 3206 sexta,
737 3150 764 3194 2
780 3147 1070 3208 novembris,
1096 3146 1490 3196 commemoratio
1514 3146 1729 3195 omnium
1751 3145 2104 3203 defunctorum,

340 3229 423 3276 SS.
450 3231 504 3276 D.
526 3228 582 3278 N.
609 3229 801 3276 indutus
831 3228 1027 3288 amictu,
1058 3228 1182 3288 alba,
1214 3227 1424 3291 cingulo,
1457 3228 1579 3275 stola
1603 3226 1832 3289 violacea,
1868 3244 2021 3292 cappa
2046 3227 2105 3274 de

337 3311 559 3370 scarlato,
583 3316 632 3359 ut
653 3311 759 3360 heri
781 3327 907 3371 sero,
931 3311 1058 3360 venit
1078 3312 1139 3359 ad
1159 3309 1392 3374 capellam
1414 3325 1641 3372 magnam
1670 3308 1749 3358 ubi
1779 3310 1994 3359 interfuit
2019 3305 2104 3356 toti

337 3392 497 3441 misse.
519 3396 624 3442 Non
644 3395 731 3443 fuit
750 3394 878 3443 facta
900 3394 1164 3443 reverentia
1184 3410 1212 3442 a
1238 3392 1572 3442 cardinalibus.
1610 3395 1883 3443 Cardinales
1915 3392 2106 3440 assiste-
