2262 3958
365 320 434 356 ²224
969 318 1201 355 JOHANNIS
1235 318 1527 367 BURCHARDI,
1807 324 2127 365 [Novembre1486]

366 422 620 471 cardinalis
643 421 868 471 Senensis
889 421 1199 470 diaconorum
1227 422 1373 486 priori
1401 424 1629 486 porrexit,
1660 424 1708 473 in
1729 426 1866 490 cujus
1888 426 2126 487 manibus,

365 509 511 570 Papa,
541 507 729 555 detecto
757 506 930 570 capite,
964 506 1116 570 ipsam
1147 507 1388 555 osculatus
1424 511 1513 566 est,
1547 511 1645 555 tum
1677 507 1755 557 ille
1789 509 1993 558 restituit
2022 525 2128 558 eam

363 588 539 647 abbati,
575 589 720 636 abbas
758 588 893 648 mihi,
938 593 985 637 et
1026 605 1116 653 ego
1157 605 1302 653 supra
1334 589 1558 638 baculum
1598 606 1737 639 suum
1772 592 1998 655 reposui:
2025 596 2128 640 tum

364 670 535 719 fratres
569 687 654 720 suo
692 671 871 720 ordine*
898 672 958 720 ad
996 672 1120 720 latus
1172 677 1333 721 nostre
1384 673 1709 737 processionis
1745 675 2126 738 progredientes,

364 753 535 801 abbate
557 753 833 817 incipiente,
872 759 1124 803 cantarunt
1150 756 1462 820 antiphonam
1486 773 1494 804 :
1520 756 1645 804 Ecce
1670 757 1881 805 sacerdos
1903 773 2124 822 maqnus,

363 844 470 896 ela,
495 840 549 884 et·
568 836 629 885 Te
649 837 805 885 Deum
820 838 1086 897 laudamus,
1108 846 1215 899 etc„
1233 839 1567 888 continuantes
1589 855 1835 903 quousque
1854 842 1982 905 Papa
1995 843 2129 890 'esset

364 926 474 970 ante
495 921 641 971 altare
664 923 845 987 majus;
871 937 966 986 quo
999 922 1177 972 ibidem
1199 923 1452 983 existente,
1483 923 1549 971 illi
1571 927 1822 972 cesserunt
1842 939 1870 972 a
1897 926 2058 983 cantu,
2081 927 2132 973 et

365 1007 493 1069 Papa
513 1006 793 1069 genuflexus
815 1005 863 1052 in
886 1005 1150 1054 faldistorio
1175 1006 1289 1055 fecit
1312 1006 1578 1055 orationem
1599 1022 1734 1056 more
1756 1010 2004 1067 consueto,
2029 1010 2134 1056 tum

365 1089 571 1138 surrexit
608 1094 655 1138 et
693 1092 750 1137 D.
795 1089 1119 1138 Bernardinus
1158 1094 1370 1138 secretus
1404 1090 1721 1138 cubicularius
1747 1090 1951 1155 projecit
1987 1106 2133 1154 super

363 1173 511 1221 altare
535 1178 693 1221 certos
712 1173 927 1232 ducatos,
952 1172 1042 1220 illis
1073 1173 1266 1221 nomine
1296 1175 1423 1237 Pape
1451 1172 1655 1231 offertis;
1685 1172 1795 1221 inde
1821 1175 1948 1237 Papa
1972 1173 2052 1222 ivit
2071 1173 2133 1222 ad

365 1254 491 1302 aliud
529 1255 674 1303 altare
711 1255 924 1321 ligneum
956 1271 1043 1320 pro
1084 1256 1243 1304 officio
1281 1256 1568 1304 celebrando
1607 1259 1842 1319 paratum,
1878 1255 1958 1303 ubi
1996 1259 2133 1304 erant

364 1342 585 1387 cantores
602 1343 649 1387 et
668 1338 898 1389 diaconus
913 1343 960 1387 et
981 1339 1299 1388 subdiaconus
1315 1340 1496 1403 capelle
1510 1344 1693 1399 nostre,
1714 1356 1822 1388 cum
1838 1342 1895 1388 D.
1913 1339 2133 1389 Johanne

366 1421 592 1486 episcopo
620 1422 911 1471 Tornacensi
939 1422 1143 1471 divinam
1169 1438 1271 1470 rem
1295 1427 1568 1486 peracturo,
1592 1422 1762 1486 parati.
1795 1422 1977 1471 Ibidem
2002 1425 2133 1486 Papa

365 1505 546 1568 absque
578 1505 669 1553 alia
699 1506 1035 1569 genuflexione
1075 1511 1184 1554 ante
1226 1506 1436 1554 medium
1483 1506 1643 1555 altaris
1683 1506 1731 1571 in
1764 1507 1905 1570 plano
1944 1505 2132 1570 acce'pit

364 1588 567 1653 pluviale
592 1589 753 1638 album
773 1590 1035 1653 pretiosum
1058 1594 1103 1638 et
1131 1606 1242 1638 cum
1271 1589 1497 1654 episcopo
1527 1590 1818 1639 Tornacensi
1850 1590 1928 1654 qui
1948 1590 2008 1638 ad
2028 1590 2130 1654 ejus

366 1672 608 1721 sinistram
629 1672 773 1733 venit,
807 1672 920 1721 fecit
950 1673 1329 1734 confessionem;
1355 1674 1570 1722 ascendit
1595 1674 1767 1723 deinde
1802 1674 1969 1723 sedem
1996 1679 2131 1723 suam

364 1756 413 1803 in
432 1771 581 1804 cornu
603 1755 835 1821 evangelii
857 1771 991 1804 more
1012 1756 1150 1805 solito
1181 1756 1269 1805 sibi
1289 1762 1521 1820 paratam,
1555 1757 1635 1805 ubi
1657 1757 1844 1820 accepit
1863 1756 2129 1806 cardinales

366 1838 426 1887 ad
446 1839 781 1888 reverentiam.
807 1837 1030 1902 Episcopi
1057 1843 1105 1886 et
1125 1838 1391 1902 presbyteri
1414 1838 1680 1887 cardinales
1701 1854 1798 1886 non
1818 1841 2050 1887 venerunt
2069 1838 2132 1887 ad

365 1921 598 1971 circulum
619 1937 776 1985 neque
804 1921 935 1986 prior
965 1920 1355 1985 presbyterorum
1384 1922 1445 1970 ad
1473 1921 1795 1970 assistentiam
1822 1926 2022 1986 propter
2038 1921 2134 1971 loci

365 2005 653 2070 angustiam.
679 2004 876 2054 Diaconi
894 2008 1077 2052 tantum
1113 2004 1192 2067 qui
1226 2004 1379 2068 magis
1413 2002 1586 2053 remoti
1624 2009 1760 2054 erant
1786 2021 1814 2053 a
1841 2006 2068 2070 pontifice
2087 2008 2134 2054 et

364 2092 531 2136 contra
550 2088 724 2136 faciem
752 2087 995 2152 pontificis
1017 2087 1066 2135 in
1093 2103 1179 2136 suo
1207 2103 1421 2136 scammo
1450 2092 1604 2147 erant,
1634 2092 1865 2136 venerunt
1895 2088 1954 2136 ad
1976 2088 2132 2137 circu-

362 2173 479 2220 lum.
516 2175 633 2224 Tum
662 2171 874 2236 episcopi
906 2175 949 2220 et
971 2170 1256 2236 presbyteri,
1292 2171 1340 2218 in
1368 2171 1486 2219 locis
1518 2171 1612 2219 suis
1645 2174 1911 2231 manentes,
1949 2174 2133 2220 tantum

364 2256 651 2305 assistebant
689 2271 775 2319 pro
813 2255 1116 2319 impositione
1156 2254 1340 2302 incensi
1382 2258 1429 2303 et
1477 2254 1768 2303 exhibitione
1806 2254 1966 2318 pacis;
2001 2254 2132 2318 prior

363 2339 964 2404 presbyterorum‘vocatus
983 2338 1143 2386 officio
1166 2352 1252 2386 suo
1273 2337 1400 2386 venit
1418 2338 1762 2386 satisfacturus.
1779 2338 1943 2386 Finita
1962 2337 2126 2398 missa,

364 2425 493 2486 Papa
514 2422 643 2470 dedit
657 2421 1042 2471 benedictionem
1059 2427 1105 2469 et
1118 2421 1380 2484 plenariam
1401 2420 1744 2483 indulgentiam
1764 2436 1907 2484 quam
1923 2436 2132 2485 pronun-

363 2505 501 2554 ciavit
530 2505 797 2564 celebranS,
828 2510 875 2553 et
905 2505 995 2553 alia
1019 2518 1154 2551 more
1183 2503 1321 2550 solito
1357 2507 1466 2550 sunt
1493 2503 1760 2556 observata,
1794 2503 1919 2551 dicta
1945 2507 2130 2552 tantum

363 2603 459 2636 una
485 2588 637 2637 oratio
659 2592 706 2636 et
730 2588 854 2636 male
885 2587 994 2651 quia
1021 2586 1185 2634 debuit
1214 2586 1318 2634 fieri
1348 2586 1580 2634 memoria
1612 2586 1670 2635 de
1700 2603 1738 2634 s.
1777 2589 1918 2635 Petro
1940 2587 2026 2635 sub
2045 2603 2131 2636 sua

363 2671 691 2720 conclusione.
737 2670 993 2719 Publicatis
1021 2686 1109 2734 per
1143 2670 1470 2718 celebrantem
1499 2670 1806 2734 indulgentiis
1844 2673 1972 2735 Papa
2001 2671 2129 2720 venit

362 2754 422 2802 ad
442 2754 760 2802 faldistorIum
785 2754 863 2802 ubi
887 2753 1052 2813 oravit,
1080 2757 1181 2801 tum
1209 2753 1411 2801 surrexit
1433 2758 1480 2802 et
1501 2753 1697 2802 dimisso
1719 2754 1897 2803 ibidem
1918 2754 2122 2819 pluviali,
2196 2779 2207 2786 ·

361 2840 549 2886 retenta
567 2837 685 2885 stola
706 2841 751 2885 et
772 2837 874 2885 aliis
894 2836 1203 2900 paramentis,
1239 2835 1379 2884 exivit
1407 2836 1677 2896 ecclesiam,
1715 2836 2127 2885 ascenditmulam

361 2925 409 2969 et
429 2920 567 2969 rediit
588 2921 648 2969 ad
669 2921 908 2984 palatium*
925 2935 1060 2968 suum
1089 2919 1215 2983 apud
1233 2936 1271 2967 s.
1304 2922 1496 2967 Petrum
1520 2935 1576 2968 eo
1603 2920 1769 2968 ordine
1797 2932 1893 2984 quo
1911 2923 2122 2969 venerat.

424 3003 529 3052 Fuit
549 3007 708 3052 autem
723 3003 772 3051 in
793 3005 942 3052 choro
964 3004 1058 3052 sive
1081 3002 1264 3067 capella
1286 3002 1515 3062 sedendO,
1531 3002 1610 3050 hic
1633 3002 1749 3051 ordo
1776 3021 1784 3051 :
1806 3001 1871 3051 ‘ad
1887 3002 2127 3052 sinistram

361 3090 486 3152 Pape
509 3087 647 3136 sedes
668 3087 808 3136 bassa
825 3103 910 3152 pro
934 3086 1170 3151 episcopis
1185 3085 1533 3144 assistentibuS,
1555 3085 1866 3148 multiplicata
1886 3087 1945 3135 ad
1966 3086 2128 3136 dexte-

361 3186 461 3219 ram
494 3185 604 3220 vero
640 3187 853 3220 scamma
890 3187 976 3235 pro
1017 3169 1253 3234 episcopis
1282 3173 1329 3217 et
1367 3169 1661 3233 presbyteris
1697 3170 2033 3229 cardinalibus,
2074 3169 2124 3218 in

358 3254 555 3318 longum
578 3258 624 3302 et
645 3259 968 3302 transversum
990 3253 1049 3300 ad
1070 3252 1218 3299 instar
1245 3249 1426 3313 capelle
1454 3254 1635 3310 nostre,
1666 3250 1714 3297 in
1749 3252 1967 3315 opposito
1988 3265 2119 3310 vero,

361 3352 572 3385 scamma
612 3340 737 3402 Pape
776 3352 863 3400 pro
904 3334 1134 3383 diaconis.
1177 3335 1307 3380 Inter
1342 3331 1608 3380 cardinales
1646 3339 1780 3381 erant
1822 3332 2116 3392 subdiaconi,

358 3419 618 3478 auditoreS,
643 3418 803 3468 clerici
832 3432 1040 3476 camere,
1071 3414 1296 3480 acolythi,
1321 3413 1597 3463 cubicularii
1628 3418 1675 3464 et
1706 3416 1765 3464 ad
1796 3415 1970 3479 gradus
1990 3417 2118 3478 Pape
