2262 3958
165 329 261 376 [sum
278 325 370 375 1492]
611 322 780 360 RERUM
813 321 1115 360 URBANARUM
1145 321 1494 359 COMMENTARH.
1878 325 1948 360 487

163 433 212 480 et
231 431 396 479 sancte
428 426 682 475 Anastasie
711 426 999 484 cardinales,
1033 429 1307 474 asserentes
1335 425 1618 488 contingere
1653 441 1796 488 posse
1818 427 1946 490 quod

159 513 388 579 princeps
410 514 590 575 Papam
608 510 668 558 ad
689 510 923 574 palatium
948 509 1237 567 associaret3
1264 513 1330 568 et,
1356 524 1414 556 eo
1443 524 1576 568 casu,
1615 525 1761 572 quem
1783 509 1945 558 locum

159 595 365 662 principi
391 594 603 647 dandum
644 610 672 642 a
706 609 783 642 me
813 594 934 641 scire
963 593 1235 642 voluerunt.
1262 592 1507 656 Respondi
1540 592 1810 657 principem
1843 610 1947 643 me—

161 679 296 728 dium
316 679 444 728 inter
471 678 604 743 ipsos
634 677 737 726 fore
765 676 1118 739 recipiendum,
1153 677 1286 739 quod*
1319 677 1435 740 ipsis
1464 676 1690 725 similiter
1713 681 1760 727 et
1792 679 1949 728 cardi—

160 764 258 813 nali
283 762 543 823 Aleriensi,
581 760 662 825 qui
692 759 881 808 medius
910 759 1036 807 inter
1062 774 1146 807 eos
1181 763 1302 818 erat,
1345 759 1496 806 visum
1533 763 1606 808 est
1640 777 1946 827 nequaquam

161 846 439 897 convenire.
463 844 733 895 Voluerunt
764 841 911 905 igitur
933 841 1064 904 quod
1097 843 1391 889 RRmorum.
1418 844 1519 889 DD.
1541 841 1942 906 vicecancellarii,

161 927 466 996 Neapolitani
493 931 542 976 et
576 925 809 975 Senensis
852 924 1118 973 sententias
1159 940 1304 988 super
1341 924 1436 973 hoc
1479 925 1778 989 colligerem,
1819 928 1946 991 quod

160 1014 307 1063 etiam
326 1012 446 1070 feci3
466 1010 639 1075 quibus
657 1009 882 1058 omnibus
895 1007 1134 1072 judicium
1156 1023 1319 1056 meum
1335 1008 1538 1073 placuit;
1564 1025 1659 1073 quo
1680 1010 1944 1070 intellectO,

159 1097 413 1147 voluerunt
431 1095 579 1144 etiam
601 1093 726 1141 Rmi.
764 1095 820 1141 D.
847 1091 1106 1141 cardinalis
1142 1109 1179 1140 s.
1213 1092 1364 1141 Marie
1393 1092 1440 1140 in
1474 1093 1668 1142 Porticu
1689 1110 1835 1158 super
1853 1096 1948 1144 hoc

159 1179 368 1239 habere;
393 1179 475 1243 qui
500 1177 751 1242 respondit
782 1177 876 1224 illis
908 1177 1053 1241 hujus
1085 1176 1153 1224 rei
1185 1176 1526 1226 diffinitionem
1560 1178 1834 1242 relinquere
1867 1179 1948 1243 qui

142 1264 367 1331 ,principi
383 1263 548 1312 locum
565 1266 675 1326 post
695 1261 904 1326 primum
925 1261 1182 1309 diaconum
1197 1261 1542 1325 assignandum
1566 1263 1846 1313 sensissent.

226 1348 335 1398 Dixi
354 1346 587 1412 predictis
611 1345 938 1395 cardinalibus
973 1348 1335 1405 Beneventano,
1370 1351 1485 1405 etc.,
1523 1347 1593 1394 eis
1629 1363 1806 1396 novum
1840 1366 1947 1397 esse

160 1447 259 1480 non
282 1431 463 1480 debere
491 1429 763 1494 principem
791 1428 917 1476 inter
946 1445 998 1476 se
1026 1429 1359 1493 recipiendum
1395 1445 1520 1490 esse,
1549 1429 1674 1479 forte
1703 1433 1816 1495 quia
1837 1449 1948 1481 cum

161 1516 296 1564 loeus
324 1515 370 1564 ei
402 1515 454 1562 in
483 1513 690 1577 collegio
733 1517 846 1562 ante
880 1529 1050 1562 omnes
1073 1501 1210 1562 'alios
1238 1513 1487 1574 diaconOS,
1527 1515 1685 1578 primo
1722 1522 1948 1580 presente

163 1599 378 1664 dempto,
410 1598 551 1647 datus
582 1597 644 1645 sit
674 1602 722 1645 et
751 1596 855 1660 ipse
894 1602 1155 1661 propterea
1187 1598 1235 1645 in
1266 1597 1471 1661 collegio
1503 1604 1758 1662 presentes
1795 1602 1951 1649 cardi-

162 1683 297 1732 nales
317 1681 569 1747 precedat,
593 1681 853 1729 convenire
875 1681 1006 1744 quod
1028 1686 1163 1730 extra
1181 1681 1440 1745 collegium
1467 1699 1637 1731 omnes
1658 1685 1948 1744 cardinales,

162 1767 259 1816 hoc
296 1770 390 1827 est,
421 1765 715 1830 singularem
752 1764 928 1829 singuli
957 1765 1117 1829 ipsum
1149 1765 1419 1826 honorent;
1451 1767 1580 1815 unde
1618 1767 1655 1815 si
1695 1768 1952 1816 cardinalis

160 1865 285 1898 unus
298 1850 378 1899 vel
398 1849 631 1913 quinque,
652 1849 927 1913 presbyteri
947 1849 1024 1897 vel
1045 1849 1254 1908 diaconi,
1278 1865 1367 1913 per
1387 1851 1567 1898 Urbem
1600 1867 1712 1899 cum
1733 1852 1951 1916 principe

161 1933 455 1998 equitarent,
479 1932 740 1982 convenire
756 1932 887 1996 quod
907 1933 1068 1997 ipsum
1087 1933 1357 1997 principem
1378 1933 1506 1982 inter
1522 1950 1574 1983 se
1594 1935 1810 1983 medium
1832 1936 1954 1983 reci-

158 2020 351 2082 perent,
383 2016 530 2080 longe
563 2016 718 2080 magis
751 2016 801 2063 in
828 2016 1006 2080 palatio
1045 2017 1312 2080 apostolico
1343 2017 1392 2064 in
1423 2032 1519 2080 quo
1555 2018 1645 2081 ipsi
1683 2019 1952 2067 cardinales

159 2099 457 2159 residerent;
481 2115 543 2148 an
563 2104 728 2148 autem
750 2100 1006 2163 episcopus
1040 2100 1298 2148 cardinalis
1325 2100 1483 2164 ipsum
1514 2101 1786 2165 principem
1809 2118 1955 2165 super

163 2198 222 2232 eo
240 2182 474 2248 perviam
494 2198 678 2247 ponere
702 2181 919 2240 deberet,
938 2181 1122 2245 judicio
1145 2185 1436 2230 RRmorum.
1482 2186 1582 2231 DD.
1613 2184 1953 2248 episcoporum

164 2252 482 2316 cardinalium
506 2266 697 2329 reliqui.

230 2350 503 2410 Dominica,
528 2353 554 2398 3
576 2349 761 2398 mensis
788 2349 933 2412 junii,
963 2350 1013 2397 in
1039 2350 1197 2413 prima
1223 2365 1419 2398 camera
1445 2354 1555 2414 post
1576 2350 1734 2398 aulam
1758 2351 1954 2415 pontifi-

163 2450 294 2494 cum,
316 2450 462 2498 super
479 2434 696 2493 hortum,
711 2437 880 2497 parata
895 2433 984 2483 fuit
1003 2434 1143 2482 sedes
1162 2434 1306 2482 hassa
1317 2450 1377 2482 ex
1397 2433 1626 2482 bruccato
1646 2449 1792 2482 aureo
1810 2449 1956 2498 super

162 2534 315 2569 unum
338 2517 560 2582 gradum
602 2517 740 2582 juxta
780 2533 993 2587 murum,
1043 2522 1091 2570 et
1135 2518 1346 2582 desuper
1391 2518 1704 2582 supercilium
1754 2534 1953 2567 aureum

163 2606 418 2653 extensum
454 2617 529 2660 ac,
563 2602 701 2666 juxta
736 2601 904 2650 sedem
944 2602 1118 2666 ipsam,
1157 2602 1272 2650 hinc
1313 2606 1360 2651 et
1405 2602 1517 2650 inde
1554 2603 1706 2651 multa
1745 2603 1956 2652 scabella

168 2685 326 2735 veluto
353 2689 584 2750 cooperta
610 2685 771 2749 posita
810 2701 898 2750 pro
930 2685 1235 2750 sponsalibus
1268 2686 1427 2750 neptis
1456 2689 1584 2750 Pape
1615 2686 1797 2735 ibidem
1825 2686 1955 2735 cele-

163 2769 380 2820 brandis.
406 2772 537 2818 Hora
566 2767 742 2817 deinde
775 2770 1062 2819 adveniente
1093 2770 1223 2818 circa
1250 2769 1610 2829 duodecimam,
1639 2787 1698 2818 ex
1725 2770 1957 2818 commis-

168 2855 305 2919 sione
327 2854 412 2902 SS.
435 2856 492 2901 D.
517 2855 574 2902 N.
597 2858 836 2902 venerunt
857 2854 1024 2902 RRmi.
1051 2856 1151 2903 DD.
1178 2856 1547 2904 Beneventanus
1569 2858 1676 2903 ets,
1704 2854 1955 2903 Anastasie

164 2935 443 3012 fflmales
482 2936 543 2985 ad
571 2937 843 3002 principem
878 2940 1059 3002 Capue,
1097 2953 1244 3001 quem
1274 2953 1334 2987 ex
1375 2937 1583 2986 cameris
1614 2937 1711 2985 suis
1742 2937 1957 2985 medium

158 3000 300 3074 ¹{mer
329 3038 382 3073 se
408 3021 712 3071 adduxerunt
742 3020 803 3070 ad
828 3021 1129 3085 pontificem,
1164 3021 1461 3086 principibus
1493 3026 1540 3070 et
1565 3021 1827 3069 baronibus
1858 3021 1958 3069 suis

170 3107 329 3173 ipsum
383 3107 745 3156 comitantibus.
798 3107 1035 3153 Pervento
1085 3104 1146 3153 ad
1191 3106 1492 3170 pontificem,
1545 3109 1794 3170 expectate
1849 3109 1959 3152 sunt

170 3191 419 3251 muliereS,
458 3194 569 3256 post
605 3205 810 3254 quarum
861 3187 1120 3237 adventum
1159 3188 1303 3238 exivit
1346 3188 1563 3253 pontifex
1612 3189 1671 3236 ad
1713 3203 1958 3236 cameram

170 3273 440 3339 predictam
460 3278 509 3322 et
529 3274 579 3321 in
601 3274 730 3322 dieta
751 3273 866 3322 sede
898 3271 1047 3331 sedit3
1073 3276 1121 3321 et
1153 3272 1215 3320 ad
1238 3273 1343 3336 ejus
1377 3273 1630 3322 dexteram
1653 3272 1818 3320 RRmi.
1853 3274 1954 3320 DD.

172 3374 212 3406 S.
231 3356 360 3406 Petri
381 3356 443 3405 ad
474 3357 682 3407 Vincula
711 3362 760 3407 et
799 3373 838 3405 S.
876 3357 1150 3417 Anastasie,
1190 3356 1251 3405 ad
1279 3357 1524 3406 sinistram
1554 3372 1668 3405 vero
1707 3358 1958 3405 Beneven-

175 3449 317 3492 tanus
338 3440 613 3501 cardinalis,
638 3446 685 3490 et
711 3446 820 3505 post
848 3457 959 3490 eum
990 3440 1216 3505 princeps
1247 3443 1425 3506 Capue.
1464 3445 1577 3490 Post
1609 3458 1646 3489 s.
1683 3441 1954 3491 Anastasie.
