2262 3958
357 310 427 344 238
967 309 1199 345 JOHANNIS
1232 309 1526 357 BURCHARDI,
1858 313 2011 354 [Fevrier
2032 313 2123 354 1487]

358 411 587 475 episcopo
613 410 894 473 Glasquensi
921 411 1187 458 oratoribus
1216 410 1343 473 regis
1375 411 1534 459 Scotie
1562 412 1689 473 quod
1714 413 1941 462 cederent
1963 415 2126 463 locum
2152 446 2160 455 ·

357 498 404 541 et
427 510 572 557 supra
592 510 642 541 se
665 493 834 540 darent
863 492 1088 557 episcopo
1127 493 1377 541 Sirmiensi
1405 493 1581 541 oratori
1615 495 1740 559 regis
1774 495 2033 560 Hungarie,
2068 513 2127 545 ex

357 592 416 624 co
448 577 577 638 quod
612 580 832 639 tempore
867 576 1213 625 recordationis
1244 576 1398 624 felicis
1428 577 1497 624 Pii
1536 593 1660 641 pape
1688 579 1884 627 secundi
1910 579 2124 627 decisum

355 663 484 707 esset
528 663 575 707 et
613 658 907 707 declaratum
941 660 1067 722 quod
1100 675 1184 708 rex
1227 659 1433 724 Ungarie
1468 660 1627 708 Scotie
1663 676 1828 724 regem
1859 662 2122 725 precedere

354 741 569 790 deberet.
614 741 844 790 Similiter
885 746 933 790 et
969 742 1164 790 domino
1218 742 1467 791 Melchiori
1512 743 1716 791 Truchst
1769 744 1945 792 oratori
1990 745 2116 793 lllus.

355 824 648 873 marchionis
670 825 1130 889 Brandeburgensis‚
1162 842 1247 875 seu
1274 826 1430 874 fratris
1463 826 1553 885 sui,
1585 826 1712 889 quod
1737 841 1835 874 non
1855 826 2037 876 veniret
2059 827 2119 875 ad

352 908 585 972 capellam
623 908 682 956 ad
725 908 995 957 evitandum
1047 909 1407 958 contentionem
1457 909 1583 958 inter
1630 926 1740 957 eum
1783 913 1830 957 et
1877 914 2119 958 oratorem
2175 957 2189 965 ,

352 990 549 1038 dominii
593 994 892 1041 Venetorum
939 991 1018 1054 qui
1052 996 1247 1056 propter
1282 992 1726 1041 confederationem
1762 993 2116 1057 publicandam,

349 1074 440 1122 hac
470 1089 629 1133 mane,
658 1078 886 1122 venturus
922 1079 1050 1123 esset
1080 1076 1138 1123 ad
1175 1075 1426 1139 capellam.
1460 1075 1581 1136 Dixi,
1609 1071 1771 1139 utique
1805 1079 1863 1124 D.
1887 1077 2120 1126 Melchior

349 1154 599 1218 acquievit,
634 1155 719 1203 sed
736 1155 815 1202 alii
844 1171 894 1203 se
920 1161 1266 1220 opposuerunt.
1298 1159 1417 1204 Nam
1446 1159 1575 1221 Papa
1601 1158 1662 1205 ad
1694 1159 1927 1222 capellam
1962 1160 2117 1224 maj0-

349 1252 450 1284 rem
468 1241 612 1285 eunte
633 1237 836 1301 predicti
858 1242 1073 1288 oratores
1097 1242 1349 1288 Scotorum
1372 1239 1498 1303 regis
1524 1241 1797 1289 Sanctitatis
1813 1258 1896 1290 sue
1913 1242 2118 1306 graviter

347 1319 595 1381 conquesti
635 1324 762 1380 sunt,
811 1320 1048 1369 cardinale
1090 1322 1433 1386 Andegavense
1477 1339 1560 1370 eos
1603 1324 1871 1387 adjuvante.
1918 1327 1985 1372 Ex
2023 1341 2116 1389 quo

347 1403 475 1465 Papa
503 1402 720 1451 mandari
746 1403 860 1451 fecit
893 1407 940 1452 et
967 1404 1083 1467 ipsis
1106 1409 1154 1453 et
1169 1405 1318 1453 alteri
1347 1405 1472 1468 regis
1506 1405 1748 1469 Hungarie
1771 1406 1948 1455 oratori
1980 1422 2042 1456 ne
2068 1407 2118 1455 in

346 1485 613 1548 cappellam
634 1485 888 1546 intrarent;
913 1488 1040 1550 quod
1054 1491 1101 1536 et
1121 1488 1232 1536 feci.

411 1568 592 1616 Deinde
630 1569 982 1633 quamprimum
1022 1571 1260 1619 Sanctitas
1310 1565 1410 1630 sua,
1450 1571 1574 1620 sacta
1607 1588 1664 1620 ex
1706 1587 1839 1620 more
1879 1573 2112 1635 oratione,

347 1651 518 1698 solium
549 1653 863 1713 ascendisset,
911 1653 1070 1702 vocari
1106 1654 1218 1702 fecit
1261 1670 1428 1702 omnes
1467 1654 1753 1715 cardinales,
1797 1655 1969 1719 quibus
2005 1661 2115 1706 ante

346 1750 454 1781 eum
482 1751 570 1798 per
605 1735 836 1783 circulum
870 1736 1101 1785 stantibus
1141 1737 1389 1801 proposuit
1431 1754 1530 1785 rem
1567 1738 1832 1801 questionis
1871 1743 2115 1788 oratorum

345 1832 513 1879 regum
534 1818 877 1881 predictorum,
903 1835 1069 1868 eorum
1097 1824 1266 1883 petens
1298 1820 1574 1881 consilium;
1612 1822 1712 1882 sed,
1741 1837 1793 1870 re
1818 1838 1916 1870 non
1933 1822 2111 1883 decisa,

345 1900 611 1949 cardinales
645 1902 705 1949 ad
738 1919 825 1950 sua
854 1903 962 1951 loca
998 1903 1266 1962 redierunt3
1299 1904 1517 1952 fecerunt
1551 1904 1723 1952 deinde
1747 1904 1797 1951 in
1821 1904 1984 1969 cappis
2019 1906 2114 1953 suis

344 1984 678 2032 reverentiam.
714 1986 987 2034 Cardinales
1025 1986 1082 2034 de
1119 1983 1318 2035 Sabellis
1347 1990 1394 2035 et
1421 1987 1653 2035 Columna
1683 1991 1963 2036 manserunt
1989 1989 2113 2052 apud

342 2067 640 2129 pontificem,
666 2068 779 2116 dum
802 2069 1028 2118 Senensis
1050 2073 1097 2118 et
1117 2086 1156 2117 s.
1183 2070 1374 2133 Georgii
1396 2086 1505 2125 cum
1527 2070 1632 2118 aliis
1645 2070 1964 2119 cardinalibus
1978 2087 2113 2134 para-

342 2155 506 2197 menta
528 2150 826 2214 acciperent3
853 2153 937 2200 sed
954 2153 1079 2202 male
1099 2173 1107 2203 :
1130 2153 1486 2203 debebatenim
1499 2153 1730 2202 Ascanius
1752 2170 1861 2202 cum
1882 2153 2114 2203 Columna

345 2232 580 2282 mansisse
602 2234 680 2296 qui
694 2236 912 2299 juniores
934 2240 1085 2285 erant.
1113 2236 1308 2285 Interim
1331 2239 1458 2301 Papa
1478 2237 1718 2285 mandavit
1737 2236 1857 2286 mihi
1877 2239 2005 2302 quod
2023 2253 2111 2302 pro

341 2316 434 2363 hoc
452 2331 593 2364 mane
615 2316 979 2381 archiepiscopo
1002 2334 1040 2364 s.
1065 2317 1253 2365 Andree
1271 2321 1318 2365 et
1339 2317 1565 2382 episcopo
1582 2318 1864 2382 Glasquensi
1884 2319 2111 2383 predictis

340 2398 501 2446 locum
548 2399 713 2448 darem
749 2399 874 2448 inter
918 2400 1170 2464 episcopos
1204 2400 1482 2448 assistentes
1523 2404 1569 2448 et
1599 2401 1827 2464 episcopo
1861 2402 2109 2450 Sirmiensi

340 2481 466 2530 inter
501 2486 716 2530 oratores
751 2482 1013 2546 predictos,
1051 2483 1178 2546 quod
1215 2483 1554 2531 Sireminensis
1581 2484 1866 2547 acceptavit;
1896 2483 1963 2531 illi
1995 2499 2109 2533 vero

339 2569 636 2624 recusanteS,
668 2565 901 2628 capellam
938 2565 1203 2613 exiverunt.
1245 2565 1428 2614 Paratis
1460 2566 1780 2614 cardinalibus
1817 2570 1864 2615 et
1892 2566 2103 2630 prelatis,

340 2647 545 2695 surrexit
581 2647 811 2711 pontifex,
837 2652 884 2696 et
913 2652 1043 2696 stans
1073 2648 1174 2696 sine
1203 2648 1360 2708 mitra,
1391 2648 1636 2697 benedixit
1662 2649 1884 2698 candelas
1917 2649 1979 2697 ad
2005 2650 2106 2713 ejus

337 2729 578 2778 sinistram
605 2730 655 2778 in
690 2732 796 2795 ejus
843 2730 946 2779 acie
984 2731 1166 2795 capelle
1214 2731 1473 2791 ordinatas,
1508 2732 1709 2796 aspersit
1732 2731 1793 2796 [et
1825 2731 2101 2781 incensavit.

336 2815 453 2860 Tum
474 2813 712 2862 distribuit
733 2814 851 2862 duos
870 2829 1070 2878 magnos
1092 2830 1260 2863 cereos
1287 2819 1396 2862 ante
1427 2830 1477 2863 se
1505 2814 1690 2863 oblatos
1715 2819 1762 2863 et
1789 2815 1919 2864 dedit
1938 2815 2101 2866 comiti

336 2896 546 2944 Tendille
581 2913 609 2945 a
637 2897 814 2946 dextris
846 2902 894 2945 et
920 2900 978 2946 D.
1013 2898 1232 2946 Mauritio
1268 2897 1398 2946 fratri
1439 2914 1524 2945 suo
1559 2914 1587 2946 a
1614 2897 1817 2946 sinistris
1845 2899 2095 2959 stantibuS,

335 2979 506 3042 quibus
543 2984 590 3028 et
618 2980 792 3044 dispoti
825 2980 976 3029 Morie
1011 2981 1233 3030 candelas
1273 2981 1423 3040 albas,
1458 2985 1509 3028 ut
1545 2981 1877 3031 cardinalibus.
1916 2982 2098 3030 Deinde

336 3062 461 3109 sacta
482 3052 554 3110 est
573 3063 818 3127 processio
841 3079 900 3112 ex
920 3064 1102 3128 capella
1127 3063 1341 3128 predicta
1367 3078 1516 3126 usque
1543 3063 1604 3111 ad
1628 3063 1776 3111 altare
1803 3063 1958 3127 majus
1978 3062 2100 3111 basi-

334 3143 427 3193 lice
466 3162 504 3192 s.
549 3147 693 3206 Petri,
735 3147 928 3210 prelatis
965 3151 1012 3194 et
1041 3147 1143 3194 aliis
1174 3146 1566 3210 precedentibus;
1593 3161 1726 3205 crux,
1764 3146 2027 3194 cardinales
2051 3149 2099 3193 et

337 3228 552 3293 episcopi
593 3234 874 3278 manserunt
913 3229 961 3277 in
997 3230 1103 3278 aula
1138 3244 1388 3292 quousque
1422 3228 1638 3292 pontifex
1672 3228 1894 3277 candelas
1922 3227 2097 3293 populo

333 3311 636 3374 prOJecisset,
674 3312 845 3361 deinde
881 3329 967 3362 suo
995 3312 1160 3361 ordine
1193 3315 1531 3375 processerunt
1557 3311 1617 3359 ad
1644 3311 1890 3360 basilicam
1912 3310 2100 3375 'predic-

338 3398 452 3455 tam,
491 3397 587 3457 ubi,
631 3397 760 3446 circa
794 3397 951 3461 majus
992 3396 1159 3455 altare,
1207 3393 1413 3443 dimissis
1458 3395 1768 3458 paramentiS,
1811 3398 2099 3457 acceperunt
