<?xml version="1.0" encoding="UTF-8"?>
<!DOCTYPE html PUBLIC "-//W3C//DTD XHTML 1.0 Transitional//EN"
    "http://www.w3.org/TR/xhtml1/DTD/xhtml1-transitional.dtd">
<html xmlns="http://www.w3.org/1999/xhtml" xml:lang="en" lang="en">
 <head>
  <title>
</title>
<meta http-equiv="Content-Type" content="text/html;charset=utf-8" />
  <meta name='ocr-system' content='tesseract 3.04.00' />
  <meta name='ocr-capabilities' content='ocr_page ocr_carea ocr_par ocr_line ocrx_word'/>
</head>
<body>
  <div class='ocr_page' id='page_1' title='image "./diariumsivererum01burcuoft_0262.png"; bbox 0 0 2262 3958; ppageno 0'>
   <div class='ocr_carea' id='block_1_1' title="bbox 331 317 2096 366">
    <p class='ocr_par' dir='ltr' id='par_1_1' title="bbox 331 317 2096 366">
     <span class='ocr_line' id='line_1_1' title="bbox 331 317 2096 366; baseline -0.002 -6"><span class='ocrx_word' id='word_1_1' title='bbox 331 326 402 361; x_wconf 82' lang='lat'>252</span> <span class='ocrx_word' id='word_1_2' title='bbox 937 320 955 356; x_wconf 87' lang='lat' dir='ltr'><strong>J</strong></span> <span class='ocrx_word' id='word_1_3' title='bbox 961 319 1169 357; x_wconf 79' lang='lat' dir='ltr'>OHANNIS</span> <span class='ocrx_word' id='word_1_4' title='bbox 1202 317 1494 365; x_wconf 81' lang='lat' dir='ltr'>BURCHARDI,</span> <span class='ocrx_word' id='word_1_5' title='bbox 1880 323 1985 366; x_wconf 74' lang='lat' dir='ltr'>[Avril</span> <span class='ocrx_word' id='word_1_6' title='bbox 2005 325 2096 366; x_wconf 75' lang='lat'><strong>1487]</strong></span> 
     </span>
    </p>
   </div>
   <div class='ocr_carea' id='block_1_2' title="bbox 307 422 2121 3480">
    <p class='ocr_par' dir='ltr' id='par_1_2' title="bbox 329 422 2094 658">
     <span class='ocr_line' id='line_1_2' title="bbox 329 422 2094 490; baseline -0.002 -12"><span class='ocrx_word' id='word_1_7' title='bbox 329 429 532 478; x_wconf 88' lang='lat' dir='ltr'>dicenda</span> <span class='ocrx_word' id='word_1_8' title='bbox 568 444 578 476; x_wconf 92' lang='lat'>:</span> <span class='ocrx_word' id='word_1_9' title='bbox 618 441 790 490; x_wconf 90' lang='lat' dir='ltr'>aquam</span> <span class='ocrx_word' id='word_1_10' title='bbox 827 438 914 488; x_wconf 90' lang='lat' dir='ltr'>pro</span> <span class='ocrx_word' id='word_1_11' title='bbox 944 422 1126 471; x_wconf 88' lang='lat' dir='ltr'>lotione</span> <span class='ocrx_word' id='word_1_12' title='bbox 1176 436 1404 469; x_wconf 89' lang='lat' dir='ltr'>manuum</span> <span class='ocrx_word' id='word_1_13' title='bbox 1436 424 1562 486; x_wconf 90' lang='lat' dir='ltr'>Pape</span> <span class='ocrx_word' id='word_1_14' title='bbox 1601 424 1834 474; x_wconf 88' lang='lat' dir='ltr'>dederunt</span> <span class='ocrx_word' id='word_1_15' title='bbox 1870 443 1878 472; x_wconf 90' lang='lat'>:</span> <span class='ocrx_word' id='word_1_16' title='bbox 1918 425 2094 489; x_wconf 91' lang='lat' dir='ltr'>primo,</span> 
     </span>
     <span class='ocr_line' id='line_1_3' title="bbox 331 504 2091 570; baseline -0.002 -9"><span class='ocrx_word' id='word_1_17' title='bbox 331 516 543 570; x_wconf 81' lang='lat' dir='ltr'>senator3</span> <span class='ocrx_word' id='word_1_18' title='bbox 587 508 817 566; x_wconf 83' lang='lat' dir='ltr'>secundo,</span> <span class='ocrx_word' id='word_1_19' title='bbox 867 509 1030 555; x_wconf 90' lang='lat' dir='ltr'>orator</span> <span class='ocrx_word' id='word_1_20' title='bbox 1078 504 1403 568; x_wconf 88' lang='lat' dir='ltr'>imperatoris;</span> <span class='ocrx_word' id='word_1_21' title='bbox 1450 506 1608 566; x_wconf 79' lang='lat' dir='ltr'>tertiO,</span> <span class='ocrx_word' id='word_1_22' title='bbox 1654 523 1816 558; x_wconf 91' lang='lat' dir='ltr'>comes</span> <span class='ocrx_word' id='word_1_23' title='bbox 1853 508 2091 568; x_wconf 87' lang='lat' dir='ltr'>Tondille;</span> 
     </span>
     <span class='ocr_line' id='line_1_4' title="bbox 330 588 1400 658; baseline -0.007 -16"><span class='ocrx_word' id='word_1_24' title='bbox 330 599 517 658; x_wconf 88' lang='lat' dir='ltr'>quarto,</span> <span class='ocrx_word' id='word_1_25' title='bbox 546 593 806 655; x_wconf 89' lang='lat' dir='ltr'>imperator</span> <span class='ocrx_word' id='word_1_26' title='bbox 827 588 1400 651; x_wconf 89' lang='lat' dir='ltr'>Constantinopolitanus.</span> 
     </span>
    </p>

    <p class='ocr_par' dir='ltr' id='par_1_3' title="bbox 307 672 2121 3480">
     <span class='ocr_line' id='line_1_5' title="bbox 398 672 2098 739; baseline 0 -14"><span class='ocrx_word' id='word_1_27' title='bbox 398 675 671 725; x_wconf 89' lang='lat' dir='ltr'>Cardinales</span> <span class='ocrx_word' id='word_1_28' title='bbox 708 691 746 724; x_wconf 81' lang='lat' dir='ltr'>s,</span> <span class='ocrx_word' id='word_1_29' title='bbox 780 673 1056 733; x_wconf 82' lang='lat' dir='ltr'>ClementiS,</span> <span class='ocrx_word' id='word_1_30' title='bbox 1087 673 1146 720; x_wconf 92' lang='lat' dir='ltr'>de</span> <span class='ocrx_word' id='word_1_31' title='bbox 1180 672 1440 721; x_wconf 82' lang='lat' dir='ltr'>Comitibus</span> <span class='ocrx_word' id='word_1_32' title='bbox 1477 678 1524 720; x_wconf 91' lang='lat' dir='ltr'>et</span> <span class='ocrx_word' id='word_1_33' title='bbox 1556 674 1846 734; x_wconf 82' lang='lat' dir='ltr'>ParmensiS,</span> <span class='ocrx_word' id='word_1_34' title='bbox 1880 676 2098 739; x_wconf 86' lang='lat' dir='ltr'>juniores</span> 
     </span>
     <span class='ocr_line' id='line_1_6' title="bbox 330 755 2099 827; baseline -0.001 -17"><span class='ocrx_word' id='word_1_35' title='bbox 330 759 598 827; x_wconf 84' lang='lat' dir='ltr'>presbyteri</span> <span class='ocrx_word' id='word_1_36' title='bbox 637 761 950 807; x_wconf 87' lang='lat' dir='ltr'>occurrerunt</span> <span class='ocrx_word' id='word_1_37' title='bbox 982 758 1110 820; x_wconf 90' lang='lat' dir='ltr'>Pape</span> <span class='ocrx_word' id='word_1_38' title='bbox 1143 755 1203 803; x_wconf 90' lang='lat' dir='ltr'>ad</span> <span class='ocrx_word' id='word_1_39' title='bbox 1235 756 1591 804; x_wconf 88' lang='lat' dir='ltr'>confessionem</span> <span class='ocrx_word' id='word_1_40' title='bbox 1625 757 1754 804; x_wconf 91' lang='lat' dir='ltr'>eunti</span> <span class='ocrx_word' id='word_1_41' title='bbox 1784 758 1864 820; x_wconf 92' lang='lat' dir='ltr'>qui</span> <span class='ocrx_word' id='word_1_42' title='bbox 1898 759 2099 808; x_wconf 89' lang='lat' dir='ltr'>osculati</span> 
     </span>
     <span class='ocr_line' id='line_1_7' title="bbox 334 839 2097 907; baseline -0.002 -13"><span class='ocrx_word' id='word_1_43' title='bbox 334 850 441 894; x_wconf 83' lang='lat' dir='ltr'>sunt</span> <span class='ocrx_word' id='word_1_44' title='bbox 478 847 655 907; x_wconf 81' lang='lat' dir='ltr'>Papam</span> <span class='ocrx_word' id='word_1_45' title='bbox 687 842 844 905; x_wconf 85' lang='lat' dir='ltr'>primo</span> <span class='ocrx_word' id='word_1_46' title='bbox 865 841 914 888; x_wconf 89' lang='lat' dir='ltr'>in</span> <span class='ocrx_word' id='word_1_47' title='bbox 942 855 1041 900; x_wconf 88' lang='lat' dir='ltr'>ore,</span> <span class='ocrx_word' id='word_1_48' title='bbox 1066 843 1234 903; x_wconf 88' lang='lat' dir='ltr'>postea</span> <span class='ocrx_word' id='word_1_49' title='bbox 1256 839 1304 887; x_wconf 91' lang='lat' dir='ltr'>in</span> <span class='ocrx_word' id='word_1_50' title='bbox 1329 843 1547 903; x_wconf 82' lang='lat' dir='ltr'>pectore,</span> <span class='ocrx_word' id='word_1_51' title='bbox 1577 855 1675 888; x_wconf 90' lang='lat' dir='ltr'>non</span> <span class='ocrx_word' id='word_1_52' title='bbox 1700 841 1747 888; x_wconf 90' lang='lat' dir='ltr'>in</span> <span class='ocrx_word' id='word_1_53' title='bbox 1775 856 1919 890; x_wconf 90' lang='lat' dir='ltr'>cruce</span> <span class='ocrx_word' id='word_1_54' title='bbox 1949 842 2097 906; x_wconf 86' lang='lat' dir='ltr'>pallii.</span> 
     </span>
     <span class='ocr_line' id='line_1_8' title="bbox 334 923 2100 988; baseline -0.001 -12"><span class='ocrx_word' id='word_1_55' title='bbox 334 927 665 977; x_wconf 90' lang='lat' dir='ltr'>Subdiaconus</span> <span class='ocrx_word' id='word_1_56' title='bbox 679 928 788 988; x_wconf 90' lang='lat' dir='ltr'>post</span> <span class='ocrx_word' id='word_1_57' title='bbox 806 924 1038 972; x_wconf 90' lang='lat' dir='ltr'>lotionem</span> <span class='ocrx_word' id='word_1_58' title='bbox 1056 937 1285 970; x_wconf 92' lang='lat' dir='ltr'>manuum</span> <span class='ocrx_word' id='word_1_59' title='bbox 1302 938 1496 970; x_wconf 90' lang='lat' dir='ltr'>suarum</span> <span class='ocrx_word' id='word_1_60' title='bbox 1512 927 1559 971; x_wconf 88' lang='lat' dir='ltr'>et</span> <span class='ocrx_word' id='word_1_61' title='bbox 1572 923 1890 973; x_wconf 86' lang='lat' dir='ltr'>extertionem</span> <span class='ocrx_word' id='word_1_62' title='bbox 1911 924 2100 974; x_wconf 87' lang='lat' dir='ltr'>tobalee</span> 
     </span>
     <span class='ocr_line' id='line_1_9' title="bbox 335 1005 2104 1074; baseline -0.002 -15"><span class='ocrx_word' id='word_1_63' title='bbox 335 1025 481 1074; x_wconf 86' lang='lat' dir='ltr'>super</span> <span class='ocrx_word' id='word_1_64' title='bbox 493 1009 659 1069; x_wconf 87' lang='lat' dir='ltr'>altare,</span> <span class='ocrx_word' id='word_1_65' title='bbox 681 1007 884 1072; x_wconf 89' lang='lat' dir='ltr'>portavit</span> <span class='ocrx_word' id='word_1_66' title='bbox 904 1007 963 1055; x_wconf 88' lang='lat' dir='ltr'>de</span> <span class='ocrx_word' id='word_1_67' title='bbox 986 1005 1232 1054; x_wconf 73' lang='lat' dir='ltr'>credentia</span> <span class='ocrx_word' id='word_1_68' title='bbox 1252 1005 1453 1054; x_wconf 80' lang='lat' dir='ltr'>calicem</span> <span class='ocrx_word' id='word_1_69' title='bbox 1469 1006 1782 1055; x_wconf 86' lang='lat' dir='ltr'>cristallinum</span> <span class='ocrx_word' id='word_1_70' title='bbox 1804 1023 1914 1055; x_wconf 91' lang='lat' dir='ltr'>cum</span> <span class='ocrx_word' id='word_1_71' title='bbox 1933 1007 2104 1056; x_wconf 86' lang='lat' dir='ltr'>hostiis</span> 
     </span>
     <span class='ocr_line' id='line_1_10' title="bbox 335 1089 2108 1158; baseline -0.001 -18"><span class='ocrx_word' id='word_1_72' title='bbox 335 1109 420 1158; x_wconf 91' lang='lat' dir='ltr'>pro</span> <span class='ocrx_word' id='word_1_73' title='bbox 442 1092 618 1157; x_wconf 90' lang='lat' dir='ltr'>populo</span> <span class='ocrx_word' id='word_1_74' title='bbox 640 1096 687 1140; x_wconf 91' lang='lat' dir='ltr'>et</span> <span class='ocrx_word' id='word_1_75' title='bbox 711 1092 919 1155; x_wconf 82' lang='lat' dir='ltr'>desuper</span> <span class='ocrx_word' id='word_1_76' title='bbox 939 1091 1134 1139; x_wconf 92' lang='lat' dir='ltr'>bursam</span> <span class='ocrx_word' id='word_1_77' title='bbox 1150 1089 1492 1152; x_wconf 81' lang='lat' dir='ltr'>corporalium,</span> <span class='ocrx_word' id='word_1_78' title='bbox 1510 1089 1796 1138; x_wconf 87' lang='lat' dir='ltr'>hostiarium</span> <span class='ocrx_word' id='word_1_79' title='bbox 1818 1094 1865 1139; x_wconf 90' lang='lat' dir='ltr'>et</span> <span class='ocrx_word' id='word_1_80' title='bbox 1884 1090 2108 1154; x_wconf 90' lang='lat' dir='ltr'>purifica-</span> 
     </span>
     <span class='ocr_line' id='line_1_11' title="bbox 339 1172 2108 1236; baseline 0 -12"><span class='ocrx_word' id='word_1_81' title='bbox 339 1176 534 1225; x_wconf 89' lang='lat' dir='ltr'>torium.</span> <span class='ocrx_word' id='word_1_82' title='bbox 556 1174 817 1222; x_wconf 91' lang='lat' dir='ltr'>Cardinalis</span> <span class='ocrx_word' id='word_1_83' title='bbox 837 1190 875 1220; x_wconf 90' lang='lat' dir='ltr'>s.</span> <span class='ocrx_word' id='word_1_84' title='bbox 905 1173 1096 1236; x_wconf 86' lang='lat' dir='ltr'>Georgii</span> <span class='ocrx_word' id='word_1_85' title='bbox 1126 1172 1203 1235; x_wconf 90' lang='lat' dir='ltr'>qui</span> <span class='ocrx_word' id='word_1_86' title='bbox 1231 1172 1530 1235; x_wconf 88' lang='lat' dir='ltr'>evangelium</span> <span class='ocrx_word' id='word_1_87' title='bbox 1559 1178 1848 1234; x_wconf 87' lang='lat' dir='ltr'>cantaverat,</span> <span class='ocrx_word' id='word_1_88' title='bbox 1880 1174 1928 1222; x_wconf 92' lang='lat' dir='ltr'>in</span> <span class='ocrx_word' id='word_1_89' title='bbox 1948 1175 2108 1224; x_wconf 88' lang='lat' dir='ltr'>medio</span> 
     </span>
     <span class='ocr_line' id='line_1_12' title="bbox 341 1244 2108 1320; baseline -0.001 -12"><span class='ocrx_word' id='word_1_90' title='bbox 341 1259 499 1308; x_wconf 88' lang='lat' dir='ltr'>altaris</span> <span class='ocrx_word' id='word_1_91' title='bbox 536 1257 751 1307; x_wconf 89' lang='lat' dir='ltr'>extendit</span> <span class='ocrx_word' id='word_1_92' title='bbox 782 1258 996 1316; x_wconf 89' lang='lat' dir='ltr'>bursam,</span> <span class='ocrx_word' id='word_1_93' title='bbox 1038 1256 1100 1303; x_wconf 91' lang='lat' dir='ltr'>ad</span> <span class='ocrx_word' id='word_1_94' title='bbox 1140 1259 1326 1320; x_wconf 89' lang='lat' dir='ltr'>partem</span> <span class='ocrx_word' id='word_1_95' title='bbox 1371 1256 1530 1319; x_wconf 86' lang='lat' dir='ltr'>posuit</span> <span class='ocrx_word' id='word_1_96' title='bbox 1558 1257 1694 1319; x_wconf 88' lang='lat' dir='ltr'>juxta</span> <span class='ocrx_word' id='word_1_97' title='bbox 1737 1244 2108 1308; x_wconf 83' lang='lat' dir='ltr'>instrumentum</span> 
     </span>
     <span class='ocr_line' id='line_1_13' title="bbox 307 1338 2110 1407; baseline -0.002 -14"><span class='ocrx_word' id='word_1_98' title='bbox 307 1389 314 1394; x_wconf 26' lang='lat' dir='ltr'>i</span> <span class='ocrx_word' id='word_1_99' title='bbox 342 1358 486 1407; x_wconf 93' lang='lat' dir='ltr'>super</span> <span class='ocrx_word' id='word_1_100' title='bbox 511 1341 638 1405; x_wconf 91' lang='lat' dir='ltr'>quod</span> <span class='ocrx_word' id='word_1_101' title='bbox 664 1339 804 1387; x_wconf 90' lang='lat' dir='ltr'>mitra</span> <span class='ocrx_word' id='word_1_102' title='bbox 837 1342 963 1402; x_wconf 91' lang='lat' dir='ltr'>Pape</span> <span class='ocrx_word' id='word_1_103' title='bbox 986 1338 1234 1402; x_wconf 87' lang='lat' dir='ltr'>reponitur</span> <span class='ocrx_word' id='word_1_104' title='bbox 1272 1343 1320 1386; x_wconf 90' lang='lat' dir='ltr'>et</span> <span class='ocrx_word' id='word_1_105' title='bbox 1356 1338 1556 1387; x_wconf 88' lang='lat' dir='ltr'>calicem</span> <span class='ocrx_word' id='word_1_106' title='bbox 1592 1339 1905 1388; x_wconf 89' lang='lat' dir='ltr'>cristallinum</span> <span class='ocrx_word' id='word_1_107' title='bbox 1934 1346 2110 1404; x_wconf 86' lang='lat' dir='ltr'>patena</span> 
     </span>
     <span class='ocr_line' id='line_1_14' title="bbox 342 1420 2112 1490; baseline -0.002 -16"><span class='ocrx_word' id='word_1_108' title='bbox 342 1428 639 1490; x_wconf 89' lang='lat' dir='ltr'>coopertum.</span> <span class='ocrx_word' id='word_1_109' title='bbox 672 1426 791 1472; x_wconf 91' lang='lat' dir='ltr'>Cum</span> <span class='ocrx_word' id='word_1_110' title='bbox 823 1436 921 1469; x_wconf 91' lang='lat' dir='ltr'>non</span> <span class='ocrx_word' id='word_1_111' title='bbox 949 1425 1078 1468; x_wconf 88' lang='lat' dir='ltr'>esset</span> <span class='ocrx_word' id='word_1_112' title='bbox 1115 1420 1179 1468; x_wconf 94' lang='lat' dir='ltr'>ibi</span> <span class='ocrx_word' id='word_1_113' title='bbox 1219 1420 1618 1484; x_wconf 43' lang='lat' dir='ltr'>pallasreposuit</span> <span class='ocrx_word' id='word_1_114' title='bbox 1658 1436 1806 1484; x_wconf 90' lang='lat' dir='ltr'>super</span> <span class='ocrx_word' id='word_1_115' title='bbox 1843 1423 2112 1487; x_wconf 86' lang='lat' dir='ltr'>corporalia</span> 
     </span>
     <span class='ocr_line' id='line_1_15' title="bbox 343 1503 2111 1573; baseline -0.001 -16"><span class='ocrx_word' id='word_1_116' title='bbox 343 1512 452 1557; x_wconf 87' lang='lat' dir='ltr'>ante</span> <span class='ocrx_word' id='word_1_117' title='bbox 494 1512 540 1556; x_wconf 87' lang='lat' dir='ltr'>et</span> <span class='ocrx_word' id='word_1_118' title='bbox 578 1524 728 1573; x_wconf 90' lang='lat' dir='ltr'>prope</span> <span class='ocrx_word' id='word_1_119' title='bbox 761 1523 972 1556; x_wconf 89' lang='lat' dir='ltr'>crucem.</span> <span class='ocrx_word' id='word_1_120' title='bbox 1017 1508 1134 1554; x_wconf 90' lang='lat' dir='ltr'>Cum</span> <span class='ocrx_word' id='word_1_121' title='bbox 1168 1508 1298 1567; x_wconf 90' lang='lat' dir='ltr'>Papa</span> <span class='ocrx_word' id='word_1_122' title='bbox 1335 1503 1516 1552; x_wconf 89' lang='lat' dir='ltr'>diceret</span> <span class='ocrx_word' id='word_1_123' title='bbox 1554 1520 1640 1567; x_wconf 90' lang='lat' dir='ltr'>pro</span> <span class='ocrx_word' id='word_1_124' title='bbox 1681 1505 1922 1553; x_wconf 90' lang='lat' dir='ltr'>oblatione</span> <span class='ocrx_word' id='word_1_125' title='bbox 1954 1506 2111 1555; x_wconf 90' lang='lat' dir='ltr'>hostie</span> 
     </span>
     <span class='ocr_line' id='line_1_16' title="bbox 348 1586 2112 1657; baseline -0.001 -18"><span class='ocrx_word' id='word_1_126' title='bbox 348 1591 601 1657; x_wconf 74' lang='lat' dir='ltr'>offerimus</span> <span class='ocrx_word' id='word_1_127' title='bbox 642 1591 739 1650; x_wconf 81' lang='lat' dir='ltr'>tibi,</span> <span class='ocrx_word' id='word_1_128' title='bbox 786 1590 1001 1647; x_wconf 83' lang='lat' dir='ltr'>Domine,</span> <span class='ocrx_word' id='word_1_129' title='bbox 1038 1595 1144 1647; x_wconf 63' lang='lat' dir='ltr'>ete„</span> <span class='ocrx_word' id='word_1_130' title='bbox 1200 1586 1453 1635; x_wconf 91' lang='lat' dir='ltr'>cardinalis</span> <span class='ocrx_word' id='word_1_131' title='bbox 1496 1604 1534 1635; x_wconf 84' lang='lat' dir='ltr'>s.</span> <span class='ocrx_word' id='word_1_132' title='bbox 1585 1588 1774 1652; x_wconf 85' lang='lat' dir='ltr'>Georgii</span> <span class='ocrx_word' id='word_1_133' title='bbox 1822 1589 2112 1653; x_wconf 89' lang='lat' dir='ltr'>discoperuit</span> 
     </span>
     <span class='ocr_line' id='line_1_17' title="bbox 344 1671 2114 1736; baseline -0.001 -13"><span class='ocrx_word' id='word_1_134' title='bbox 344 1674 545 1723; x_wconf 83' lang='lat' dir='ltr'>calicem</span> <span class='ocrx_word' id='word_1_135' title='bbox 575 1673 887 1722; x_wconf 90' lang='lat' dir='ltr'>cristallinum</span> <span class='ocrx_word' id='word_1_136' title='bbox 933 1678 981 1722; x_wconf 89' lang='lat' dir='ltr'>et</span> <span class='ocrx_word' id='word_1_137' title='bbox 1023 1688 1134 1721; x_wconf 92' lang='lat' dir='ltr'>eum</span> <span class='ocrx_word' id='word_1_138' title='bbox 1175 1687 1325 1736; x_wconf 89' lang='lat' dir='ltr'>prope</span> <span class='ocrx_word' id='word_1_139' title='bbox 1362 1671 1643 1735; x_wconf 89' lang='lat' dir='ltr'>pontificem</span> <span class='ocrx_word' id='word_1_140' title='bbox 1676 1671 1827 1720; x_wconf 91' lang='lat' dir='ltr'>tenuit</span> <span class='ocrx_word' id='word_1_141' title='bbox 1865 1689 2017 1736; x_wconf 90' lang='lat' dir='ltr'>usque</span> <span class='ocrx_word' id='word_1_142' title='bbox 2053 1674 2114 1722; x_wconf 91' lang='lat' dir='ltr'>ad</span> 
     </span>
     <span class='ocr_line' id='line_1_18' title="bbox 345 1755 2112 1821; baseline 0 -15"><span class='ocrx_word' id='word_1_143' title='bbox 345 1758 635 1821; x_wconf 83' lang='lat' dir='ltr'>completam</span> <span class='ocrx_word' id='word_1_144' title='bbox 666 1758 952 1816; x_wconf 90' lang='lat' dir='ltr'>orationem,</span> <span class='ocrx_word' id='word_1_145' title='bbox 995 1761 1098 1804; x_wconf 91' lang='lat' dir='ltr'>tum</span> <span class='ocrx_word' id='word_1_146' title='bbox 1138 1771 1249 1804; x_wconf 90' lang='lat' dir='ltr'>eum</span> <span class='ocrx_word' id='word_1_147' title='bbox 1282 1755 1497 1818; x_wconf 88' lang='lat' dir='ltr'>reposuit</span> <span class='ocrx_word' id='word_1_148' title='bbox 1527 1756 1585 1803; x_wconf 89' lang='lat' dir='ltr'>ad</span> <span class='ocrx_word' id='word_1_149' title='bbox 1620 1755 1829 1819; x_wconf 90' lang='lat' dir='ltr'>primum</span> <span class='ocrx_word' id='word_1_150' title='bbox 1863 1756 2024 1805; x_wconf 91' lang='lat' dir='ltr'>locum</span> <span class='ocrx_word' id='word_1_151' title='bbox 2066 1762 2112 1806; x_wconf 88' lang='lat' dir='ltr'>et</span> 
     </span>
     <span class='ocr_line' id='line_1_19' title="bbox 345 1839 2114 1905; baseline -0.001 -15"><span class='ocrx_word' id='word_1_152' title='bbox 345 1840 612 1905; x_wconf 88' lang='lat' dir='ltr'>cooperuit,</span> <span class='ocrx_word' id='word_1_153' title='bbox 631 1843 760 1904; x_wconf 92' lang='lat' dir='ltr'>Papa</span> <span class='ocrx_word' id='word_1_154' title='bbox 781 1841 970 1889; x_wconf 87' lang='lat' dir='ltr'>dicente</span> <span class='ocrx_word' id='word_1_155' title='bbox 996 1858 1005 1887; x_wconf 76' lang='grc' dir='ltr'>ε</span> <span class='ocrx_word' id='word_1_156' title='bbox 1027 1840 1122 1888; x_wconf 79' lang='lat' dir='ltr'>Per</span> <span class='ocrx_word' id='word_1_157' title='bbox 1141 1840 1315 1899; x_wconf 84' lang='lat' dir='ltr'>omnia,</span> <span class='ocrx_word' id='word_1_158' title='bbox 1348 1846 1433 1887; x_wconf 81' lang='lat' dir='ltr'>etc.</span> <span class='ocrx_word' id='word_1_159' title='bbox 1456 1841 1580 1887; x_wconf 90' lang='lat' dir='ltr'>Ante</span> <span class='ocrx_word' id='word_1_160' title='bbox 1610 1839 1944 1902; x_wconf 82' lang='lat' dir='ltr'>prefationem,</span> <span class='ocrx_word' id='word_1_161' title='bbox 1963 1840 2114 1888; x_wconf 85' lang='lat' dir='ltr'>cardi-</span> 
     </span>
     <span class='ocr_line' id='line_1_20' title="bbox 346 1922 2110 1972; baseline 0.001 0"><span class='ocrx_word' id='word_1_162' title='bbox 346 1924 465 1972; x_wconf 89' lang='lat' dir='ltr'>nalis</span> <span class='ocrx_word' id='word_1_163' title='bbox 481 1924 539 1972; x_wconf 94' lang='lat' dir='ltr'>de</span> <span class='ocrx_word' id='word_1_164' title='bbox 558 1924 792 1972; x_wconf 87' lang='lat' dir='ltr'>Columna</span> <span class='ocrx_word' id='word_1_165' title='bbox 812 1928 860 1971; x_wconf 91' lang='lat' dir='ltr'>et</span> <span class='ocrx_word' id='word_1_166' title='bbox 879 1923 1114 1971; x_wconf 89' lang='lat' dir='ltr'>Ascanius</span> <span class='ocrx_word' id='word_1_167' title='bbox 1135 1922 1324 1972; x_wconf 91' lang='lat' dir='ltr'>diaconi</span> <span class='ocrx_word' id='word_1_168' title='bbox 1355 1937 1406 1971; x_wconf 90' lang='lat' dir='ltr'>se</span> <span class='ocrx_word' id='word_1_169' title='bbox 1434 1923 1494 1970; x_wconf 91' lang='lat' dir='ltr'>ad</span> <span class='ocrx_word' id='word_1_170' title='bbox 1514 1938 1694 1971; x_wconf 91' lang='lat' dir='ltr'>cornua</span> <span class='ocrx_word' id='word_1_171' title='bbox 1714 1923 1873 1971; x_wconf 90' lang='lat' dir='ltr'>altaris</span> <span class='ocrx_word' id='word_1_172' title='bbox 1901 1923 2110 1972; x_wconf 87' lang='lat' dir='ltr'>colloca—</span> 
     </span>
     <span class='ocr_line' id='line_1_21' title="bbox 345 2005 2112 2070; baseline 0.001 -16"><span class='ocrx_word' id='word_1_173' title='bbox 345 2011 531 2066; x_wconf 87' lang='lat' dir='ltr'>verunt,</span> <span class='ocrx_word' id='word_1_174' title='bbox 556 2007 776 2055; x_wconf 88' lang='lat' dir='ltr'>videlicet</span> <span class='ocrx_word' id='word_1_175' title='bbox 797 2007 1030 2056; x_wconf 89' lang='lat' dir='ltr'>Columna</span> <span class='ocrx_word' id='word_1_176' title='bbox 1057 2006 1217 2055; x_wconf 90' lang='lat' dir='ltr'>senior</span> <span class='ocrx_word' id='word_1_177' title='bbox 1240 2006 1289 2054; x_wconf 94' lang='lat' dir='ltr'>in</span> <span class='ocrx_word' id='word_1_178' title='bbox 1316 2005 1475 2054; x_wconf 90' lang='lat' dir='ltr'>medio</span> <span class='ocrx_word' id='word_1_179' title='bbox 1501 2021 1650 2054; x_wconf 87' lang='lat' dir='ltr'>cornu</span> <span class='ocrx_word' id='word_1_180' title='bbox 1672 2006 1871 2069; x_wconf 89' lang='lat' dir='ltr'>epistole</span> <span class='ocrx_word' id='word_1_181' title='bbox 1891 2006 2020 2070; x_wconf 90' lang='lat' dir='ltr'>quod</span> <span class='ocrx_word' id='word_1_182' title='bbox 2040 2013 2112 2056; x_wconf 84' lang='lat' dir='ltr'>est</span> 
     </span>
     <span class='ocr_line' id='line_1_22' title="bbox 347 2079 2112 2153; baseline 0 -14"><span class='ocrx_word' id='word_1_183' title='bbox 347 2108 375 2140; x_wconf 90' lang='lat' dir='ltr'>a</span> <span class='ocrx_word' id='word_1_184' title='bbox 394 2090 571 2139; x_wconf 85' lang='lat' dir='ltr'>dextris</span> <span class='ocrx_word' id='word_1_185' title='bbox 599 2093 726 2153; x_wconf 89' lang='lat' dir='ltr'>Pape</span> <span class='ocrx_word' id='word_1_186' title='bbox 747 2094 795 2137; x_wconf 92' lang='lat' dir='ltr'>et</span> <span class='ocrx_word' id='word_1_187' title='bbox 823 2079 1056 2137; x_wconf 83' lang='lat' dir='ltr'>Asc⁰anius</span> <span class='ocrx_word' id='word_1_188' title='bbox 1074 2089 1131 2136; x_wconf 87' lang='lat' dir='ltr'>&#39;in</span> <span class='ocrx_word' id='word_1_189' title='bbox 1159 2105 1309 2137; x_wconf 89' lang='lat' dir='ltr'>cornu</span> <span class='ocrx_word' id='word_1_190' title='bbox 1331 2088 1580 2152; x_wconf 88' lang='lat' dir='ltr'>evangelii,</span> <span class='ocrx_word' id='word_1_191' title='bbox 1606 2088 1749 2136; x_wconf 93' lang='lat' dir='ltr'>etiam</span> <span class='ocrx_word' id='word_1_192' title='bbox 1779 2089 2024 2150; x_wconf 85' lang='lat' dir='ltr'>assistens,</span> <span class='ocrx_word' id='word_1_193' title='bbox 2051 2106 2112 2140; x_wconf 90' lang='lat' dir='ltr'>ne</span> 
     </span>
     <span class='ocr_line' id='line_1_23' title="bbox 346 2172 2113 2237; baseline 0 -14"><span class='ocrx_word' id='word_1_194' title='bbox 346 2174 729 2223; x_wconf 88' lang='lat' dir='ltr'>incensationem</span> <span class='ocrx_word' id='word_1_195' title='bbox 770 2173 1056 2221; x_wconf 83' lang='lat' dir='ltr'>sacramenti</span> <span class='ocrx_word' id='word_1_196' title='bbox 1095 2172 1411 2237; x_wconf 85' lang='lat' dir='ltr'>impedirent;</span> <span class='ocrx_word' id='word_1_197' title='bbox 1451 2172 1532 2220; x_wconf 90' lang='lat' dir='ltr'>ubi</span> <span class='ocrx_word' id='word_1_198' title='bbox 1559 2178 1839 2222; x_wconf 87' lang='lat' dir='ltr'>manserunt</span> <span class='ocrx_word' id='word_1_199' title='bbox 1864 2189 2113 2237; x_wconf 86' lang='lat' dir='ltr'>quousque</span> 
     </span>
     <span class='ocr_line' id='line_1_24' title="bbox 349 2255 2115 2322; baseline 0.001 -16"><span class='ocrx_word' id='word_1_200' title='bbox 349 2261 477 2322; x_wconf 89' lang='lat' dir='ltr'>Papa</span> <span class='ocrx_word' id='word_1_201' title='bbox 497 2257 780 2306; x_wconf 87' lang='lat' dir='ltr'>ascenderet</span> <span class='ocrx_word' id='word_1_202' title='bbox 812 2256 873 2303; x_wconf 89' lang='lat' dir='ltr'>ad</span> <span class='ocrx_word' id='word_1_203' title='bbox 905 2255 1077 2304; x_wconf 90' lang='lat' dir='ltr'>solium</span> <span class='ocrx_word' id='word_1_204' title='bbox 1106 2256 1570 2304; x_wconf 77' lang='lat' dir='ltr'>communicaturus.</span> <span class='ocrx_word' id='word_1_205' title='bbox 1602 2259 1781 2305; x_wconf 90' lang='lat' dir='ltr'>Tamen</span> <span class='ocrx_word' id='word_1_206' title='bbox 1805 2258 1863 2306; x_wconf 91' lang='lat' dir='ltr'>ad</span> <span class='ocrx_word' id='word_1_207' title='bbox 1892 2274 1976 2306; x_wconf 89' lang='lat' dir='ltr'>sua</span> <span class='ocrx_word' id='word_1_208' title='bbox 2005 2258 2115 2307; x_wconf 89' lang='lat' dir='ltr'>loco</span> 
     </span>
     <span class='ocr_line' id='line_1_25' title="bbox 348 2339 2115 2403; baseline 0.001 -15"><span class='ocrx_word' id='word_1_209' title='bbox 348 2341 609 2400; x_wconf 90' lang='lat' dir='ltr'>redierunt,</span> <span class='ocrx_word' id='word_1_210' title='bbox 645 2344 900 2403; x_wconf 90' lang='lat' dir='ltr'>postquam</span> <span class='ocrx_word' id='word_1_211' title='bbox 940 2343 1068 2403; x_wconf 90' lang='lat' dir='ltr'>Papa</span> <span class='ocrx_word' id='word_1_212' title='bbox 1106 2339 1221 2388; x_wconf 87' lang='lat' dir='ltr'>dixit</span> <span class='ocrx_word' id='word_1_213' title='bbox 1260 2357 1270 2388; x_wconf 87' lang='lat'><strong>:</strong></span> <span class='ocrx_word' id='word_1_214' title='bbox 1311 2340 1410 2388; x_wconf 83' lang='lat' dir='ltr'>Per</span> <span class='ocrx_word' id='word_1_215' title='bbox 1456 2341 1614 2388; x_wconf 84' lang='lat' dir='ltr'>omnia</span> <span class='ocrx_word' id='word_1_216' title='bbox 1653 2342 1827 2400; x_wconf 78' lang='lat' dir='ltr'>secula,</span> <span class='ocrx_word' id='word_1_217' title='bbox 1869 2350 1974 2402; x_wconf 58' lang='lat' dir='ltr'>ete„</span> <span class='ocrx_word' id='word_1_218' title='bbox 2006 2345 2115 2390; x_wconf 87' lang='lat' dir='ltr'>ante</span> 
     </span>
     <span class='ocr_line' id='line_1_26' title="bbox 348 2423 2117 2487; baseline 0 -15"><span class='ocrx_word' id='word_1_219' title='bbox 348 2424 492 2473; x_wconf 78' lang='lat' dir='ltr'>Pater</span> <span class='ocrx_word' id='word_1_220' title='bbox 525 2431 671 2471; x_wconf 77' lang='lat' dir='ltr'>noter.</span> <span class='ocrx_word' id='word_1_221' title='bbox 711 2425 939 2471; x_wconf 83' lang='lat' dir='ltr'>Cantores</span> <span class='ocrx_word' id='word_1_222' title='bbox 972 2438 1070 2470; x_wconf 91' lang='lat' dir='ltr'>non</span> <span class='ocrx_word' id='word_1_223' title='bbox 1106 2423 1458 2487; x_wconf 90' lang='lat' dir='ltr'>responderunt</span> <span class='ocrx_word' id='word_1_224' title='bbox 1491 2424 1674 2483; x_wconf 81' lang='lat' dir='ltr'>Amen,</span> <span class='ocrx_word' id='word_1_225' title='bbox 1713 2424 1797 2472; x_wconf 92' lang='lat' dir='ltr'>sed</span> <span class='ocrx_word' id='word_1_226' title='bbox 1830 2426 1959 2487; x_wconf 90' lang='lat' dir='ltr'>Papa</span> <span class='ocrx_word' id='word_1_227' title='bbox 2001 2439 2117 2472; x_wconf 87' lang='lat' dir='ltr'>con-</span> 
     </span>
     <span class='ocr_line' id='line_1_27' title="bbox 350 2505 2117 2569; baseline -0.001 -14"><span class='ocrx_word' id='word_1_228' title='bbox 350 2507 546 2555; x_wconf 88' lang='lat' dir='ltr'>tinuavit</span> <span class='ocrx_word' id='word_1_229' title='bbox 589 2506 803 2553; x_wconf 80' lang='lat' dir='ltr'>Oremus.</span> <span class='ocrx_word' id='word_1_230' title='bbox 854 2506 1112 2569; x_wconf 74' lang='lat' dir='ltr'>Preceptis,</span> <span class='ocrx_word' id='word_1_231' title='bbox 1162 2514 1269 2565; x_wconf 62' lang='lat' dir='ltr'>etc„</span> <span class='ocrx_word' id='word_1_232' title='bbox 1318 2513 1365 2553; x_wconf 90' lang='lat' dir='ltr'>et</span> <span class='ocrx_word' id='word_1_233' title='bbox 1406 2521 1514 2553; x_wconf 90' lang='lat' dir='ltr'>cum</span> <span class='ocrx_word' id='word_1_234' title='bbox 1554 2506 1736 2554; x_wconf 88' lang='lat' dir='ltr'>diceret</span> <span class='ocrx_word' id='word_1_235' title='bbox 1782 2506 1832 2553; x_wconf 90' lang='lat' dir='ltr'>in</span> <span class='ocrx_word' id='word_1_236' title='bbox 1867 2505 1964 2554; x_wconf 91' lang='lat' dir='ltr'>fine</span> <span class='ocrx_word' id='word_1_237' title='bbox 2008 2521 2117 2554; x_wconf 91' lang='lat' dir='ltr'>ora-</span> 
     </span>
     <span class='ocr_line' id='line_1_28' title="bbox 351 2588 2118 2656; baseline 0 -18"><span class='ocrx_word' id='word_1_238' title='bbox 351 2591 493 2639; x_wconf 84' lang='lat' dir='ltr'>tionis</span> <span class='ocrx_word' id='word_1_239' title='bbox 519 2590 691 2638; x_wconf 82' lang='lat' dir='ltr'>Libera</span> <span class='ocrx_word' id='word_1_240' title='bbox 712 2605 813 2649; x_wconf 78' lang='lat' dir='ltr'>nos,</span> <span class='ocrx_word' id='word_1_241' title='bbox 834 2606 1105 2654; x_wconf 72' lang='lat' dir='ltr'>quesumuS,</span> <span class='ocrx_word' id='word_1_242' title='bbox 1133 2589 1352 2656; x_wconf 81' lang='lat' dir='ltr'>Domine,</span> <span class='ocrx_word' id='word_1_243' title='bbox 1375 2596 1482 2648; x_wconf 62' lang='lat' dir='ltr'>eto„</span> <span class='ocrx_word' id='word_1_244' title='bbox 1506 2589 1605 2636; x_wconf 84' lang='lat' dir='ltr'>Per</span> <span class='ocrx_word' id='word_1_245' title='bbox 1632 2588 1844 2637; x_wconf 79' lang='lat' dir='ltr'>eumdem</span> <span class='ocrx_word' id='word_1_246' title='bbox 1863 2589 2118 2638; x_wconf 84' lang='lat' dir='ltr'>Dominum</span> 
     </span>
     <span class='ocr_line' id='line_1_29' title="bbox 349 2671 2111 2736; baseline 0.001 -16"><span class='ocrx_word' id='word_1_247' title='bbox 349 2681 586 2731; x_wconf 76' lang='lat' dir='ltr'>nostrum,</span> <span class='ocrx_word' id='word_1_248' title='bbox 641 2680 746 2732; x_wconf 56' lang='lat' dir='ltr'>etc„</span> <span class='ocrx_word' id='word_1_249' title='bbox 800 2672 944 2735; x_wconf 88' lang='lat' dir='ltr'>fregit</span> <span class='ocrx_word' id='word_1_250' title='bbox 987 2671 1196 2720; x_wconf 86' lang='lat' dir='ltr'>hostiam</span> <span class='ocrx_word' id='word_1_251' title='bbox 1241 2672 1289 2722; x_wconf 88' lang='lat' dir='ltr'>in</span> <span class='ocrx_word' id='word_1_252' title='bbox 1331 2676 1428 2719; x_wconf 88' lang='lat' dir='ltr'>tres</span> <span class='ocrx_word' id='word_1_253' title='bbox 1472 2677 1631 2736; x_wconf 89' lang='lat' dir='ltr'>partes</span> <span class='ocrx_word' id='word_1_254' title='bbox 1677 2687 1812 2721; x_wconf 90' lang='lat' dir='ltr'>more</span> <span class='ocrx_word' id='word_1_255' title='bbox 1850 2676 2111 2732; x_wconf 88' lang='lat' dir='ltr'>consueto,</span> 
     </span>
     <span class='ocr_line' id='line_1_30' title="bbox 351 2739 2114 2819; baseline 0 -15"><span class='ocrx_word' id='word_1_256' title='bbox 351 2761 398 2804; x_wconf 89' lang='lat' dir='ltr'>et</span> <span class='ocrx_word' id='word_1_257' title='bbox 429 2761 688 2819; x_wconf 87' lang='lat' dir='ltr'>antequam</span> <span class='ocrx_word' id='word_1_258' title='bbox 724 2739 907 2804; x_wconf 85' lang='lat' dir='ltr'>diceret</span> <span class='ocrx_word' id='word_1_259' title='bbox 940 2757 1039 2804; x_wconf 79' lang='lat' dir='ltr'>Per</span> <span class='ocrx_word' id='word_1_260' title='bbox 1075 2756 1232 2803; x_wconf 83' lang='lat' dir='ltr'>omnia</span> <span class='ocrx_word' id='word_1_261' title='bbox 1270 2756 1426 2803; x_wconf 75' lang='lat' dir='ltr'>secula</span> <span class='ocrx_word' id='word_1_262' title='bbox 1463 2763 1570 2815; x_wconf 54' lang='lat' dir='ltr'>etc„</span> <span class='ocrx_word' id='word_1_263' title='bbox 1618 2756 1727 2803; x_wconf 65' lang='lat' dir='ltr'>Pax·</span> <span class='ocrx_word' id='word_1_264' title='bbox 1755 2756 1969 2817; x_wconf 78' lang='lat' dir='ltr'>Domini,</span> <span class='ocrx_word' id='word_1_265' title='bbox 2009 2764 2114 2818; x_wconf 58' lang='lat' dir='ltr'>etc„</span> 
     </span>
     <span class='ocr_line' id='line_1_31' title="bbox 350 2838 2117 2903; baseline 0.001 -17"><span class='ocrx_word' id='word_1_266' title='bbox 350 2839 509 2902; x_wconf 88' lang='lat' dir='ltr'>posuit</span> <span class='ocrx_word' id='word_1_267' title='bbox 539 2838 730 2887; x_wconf 89' lang='lat' dir='ltr'>tertiam</span> <span class='ocrx_word' id='word_1_268' title='bbox 763 2838 1044 2902; x_wconf 90' lang='lat' dir='ltr'>particulam</span> <span class='ocrx_word' id='word_1_269' title='bbox 1073 2839 1123 2886; x_wconf 92' lang='lat' dir='ltr'>in</span> <span class='ocrx_word' id='word_1_270' title='bbox 1157 2839 1356 2887; x_wconf 89' lang='lat' dir='ltr'>calicem</span> <span class='ocrx_word' id='word_1_271' title='bbox 1389 2855 1474 2903; x_wconf 91' lang='lat' dir='ltr'>per</span> <span class='ocrx_word' id='word_1_272' title='bbox 1519 2855 1750 2888; x_wconf 90' lang='lat' dir='ltr'>errorem.</span> <span class='ocrx_word' id='word_1_273' title='bbox 1795 2839 1977 2889; x_wconf 89' lang='lat' dir='ltr'>Deinde</span> <span class='ocrx_word' id='word_1_274' title='bbox 2006 2855 2117 2888; x_wconf 92' lang='lat' dir='ltr'>cum</span> 
     </span>
     <span class='ocr_line' id='line_1_32' title="bbox 351 2919 2119 2986; baseline 0.002 -19"><span class='ocrx_word' id='word_1_275' title='bbox 351 2921 535 2968; x_wconf 89' lang='lat' dir='ltr'>diceret</span> <span class='ocrx_word' id='word_1_276' title='bbox 571 2920 684 2968; x_wconf 63' lang='lat' dir='ltr'>Pax</span> <span class='ocrx_word' id='word_1_277' title='bbox 714 2919 918 2979; x_wconf 79' lang='lat' dir='ltr'>Domini,</span> <span class='ocrx_word' id='word_1_278' title='bbox 959 2920 1073 2968; x_wconf 90' lang='lat' dir='ltr'>vidit</span> <span class='ocrx_word' id='word_1_279' title='bbox 1108 2936 1323 2969; x_wconf 88' lang='lat' dir='ltr'>errorem</span> <span class='ocrx_word' id='word_1_280' title='bbox 1371 2937 1512 2969; x_wconf 92' lang='lat' dir='ltr'>suum</span> <span class='ocrx_word' id='word_1_281' title='bbox 1546 2926 1593 2970; x_wconf 91' lang='lat' dir='ltr'>et</span> <span class='ocrx_word' id='word_1_282' title='bbox 1632 2937 1742 2970; x_wconf 88' lang='lat' dir='ltr'>cum</span> <span class='ocrx_word' id='word_1_283' title='bbox 1782 2922 1941 2986; x_wconf 87' lang='lat' dir='ltr'>digitis</span> <span class='ocrx_word' id='word_1_284' title='bbox 1971 2937 2119 2971; x_wconf 89' lang='lat' dir='ltr'>cunc-</span> 
     </span>
     <span class='ocr_line' id='line_1_33' title="bbox 356 3003 2120 3068; baseline 0.002 -18"><span class='ocrx_word' id='word_1_285' title='bbox 356 3004 412 3050; x_wconf 90' lang='lat' dir='ltr'>tis</span> <span class='ocrx_word' id='word_1_286' title='bbox 464 3003 628 3051; x_wconf 87' lang='lat' dir='ltr'>dextre</span> <span class='ocrx_word' id='word_1_287' title='bbox 677 3018 849 3051; x_wconf 90' lang='lat' dir='ltr'>manus</span> <span class='ocrx_word' id='word_1_288' title='bbox 890 3003 1089 3067; x_wconf 88' lang='lat' dir='ltr'>signavit</span> <span class='ocrx_word' id='word_1_289' title='bbox 1134 3020 1278 3068; x_wconf 92' lang='lat' dir='ltr'>super</span> <span class='ocrx_word' id='word_1_290' title='bbox 1325 3004 1524 3052; x_wconf 89' lang='lat' dir='ltr'>calicem</span> <span class='ocrx_word' id='word_1_291' title='bbox 1561 3020 1616 3052; x_wconf 91' lang='lat' dir='ltr'>ac</span> <span class='ocrx_word' id='word_1_292' title='bbox 1658 3005 1697 3052; x_wconf 91' lang='lat' dir='ltr'>si</span> <span class='ocrx_word' id='word_1_293' title='bbox 1737 3005 2021 3068; x_wconf 87' lang='lat' dir='ltr'>particulam</span> <span class='ocrx_word' id='word_1_294' title='bbox 2070 3005 2120 3053; x_wconf 91' lang='lat' dir='ltr'>in</span> 
     </span>
     <span class='ocr_line' id='line_1_34' title="bbox 353 3086 2121 3149; baseline 0.001 -15"><span class='ocrx_word' id='word_1_295' title='bbox 353 3086 572 3134; x_wconf 91' lang='lat' dir='ltr'>manibus</span> <span class='ocrx_word' id='word_1_296' title='bbox 593 3087 809 3134; x_wconf 91' lang='lat' dir='ltr'>haberet.</span> <span class='ocrx_word' id='word_1_297' title='bbox 843 3086 977 3134; x_wconf 90' lang='lat' dir='ltr'>Dicta</span> <span class='ocrx_word' id='word_1_298' title='bbox 1010 3088 1225 3135; x_wconf 88' lang='lat' dir='ltr'>oratione</span> <span class='ocrx_word' id='word_1_299' title='bbox 1252 3088 1455 3135; x_wconf 82' lang='lat' dir='ltr'>Domine</span> <span class='ocrx_word' id='word_1_300' title='bbox 1477 3086 1593 3134; x_wconf 76' lang='lat' dir='ltr'>Jesu</span> <span class='ocrx_word' id='word_1_301' title='bbox 1623 3087 1822 3148; x_wconf 78' lang='lat' dir='ltr'>Christe,</span> <span class='ocrx_word' id='word_1_302' title='bbox 1853 3095 1958 3149; x_wconf 58' lang='lat' dir='ltr'>etc„</span> <span class='ocrx_word' id='word_1_303' title='bbox 1991 3087 2121 3136; x_wconf 90' lang='lat' dir='ltr'>dedit</span> 
     </span>
     <span class='ocr_line' id='line_1_35' title="bbox 353 3169 2120 3232; baseline 0.002 -17"><span class='ocrx_word' id='word_1_304' title='bbox 353 3184 522 3232; x_wconf 92' lang='lat' dir='ltr'>pacem</span> <span class='ocrx_word' id='word_1_305' title='bbox 562 3169 790 3232; x_wconf 87' lang='lat' dir='ltr'>episcopo</span> <span class='ocrx_word' id='word_1_306' title='bbox 831 3169 1058 3217; x_wconf 89' lang='lat' dir='ltr'>cardinali</span> <span class='ocrx_word' id='word_1_307' title='bbox 1095 3169 1335 3218; x_wconf 86' lang='lat' dir='ltr'>assistenti</span> <span class='ocrx_word' id='word_1_308' title='bbox 1374 3173 1422 3218; x_wconf 90' lang='lat' dir='ltr'>et</span> <span class='ocrx_word' id='word_1_309' title='bbox 1459 3170 1517 3217; x_wconf 94' lang='lat' dir='ltr'>de</span> <span class='ocrx_word' id='word_1_310' title='bbox 1565 3170 1797 3218; x_wconf 91' lang='lat' dir='ltr'>Columna</span> <span class='ocrx_word' id='word_1_311' title='bbox 1832 3175 1879 3219; x_wconf 88' lang='lat' dir='ltr'>et</span> <span class='ocrx_word' id='word_1_312' title='bbox 1915 3171 2120 3219; x_wconf 90' lang='lat' dir='ltr'>Ascanio</span> 
     </span>
     <span class='ocr_line' id='line_1_36' title="bbox 355 3251 2121 3315; baseline 0 -16"><span class='ocrx_word' id='word_1_313' title='bbox 355 3252 676 3300; x_wconf 85' lang='lat' dir='ltr'>cardinalibus</span> <span class='ocrx_word' id='word_1_314' title='bbox 695 3251 774 3315; x_wconf 91' lang='lat' dir='ltr'>qui</span> <span class='ocrx_word' id='word_1_315' title='bbox 803 3252 851 3299; x_wconf 92' lang='lat' dir='ltr'>in</span> <span class='ocrx_word' id='word_1_316' title='bbox 885 3252 1107 3300; x_wconf 87' lang='lat' dir='ltr'>cornibus</span> <span class='ocrx_word' id='word_1_317' title='bbox 1136 3252 1295 3300; x_wconf 88' lang='lat' dir='ltr'>altaris</span> <span class='ocrx_word' id='word_1_318' title='bbox 1324 3252 1527 3308; x_wconf 79' lang='lat' dir='ltr'>stabant,</span> <span class='ocrx_word' id='word_1_319' title='bbox 1561 3252 1672 3315; x_wconf 91' lang='lat' dir='ltr'>quia</span> <span class='ocrx_word' id='word_1_320' title='bbox 1699 3253 1747 3300; x_wconf 93' lang='lat' dir='ltr'>in</span> <span class='ocrx_word' id='word_1_321' title='bbox 1775 3253 1995 3301; x_wconf 90' lang='lat' dir='ltr'>domibus</span> <span class='ocrx_word' id='word_1_322' title='bbox 2025 3252 2121 3300; x_wconf 91' lang='lat' dir='ltr'>suis</span> 
     </span>
     <span class='ocr_line' id='line_1_37' title="bbox 357 3334 2121 3398; baseline 0.002 -19"><span class='ocrx_word' id='word_1_323' title='bbox 357 3334 701 3382; x_wconf 86' lang='lat' dir='ltr'>communicati</span> <span class='ocrx_word' id='word_1_324' title='bbox 720 3338 880 3394; x_wconf 89' lang='lat' dir='ltr'>erant;</span> <span class='ocrx_word' id='word_1_325' title='bbox 918 3351 956 3381; x_wconf 93' lang='lat' dir='ltr'>s.</span> <span class='ocrx_word' id='word_1_326' title='bbox 993 3334 1183 3398; x_wconf 89' lang='lat' dir='ltr'>Georgii</span> <span class='ocrx_word' id='word_1_327' title='bbox 1213 3337 1389 3393; x_wconf 87' lang='lat' dir='ltr'>autem,</span> <span class='ocrx_word' id='word_1_328' title='bbox 1421 3335 1622 3382; x_wconf 87' lang='lat' dir='ltr'>Senensi</span> <span class='ocrx_word' id='word_1_329' title='bbox 1649 3351 1704 3383; x_wconf 91' lang='lat' dir='ltr'>ac</span> <span class='ocrx_word' id='word_1_330' title='bbox 1734 3336 1793 3383; x_wconf 92' lang='lat' dir='ltr'>de</span> <span class='ocrx_word' id='word_1_331' title='bbox 1823 3335 2021 3384; x_wconf 88' lang='lat' dir='ltr'>Sabellis</span> <span class='ocrx_word' id='word_1_332' title='bbox 2042 3335 2121 3398; x_wconf 90' lang='lat' dir='ltr'>qui</span> 
     </span>
     <span class='ocr_line' id='line_1_38' title="bbox 361 3416 2117 3480; baseline 0.002 -18"><span class='ocrx_word' id='word_1_333' title='bbox 361 3418 485 3478; x_wconf 88' lang='lat' dir='ltr'>Pape</span> <span class='ocrx_word' id='word_1_334' title='bbox 508 3417 794 3464; x_wconf 85' lang='lat' dir='ltr'>assistebant</span> <span class='ocrx_word' id='word_1_335' title='bbox 820 3420 867 3464; x_wconf 90' lang='lat' dir='ltr'>et</span> <span class='ocrx_word' id='word_1_336' title='bbox 895 3416 1282 3465; x_wconf 89' lang='lat' dir='ltr'>communicandi</span> <span class='ocrx_word' id='word_1_337' title='bbox 1312 3420 1464 3475; x_wconf 91' lang='lat' dir='ltr'>erant,</span> <span class='ocrx_word' id='word_1_338' title='bbox 1498 3421 1609 3465; x_wconf 91' lang='lat' dir='ltr'>tunc</span> <span class='ocrx_word' id='word_1_339' title='bbox 1638 3434 1732 3465; x_wconf 92' lang='lat' dir='ltr'>non</span> <span class='ocrx_word' id='word_1_340' title='bbox 1762 3418 1892 3465; x_wconf 88' lang='lat' dir='ltr'>dedit</span> <span class='ocrx_word' id='word_1_341' title='bbox 1911 3432 2081 3480; x_wconf 89' lang='lat' dir='ltr'>pacem</span> <span class='ocrx_word' id='word_1_342' title='bbox 2106 3435 2117 3466; x_wconf 72' lang='grc' dir='ltr'>ε</span> 
     </span>
    </p>
   </div>
  </div>
 </body>
</html>
