2262 3958
195 292 304 337 [Mars
320 292 412 334 1486]
644 289 813 327 RERUM
846 287 1152 326 URBANARUM
1186 286 1538 326 COMMENTARII.
1916 287 1984 324 183

189 394 393 460 prandio
422 396 638 459 peract0‚
677 394 761 442 SS.
795 396 853 442 D.
885 396 940 442 N.
973 392 1141 440 avisari
1170 391 1283 440 fecit
1305 394 1352 440 et
1373 390 1535 455 rogari
1556 405 1644 455 per
1665 388 1722 440 D'.
1753 390 1978 439 abbatem

189 495 229 529 s.
269 477 541 528 Sebastiani
573 480 766 526 Rmum.
807 480 864 526 D.
897 476 1199 526 Cardinalem
1231 473 1678 524 vicecancellarium
1716 474 1797 538 qui
1825 477 1870 522 et
1905 474 1982 521 dic

189 562 623 627 crastina-propter
652 561 922 611 absentiam
946 559 1117 624 prefati
1148 559 1273 608 Rmi.
1310 562 1367 607 D.
1406 558 1662 607 cardinalis
1686 574 1725 605 s.
1753 556 1881 606 Petri
1918 557 1977 604 ad

188 646 394 698 Vincula
429 646 644 695 officium
678 645 825 693 misse
859 646 1116 709 perageret
1148 661 1156 690 :
1188 643 1270 706 qui
1307 643 1437 690 idem
1466 646 1632 693 RmuS.
1667 644 1723 689 D.
1763 641 1981 689 vicecan-

189 730 414 780 cellarius
438 731 499 780 ad
520 730 794 779 evitandum
823 727 1104 777 scandalum
1124 730 1172 775 et
1193 726 1496 775 sanctissimo
1519 729 1577 775 D.
1597 729 1653 775 N.
1677 725 1982 790 complacen-

188 815 302 866 dum
324 814 612 879 acceptavit.
1747 805 1750 808 ⁴

204 931 208 934 -
257 898 398 948 Feria
430 901 563 946 sexta
591 895 790 960 majoris
817 894 1125 943 hebdomade
1153 909 1417 958 parasceve
1445 897 1736 957 nuncupata,
1771 909 1864 957 que
1893 894 1981 942 fuit

188 983 292 1032 dies
326 985 387 1031 24
415 980 596 1030 mensis
635 978 812 1038 martii,
838 982 1003 1027 Rmus.
1031 982 1088 1028 D.
1124 978 1380 1028 cardinalis
1406 977 1831 1026 vicecancellarius
1853 978 1980 1041 epis-

188 1082 340 1132 copus
387 1063 669 1114 Portuensis
713 1063 974 1112 celebravit
1023 1063 1238 1112 officium
1281 1062 1328 1110 in
1369 1061 1555 1124 capella
1591 1061 1778 1125 majore
1817 1060 1979 1124 palatii

185 1148 315 1214 apud
335 1164 372 1198 s,
397 1150 612 1198 Petrum.
637 1147 800 1196 Altare
822 1151 1040 1212 paratum
1062 1148 1149 1198 fuit
1177 1149 1237 1197 ab
1264 1146 1483 1196 interiori
1507 1151 1644 1211 parte
1671 1145 1817 1210 pallio
1839 1144 1979 1209 nigro

185 1231 245 1282 de
271 1231 469 1293 velluto,
502 1236 550 1281 et
582 1248 728 1296 super
762 1231 912 1281 altare
946 1230 1106 1297 posita
1131 1249 1227 1281 una
1249 1237 1436 1282 tantum
1467 1231 1660 1280 tobalea
1682 1230 1905 1296 simplex,
1930 1233 1978 1277 et

185 1317 452 1366 scabellum
485 1317 696 1382 desuper
728 1316 930 1376 nudum,
975 1333 1123 1382 super
1152 1333 1248 1381 quo
1277 1316 1434 1381 posita
1466 1315 1554 1363 fuit
1592 1330 1709 1363 crux
1748 1318 1980 1378 cooperta

186 1401 391 1465 simplex
411 1401 461 1450 in
481 1401 662 1461 medic,
688 1405 735 1449 et
755 1400 871 1450 hinc
893 1406 941 1450 et
961 1402 1072 1451 inde
1102 1417 1186 1451 sex
1214 1401 1506 1451 candelabra
1528 1415 1641 1447 cum
1662 1399 1979 1447 luminaribus

187 1485 428 1535 extinctis.
451 1487 572 1534 Item
593 1485 642 1533 in
667 1486 810 1550 plano
840 1485 1002 1535 altaris
1029 1487 1169 1551 juxta
1198 1486 1379 1535 dictum
1411 1485 1675 1533 scabellum
1710 1484 1758 1532 in
1793 1483 1974 1543 medio,

185 1570 266 1620 ubi
289 1571 437 1620 bursa
456 1570 782 1636 corporalium
802 1570 917 1635 poni
940 1570 1080 1629 solet,
1106 1575 1209 1619 erat
1229 1570 1388 1634 posita
1403 1570 1496 1618 alia
1514 1585 1632 1618 crux
1649 1568 1809 1617 minor
1831 1568 1977 1617 etiam

185 1658 418 1722 cooperta
437 1671 498 1704 ex
518 1670 635 1704 auro
655 1658 702 1703 et
722 1654 869 1719 perlis
888 1670 942 1702 ac
962 1654 1201 1718 lapidibus
1213 1654 1438 1718 pretiosis
1457 1653 1678 1702 confecta
1699 1655 1870 1719 parata
1889 1667 1978 1715 pro

189 1738 354 1788 officio
387 1738 482 1787 dici
515 1738 814 1802 peragendo.
856 1738 1111 1787 Credentia
1155 1742 1322 1802 parata.
1360 1738 1448 1786 fuit
1494 1741 1724 1801 cooperta
1768 1736 1975 1800 simplici

183 1821 375 1873 tobalea
401 1821 462 1872 ab
492 1822 718 1871 omnibus
745 1822 962 1885 partibus
994 1821 1199 1870 remissa
1219 1821 1284 1870 ita
1317 1822 1448 1886 quod
1486 1838 1513 1870 a
1542 1820 1675 1870 nullo
1707 1820 1861 1868 latere
1892 1819 1979 1867 de-

181 1905 443 1972 pendebat,
480 1909 529 1955 et
563 1922 710 1970 super
729 1905 824 1953 duo
848 1905 1143 1954 candelabra·
1162 1922 1273 1954 cum
1298 1905 1619 1954 luminoribus
1642 1902 1884 1963 extinctiS,
1919 1918 1975 1950 ac

181 1989 324 2040 bacili
343 2004 456 2039 cum
477 1990 637 2039 bucali
661 1989 763 2039 sine
792 1989 972 2038 cantris
993 2006 1003 2049 ;
1030 1989 1135 2038 aliis
1158 1995 1323 2038 autem
1345 1990 1490 2038 rebus
1510 1993 1653 2054 prout
1682 1988 1728 2035 in
1760 2003 1976 2036 ceremo-

181 2073 295 2124 niali
317 2074 576 2123 ordinatis.
613 2075 771 2138 Super
799 2074 1069 2123 cancellum
1100 2074 1246 2123 etiam
1277 2074 1460 2139 capelle
1492 2073 1649 2138 posita
1674 2073 1868 2121 suerunt
1893 2087 1977 2120 sex

179 2157 426 2208 intorticia
447 2173 546 2207 non
564 2174 788 2218 accensa,
822 2173 958 2207 more
983 2163 1234 2207 consueto.
1264 2161 1431 2206 Rmus.
1466 2160 1522 2205 D.
1553 2155 1975 2205 vicecancellarius

181 2242 369 2307 accepit
396 2241 560 2291 omnia
585 2245 869 2307 paramenta
898 2242 1212 2306 pontificalia,
1259 2242 1468 2306 demptis
1499 2241 1709 2289 sandalis
1741 2244 1788 2289 et
1818 2240 1977 2289 chiro-

180 2326 336 2376 thecis
370 2342 506 2375 more
540 2330 795 2387 consueto,
820 2330 868 2375 et
898 2341 996 2375 non
1027 2326 1141 2374 dixit
1173 2326 1414 2391 psalmum
1441 2343 1450 2375 :
1481 2326 1638 2384 Quam
1672 2325 1859 2385 dilecta,
1886 2332 1970 2372 etc.

181 2413 312 2476 Papa
350 2410 546 2460 indutus
586 2410 633 2458 in
676 2426 873 2459 camera
911 2411 1149 2475 papagalli
1183 2411 1380 2471 amictU,
1424 2411 1550 2471 alba,
1595 2410 1807 2474 cinguIO,
1853 2408 1976 2457 stola

175 2495 409 2556 violacea,
445 2511 600 2560 cappa
635 2495 695 2543 de
729 2499 919 2556 rosam,
964 2495 1156 2544 mitram
1192 2495 1464 2560 simplicem
1499 2494 1549 2544 in
1590 2495 1748 2560 capite
1780 2498 1970 2554 tenenS,

174 2579 550 2646 precedentibus
573 2595 718 2628 cruce
750 2585 798 2629 et
821 2580 1145 2629 cardinalibus
1173 2596 1228 2629 ac
1257 2580 1361 2629 aliis
1386 2596 1523 2628 more
1554 2584 1810 2639 consuetO,
1844 2578 1975 2627 venit

175 2663 238 2712 ad
268 2664 504 2728 capellam
553 2680 800 2729 magnam,
839 2664 997 2729 primo
1044 2665 1300 2714 assistente
1346 2664 1562 2713 fimbrias
1609 2679 1763 2728 cappe
1802 2678 1972 2710 omnes

174 2747 316 2796 simul
341 2748 572 2797 collectas
607 2752 849 2812 portante.
894 2752 1024 2814 Papa
1062 2749 1213 2798 oravit
1247 2749 1296 2798 in
1330 2749 1598 2797 faldistorio
1635 2749 1786 2807 nudo,
1827 2747 1972 2795 unico

174 2834 363 2880 tantum
382 2830 578 2879 cussino
598 2832 813 2880 violaceo
837 2833 1047 2898 desuper
1065 2834 1242 2898 posito,
1262 2837 1310 2882 et
1331 2833 1424 2883 alio
1446 2849 1594 2898 parvo
1611 2833 1808 2882 cussino
1827 2846 1975 2896 super

172 2915 387 2964 scabello
408 2930 497 2979 pro
516 2915 719 2979 genibus
740 2916 900 2982 posito
923 2933 951 2965 a
971 2917 1177 2966 sinistris
1206 2922 1352 2985 Pape.
1381 2919 1528 2969 Venit
1547 2915 1971 2967 vicecancellarius

173 2999 506 3066 genuflectens
546 2999 593 3047 in
638 3004 767 3050 terra
804 3002 949 3062 nuda,
986 3001 1243 3052 inclinatus
1276 3019 1424 3068 super
1445 3002 1709 3052 scabellum
1746 3000 1965 3048 nudum:

169 3088 368 3135 orarunt
398 3100 486 3149 per
515 3086 725 3150 spatium
760 3086 902 3134 unius
934 3085 1164 3135 Miserere
1199 3087 1275 3136 vel
1309 3087 1453 3136 circa.
1488 3091 1617 3152 Papa
1653 3085 1872 3133 ascendit
1904 3084 1966 3132 ad

170 3171 346 3220 solium
366 3171 552 3219 nudum
570 3176 619 3219 et
640 3171 764 3220 sedit
785 3170 834 3219 in
857 3170 973 3219 sede
995 3171 1139 3230 nuda,
1164 3171 1306 3220 unico
1331 3175 1513 3220 tantum
1535 3170 1729 3220 cussino
1750 3169 1967 3217 violaceo

170 3256 382 3319 desuper
398 3254 574 3318 posito.
607 3257 712 3304 Duo
741 3255 1009 3304 cardinales
1040 3255 1229 3303 diaconi
1255 3255 1474 3303 fecerunt
1503 3255 1547 3303 ei
1569 3252 1896 3302 assistentiam
1919 3258 1967 3301 et

169 3339 396 3388 sedentes
418 3338 534 3387 hinc
552 3342 600 3387 et
620 3338 730 3386 inde
759 3354 895 3387 more
919 3343 1174 3398 consueto,
1195 3342 1241 3386 et
1263 3338 1521 3386 cardinalis
1536 3335 1965 3386 vicecancellarius

169 3424 425 3472 celebrans
468 3421 684 3471 ascendit
723 3422 781 3470 ad
826 3422 1143 3471 faldistorium
1184 3426 1231 3470 ut
1267 3421 1416 3470 moris
1453 3426 1544 3470 est.
1586 3424 1835 3486 Inceptum
1879 3419 1967 3467 fuit
