2262 3958
127 317 286 367 [Juuvier
307 317 397 360 1485]
588 314 757 354 RERUM
792 313 1097 352 t'RssANARUM
1132 313 1483 352 COMMENTARII.
1680 311 1684 315 ’
1846 310 1912 347 131

132 419 348 470 Federici
379 419 566 468 romani
599 418 906 484 imperatoris
939 434 1132 482 semper
1157 419 1364 482 augusti,
1388 418 1642 475 instanter,
1666 414 1921 462 instantius

134 508 182 555 et
200 503 548 563 instantissime
572 508 684 568 peto
707 520 734 552 a
756 502 1009 551 sanctitate
1031 506 1189 549 vestra
1210 502 1501 561 canonizari,
1527 506 1576 550 et
1597 501 1644 548 in
1665 500 1920 563 cathalogo

137 591 416 654 sanctorum
447 587 623 636 Christi
656 586 861 635 adscribi
894 589 1114 633 sanctum
1141 587 1442 650 Leopoldum
1474 585 1827 643 confessorem,
1867 599 1924 632 ex

137 669 309 719 illustri
337 670 528 719 Austrie
563 669 745 718 familia
773 671 1082 733 procreatum
1112 668 1191 732 (1).
1229 670 1375 733 Cujus
1403 668 1622 733 petitioni
1658 671 1741 717 SS.
1781 671 1837 716 D.
1863 670 1920 716 N.

139 754 418 804 satisfacere
440 754 621 814 volenS,
647 754 695 801 in
715 751 881 817 primis
901 754 1193 814 protestatus
1217 757 1287 822 est
1317 754 1443 815 quod
1467 756 1514 801 S.
1542 770 1626 801 sua
1646 769 1744 801 non
1769 753 1925 801 inten-

140 837 284 888 debat
303 854 392 904 per
410 838 537 887 hunc
559 841 719 886 actum
739 834 918 898 aliquid
938 835 1118 889 facere,
1144 837 1273 899 quod
1295 841 1425 884 esset
1450 841 1619 884 eontra
1639 837 1926 886 catholicam

143 922 291 972 fidem
313 939 396 972 seu
417 921 683 971 Ecclesiam
705 925 786 969 aut
806 921 1045 969 honorem
1067 920 1172 969 Dei.
1205 941 1226 965 »

206 1006 407 1066 Deinde,
433 1006 587 1054 adhuc
611 1005 784 1054 sedens
806 1009 857 1053 ut
878 1004 1009 1069 prius
1032 1021 1142 1053 cum
1165 1005 1324 1065 mitra,
1354 1004 1403 1053 in
1432 1005 1523 1054 hec
1547 1006 1691 1055 verba
1712 1021 1925 1070 pronun—

143 1089 285 1146 ciavit
308 1106 319 1138 ε

208 1192 232 1218 «
253 1172 328 1222 Ad
346 1173 584 1222 honorem
606 1175 694 1224 Dei
715 1176 863 1239 patris
885 1175 1249 1241 omnipotentis,
1277 1175 1381 1224 Filii
1404 1180 1451 1225 et
1474 1176 1676 1241 Spiritus
1700 1176 1860 1225 Sancti
1885 1182 1931 1224 ct

143 1257 486 1307 exaltationem
514 1258 627 1307 fidei
655 1263 797 1323 atque
827 1260 1089 1309 christiane
1122 1260 1367 1325 religionis
1401 1266 1732 1325 augmentum,
1769 1266 1935 1310 aucto-

142 1339 284 1390 ritate
305 1340 453 1406 ipsius
476 1341 822 1407 omnipotentis
844 1345 932 1392 Dei
954 1345 1101 1409 patris
1124 1349 1172 1393 et
1194 1344 1297 1391 Filii
1321 1348 1367 1392 et
1391 1345 1593 1409 Spiritus
1617 1345 1796 1405 Sancti,
1819 1346 1934 1393 bea-

148 1429 308 1475 torum
335 1425 464 1475 Petri
493 1431 539 1475 et
562 1427 695 1475 Pauli
718 1431 765 1476 et
786 1433 968 1490 nostra,
993 1429 1053 1478 de
1075 1429 1418 1478 venerabilium
1439 1430 1638 1478 fratrum
1659 1433 1934 1477 nostrorum

147 1509 348 1560 consilio
370 1510 679 1559 decernimus
710 1517 756 1560 et
782 1513 1075 1574 deffinimUS,
1106 1514 1232 1562 bone
1260 1514 1494 1563 memorie
1531 1515 1847 1579 Leopoldum,
1878 1531 1934 1562 ex

149 1593 321 1643 illustri
363 1594 508 1644 domo
548 1596 736 1644 Austrie
779 1602 1106 1662 procreatum,
1147 1602 1368 1647 sanctum
1406 1615 1513 1648 esse
1560 1615 1615 1647 ac
1660 1603 1937 1647 sanctorum

149 1678 403 1744 cathalogo
431 1679 736 1729 ascribimus.
769 1683 1047 1731 Statuentes
1077 1686 1128 1730 ut
1161 1683 1220 1730 ab
1255 1682 1512 1731 universali
1545 1683 1779 1743 Ecclesia,
1811 1699 1938 1732 anno

150 1761 382 1827 quolibet,
407 1763 484 1812 die
509 1767 568 1813 15
591 1765 865 1814 novembris
886 1768 1062 1817 festum
1090 1767 1241 1831 ipsius
1264 1771 1311 1815 et
1332 1767 1564 1828 officium,
1591 1767 1713 1815 sicut
1736 1784 1824 1831 pro
1846 1784 1941 1815 uno

151 1847 452 1909 confessore,
476 1848 648 1897 devote
665 1852 713 1896 et
731 1848 1013 1898 solemniter
1040 1849 1330 1898 celebretur.
1364 1852 1565 1914 Insuper
1587 1850 1757 1899 eadem
1779 1851 1947 1898 autho-

151 1929 293 1981 ritate
310 1930 541 1980 omnibus
565 1946 673 1980 vere
695 1931 1022 1995 penitentibus
1057 1938 1103 1982 et
1134 1933 1370 1982 confessis
1398 1934 1479 1997 qui
1503 1934 1701 1998 singulis
1724 1935 1861 1983 annis
1887 1935 1943 1982 ad

153 2012 462 2079 sepulchrum
515 2015 734 2080 ejusdem
765 2016 815 2065 in
860 2017 936 2066 die
980 2018 1086 2067 festi
1123 2018 1439 2078 accesserint,
1486 2034 1636 2065 unum
1677 2034 1857 2066 annum
1898 2023 1945 2066 et

154 2095 470 2161 quadraginta
505 2097 607 2147 dies
647 2098 706 2147 de
747 2099 974 2165 injunctis
1021 2102 1108 2151 sibi
1152 2102 1437 2167 -penitentiis
1485 2103 1605 2150 mire
1646 2103 1695 2150 in
1740 2103 1945 2150 Domino

156 2165 444 2230 relaxamus.
472 2202 494 2225 »
1428 2226 1430 2228 ,

227 2267 330 2322 Quo
350 2265 478 2315 facto
513 2267 570 2314 D.
603 2267 841 2317 Antonius
875 2268 934 2317 de
964 2270 1184 2334 Augubio
1218 2273 1503 2334 procurator
1534 2269 1710 2318 fiscalis
1739 2274 1870 2318 stans
1902 2269 1950 2317 in

157 2346 270 2398 loco
307 2349 581 2414 supradicto
621 2356 731 2400 ante
772 2353 993 2402 ultimum
1032 2355 1236 2418 gradum
1278 2353 1383 2403 solii
1425 2357 1551 2418 Pape
1574 2354 1634 2402 ad
1670 2355 1952 2419 pontificem

160 2448 327 2482 versus
345 2433 463 2482 dixit
489 2452 498 2481 ;

188 2564 189 2567 ,
229 2537 253 2562 «
274 2519 330 2567 Et
353 2533 444 2582 ego
466 2518 702 2568 Antonius
724 2519 782 2570 de
804 2522 1027 2587 Augubio
1053 2524 1138 2573 SS.
1165 2525 1221 2572 D.
1248 2524 1302 2573 N.
1325 2528 1613 2588 procurator
1632 2524 1812 2581 fiscalis
1835 2540 1954 2587 rogo

166 2606 215 2653 et
247 2602 442 2667 requiro
471 2619 555 2653 vos
586 2619 755 2663 omnes
787 2611 836 2656 et
863 2607 1077 2671 singulos
1105 2607 1327 2655 dominos
1354 2608 1731 2671 protonotarios,
1764 2624 1957 2656 camere

167 2686 434 2752 apostolice
461 2685 683 2750 clericos,
713 2688 931 2754 aliosque
958 2690 1172 2739 notarios
1202 2690 1282 2738 hic
1311 2696 1564 2755 presentes
1599 2696 1648 2740 ut
1678 2691 1737 2740 de
1770 2695 1960 2756 protes—

169 2771 350 2820 tatione
372 2774 572 2837 perSS.
603 2776 660 2822 D.
694 2778 913 2822 nostrum
940 2767 1114 2839 papam
1138 2774 1394 2838 premissa,
1430 2775 1699 2824 conficiatis
1733 2776 1884 2823 u'uum
1916 2779 1963 2823 et

171 2854 324 2919 plura,
350 2853 595 2920 publicum
617 2861 664 2906 et
684 2858 894 2922 publica,
919 2858 1295 2908 instrumentum
1317 2864 1364 2908 et
1386 2860 1723 2914 instrumenta.
1755 2880 1775 2903 »

241 2941 317 2999 Et,
341 2955 400 2989 eo
423 2939 570 3001 dicto,
596 2940 652 2990 D.
686 2942 970 2990 Franciscus
997 2942 1056 2991 de
1086 2943 1249 2992 Padua
1278 2943 1555 3005 advocatus,
1586 2945 1635 2992 in
1663 2944 1835 2992 eodem
1856 2944 1962 2993 loco

176 3021 281 3090 ipso
304 3025 361 3073 D.
386 3025 595 3074 Antonio
617 3026 837 3086 sedente,
862 3031 993 3075 stans
1014 3042 1184 3075 eorum
1204 3043 1370 3076 versus
1389 3028 1505 3077 dixit
1533 3047 1541 3076 :

247 3128 269 3153 «
298 3107 355 3158 Et
377 3124 467 3175 ego
496 3110 782 3160 Franciscus
811 3110 869 3159 de
900 3111 1060 3160 Padua
1088 3111 1284 3160 nomine.
1309 3113 1641 3176 procuratorio
1671 3111 1968 3161 serenissimi

178 3189 408 3256 principis
456 3199 504 3243 et
548 3194 748 3255 domini,
798 3198 855 3244 D.
911 3196 1129 3244 Federici
1179 3195 1367 3244 romani
1421 3196 1726 3261 imperatoris
1775 3213 1969 3263 semper

180 3276 372 3340 augusti
407 3291 524 3342 rogo
557 3283 604 3328 et
640 3279 832 3344 requiro
866 3295 951 3329 vos
978 3296 1158 3329 omnes
1190 3283 1238 3327 et
1274 3279 1488 3343 singulos
1532 3283 1629 3328 RR.
1671 3283 1775 3331 DD.
1812 3287 1973 3347 proto-

226 3399 364 3498 1.5Sur
390 3400 424 3438 la
444 3402 695 3442 canonisation
721 3404 766 3442 de
798 3404 970 3454 Leopold‚
999 3416 1084 3453 voy.
1108 3403 1268 3450 Rinaldi,
1297 3405 1401 3441 Arm.
1431 3405 1593 3451 Eccles„
1616 3409 1641 3443 t.
1677 3405 1795 3453 XXX,
1818 3418 1854 3455 p.
1885 3407 1972 3452 105,

183 3468 242 3498 n0·
286 3462 391 3499 4-61.
