2262 3958
167 295 321 336 [vaier
341 295 432 337 149⁰]
607 295 775 332 RERUM
808 295 1112 332 URBANARUM
1145 293 1496 332 COMMENTARII.
1878 292 1948 326 385

166 397 315 446 Mario
330 395 380 444 in
402 395 619 456 Porticu3
647 396 902 446 duodecim
933 397 1221 462 presbyteri,
1258 396 1479 445 videlicet
1500 412 1509 444 :
1533 412 1573 443 s.
1608 394 1798 459 Angeli,
1824 394 1950 442 Ulix-

165 478 413 539 bonensis,
439 480 838 540 RechanatensiS,
873 497 912 530 s.
950 481 1230 540 Clementis,
1261 480 1540 539 JanuensiS,
1572 479 1632 528 de
1663 478 1946 533 ComitibuS,

165 563 458 622 Parmensis,
510 567 898 622 BeneventanuS,
945 565 1227 624 Aleriensis,
1272 581 1310 612 s.
1348 564 1628 623 Anastasie;
1674 568 1721 612 et
1768 568 1955 626 septem

167 645 376 706 diaconi,
400 647 620 697 videlicet
646 665 656 697 :
684 648 933 707 SenensiS,
967 649 1025 696 de
1056 651 1209 707 Fuxo,
1234 648 1548 707 camerariuS,
1573 647 1632 694 (16
1657 646 1876 706 Sabellis,
1898 645 1957 693 de

170 730 420 792 Columna,
443 732 502 781 de
526 732 710 781 Ursinis
738 736 787 781 et
806 731 1041 780 Ascanius
1066 737 1174 795 post
1203 732 1413 780 bancum
1435 731 1754 779 diaconorum
1781 734 1826 779 et
1853 730 1957 778 illo-

171 831 278 863 rum
296 819 503 880 quatuor
518 816 914 880 presbyterorum
930 814 1245 862 cardinalium
1266 819 1370 862 erat
1392 831 1658 863 scammum
1678 814 1780 864 sine
1804 814 1955 878 gradu

168 915 257 964 pro
278 899 547 948 oratoribus
567 897 718 946 laicis.
740 899 781 944 A
796 897 1000 945 sinistris
1025 901 1152 962 Pape
1175 902 1312 946 erant
1341 899 1436 947 duo
1458 898 1600 946 bassa
1621 914 1836 945 scamma
1865 914 1952 961 pro

168 982 364 1048 prelatis
404 981 760 1040 assistentibus,
794 985 922 1028 retro
959 997 1055 1044 quo
1093 982 1283 1030 stabant
1322 985 1378 1030 D.
1420 980 1694 1028 Bernardus
1738 983 1982 1041 secretus¹

171 1064 492 1114 cubicularius
515 1080 626 1113 cum
645 1065 924 1114 secretario.
952 1065 1264 1127 subdiaconi,
1290 1066 1553 1125 auditoreS‚
1578 1064 1740 1114 clerici
1762 1079 1954 1112 camere

171 1153 220 1198 et
238 1147 412 1213 acolyti
435 1149 670 1198 sedebant
695 1154 831 1199 extra
859 1149 1061 1214 gradum
1083 1153 1129 1198 et
1149 1149 1361 1214 primum
1389 1151 1587 1198 rubrum
1611 1148 1716 1197 solii
1751 1151 1879 1212 Pape
1909 1152 1958 1196 et

171 1247 282 1281 cum
304 1231 472 1281 circuli
494 1232 668 1282 fierent
683 1249 773 1298 per
787 1234 1058 1283 cardinales
1072 1237 1202 1282 retro
1222 1234 1455 1283 sedebant
1470 1251 1635 1284 versus
1657 1234 1805 1283 altare
1826 1236 1960 1282 extra

170 1316 407 1366 circulum
439 1318 521 1366 ubi
554 1322 692 1367 erant
721 1318 1003 1368 cubicularii
1035 1323 1169 1368 extra
1209 1319 1435 1368 eumdem
1476 1334 1587 1367 cum
1622 1317 1894 1367 secretariis
1916 1322 1964 1366 et

170 1401 434 1451 advocatis·
465 1402 539 1452 Ab
575 1403 670 1452 alia
689 1407 824 1468 parte
858 1403 1020 1452 altaris
1054 1403 1183 1452 circa
1203 1403 1451 1452 sacristam
1483 1406 1530 1452 et
1557 1403 1707 1451 altare
1727 1406 1862 1450 erant
1879 1416 1963 1450 sex

118 1475 127 1484 ”
168 1485 346 1536 banchi
361 1486 498 1552 longi
513 1503 601 1552 pro
615 1487 814 1552 prelatis
836 1504 845 1535 :
868 1487 1052 1552 primus
1067 1487 1438 1552 altariproprior
1450 1487 1537 1536 fuit
1552 1503 1640 1552 pro
1661 1486 1959 1551 dignioribus

168 1571 384 1637 prelatis,
437 1572 663 1622 videlicet
710 1572 1007 1632 oratoribus,
1049 1576 1141 1621 etc.
1190 1575 1423 1621 Cantores
1462 1571 1651 1619 stabant
1686 1570 1735 1617 in
1775 1569 1961 1634 capella

169 1659 300 1705 retro
329 1656 498 1706 altare.
525 1656 748 1706 Scutiferi
772 1656 964 1705 stabant
986 1656 1033 1704 in
1055 1657 1199 1720 plano
1221 1655 1437 1705 inferiori
1459 1655 1507 1702 in
1541 1671 1691 1703 cornu
1719 1653 1958 1717 evangelii

167 1738 348 1799 altaris,
381 1740 520 1805 juxta
549 1740 870 1789 cubicularios
889 1740 1015 1788 inter
1036 1757 1158 1804 quos
1188 1740 1334 1789 etiam
1363 1740 1517 1788 stabat
1546 1738 1773 1787 soldanus
1797 1737 1960 1801 capel-

167 1822 269 1872 lum
287 1825 417 1888 Pape
438 1838 527 1888 per
545 1826 698 1872 totam
719 1823 917 1872 missam
938 1839 1085 1872 manu
1108 1824 1307 1878 dextera
1329 1839 1524 1873 servans
1538 1860 1548 1870 .

234 1907 374 1956 Feria
393 1907 626 1966 secunda,
651 1911 679 1955 4
701 1907 883 1957 mensis
912 1907 1138 1972 januarii,
1165 1910 1316 1956 Rome
1341 1907 1390 1954 in
1412 1907 1620 1956 ecclesia
1641 1923 1679 1954 s.
1704 1905 1961 1955 Salvatoris

169 2003 322 2056 prope
350 1994 569 2060 montem
597 1991 859 2039 Jordanum
887 1991 1227 2054 religiosorum
1256 1992 1472 2040 habitum
1514 1991 1802 2040 celestinum
1832 1990 1965 2039 defe-

171 2073 397 2133 rentium,
427 2074 667 2138 baptizata
686 2074 775 2122 fnit
802 2074 901 2122 filia
929 2075 1175 2123 Francisci
1200 2075 1315 2123 Cibo
1346 2077 1431 2123 SS.
1463 2078 1520 2123 D.
1554 2078 1609 2123 N.
1642 2091 1766 2139 pape
1794 2074 1878 2121 filii
1909 2091 1967 2122 ex

171 2172 322 2207 uxore
343 2173 448 2218 sua,
470 2157 548 2206 die
566 2157 810 2206 dominica
833 2161 889 2206 13
910 2157 1183 2206 decembris
1196 2158 1415 2221 proxime
1434 2157 1651 2222 preteriti
1667 2160 1819 2205 Rome
1833 2163 1962 2216 nata,

171 2257 260 2306 per
283 2243 477 2290 Rmum.
510 2243 566 2290 D.
602 2228 897 2290 cardinalem
926 2241 1372 2290 vicecancellarium
1402 2246 1450 2290 et
1473 2241 1522 2288 in
1551 2241 1806 2289 duodecim
1843 2240 1962 2288 alio-

171 2335 280 2374 rum
321 2325 654 2385 cardinalium,
694 2325 917 2374 videlicet
948 2342 959 2374 ε
994 2325 1315 2390 Neapolitani,
1363 2342 1400 2373 S.
1448 2325 1614 2383 Marci,
1655 2342 1693 2372 s,
1739 2324 1868 2373 Petri
1902 2325 1961 2372 ad

172 2407 392 2468 Vincula,
417 2424 456 2456 S.
482 2408 633 2457 Marie
653 2409 703 2456 in
726 2409 941 2467 Porticu,
968 2425 1006 2456 S.
1041 2409 1232 2473 Angeli,
1257 2409 1618 2474 portugalensis
1648 2410 1744 2458 sive
1765 2409 1962 2458 Ulixbo-

169 2489 354 2550 nensiS,
379 2491 724 2550 Beneventani,
751 2507 789 2539 s.
817 2492 1091 2550 Anastasie,
1118 2493 1177 2541 de
1206 2495 1357 2554 Fuxo,
1385 2511 1424 2541 S.
1459 2494 1670 2557 Georgii,
1699 2493 1757 2541 de
1779 2493 1963 2541 Ursinis

170 2578 220 2624 et
239 2574 431 2624 Ascanii
450 2575 712 2639 presentia,
738 2591 946 2639 quorum
969 2576 1244 2640 complures
1260 2580 1537 2641 compatres
1557 2576 1771 2634 fuerunt,
1795 2576 1892 2635 alii,
1914 2579 1964 2623 ut

170 2657 361 2716 affines,
388 2657 533 2706 vieini
565 2657 818 2706 astiterunt
850 2674 860 2705 :
895 2674 992 2705 non
1014 2659 1146 2722 potui
1179 2663 1344 2706 tamen
1375 2663 1651 2722 compatres
1683 2674 1769 2722 pro
1798 2658 1965 2707 confu-

173 2740 308 2789 sione
338 2740 399 2788 ab
425 2740 530 2789 aliis
561 2740 863 2800 discernere3
896 2742 1043 2791 credo
1069 2747 1233 2791 tamen
1262 2759 1450 2802 omnes,
1477 2746 1640 2807 preter
1669 2745 1964 2791 Beneventa-

171 2840 290 2873 num
311 2829 357 2873 et
381 2823 626 2883 Ursinum,
651 2825 711 2872 ad
733 2826 1185 2888 compaternitatem
1207 2830 1405 2875 vocatos
1427 2842 1553 2875 esse.

239 2906 375 2956 Prior
409 2907 691 2956 monasterii
733 2908 859 2956 dicte
901 2909 1127 2969 ecclesie,
1170 2910 1364 2974 pluviali
1409 2911 1624 2969 indutus,
1666 2911 1714 2958 in
1755 2910 1960 2958 duorum

173 2990 378 3039 aliorum
409 2990 611 3039 fratrum
635 2992 854 3056 ejusdem
883 2992 1065 3040 ordinis
1099 2993 1383 3056 pluvialibus
1426 3010 1574 3058 super
1599 2994 1740 3042 cottis
1771 2993 1962 3041 induto-

173 3090 279 3122 rum
307 3073 395 3122 sibi
431 3070 761 3123 assistentium
789 3075 1050 3139 presentia,
1083 3076 1270 3139 peregit
1302 3081 1456 3124 totum
1487 3078 1701 3125 officium
1730 3076 1955 3140 baptismi

174 3162 310 3205 extra
332 3161 523 3221 portam
550 3163 598 3205 et
621 3158 758 3222 juxta
783 3158 944 3206 locum
977 3174 1063 3222 pro
1094 3159 1331 3223 basptimo
1358 3160 1651 3217 ordinatum,
1686 3160 1766 3222 qui
1795 3160 1879 3207 fuit
1912 3160 1961 3207 in

174 3239 334 3288 medio
353 3239 490 3288 chori
511 3256 664 3304 usque
687 3241 747 3289 ad
762 3241 840 3288 illa
861 3241 1022 3301 verba,
1048 3242 1115 3288 vis
1141 3242 1384 3305 baptizari,
1411 3259 1509 3307 que
1525 3243 1643 3291 dixit
1666 3243 1963 3292 vicecancel-

171 3322 345 3380 larius;
370 3328 419 3372 et
451 3323 624 3373 deinde
657 3324 868 3389 puellam
902 3325 1154 3389 baptizavit
1187 3329 1235 3374 et
1262 3325 1437 3374 deinde
1460 3325 1676 3374 officium
1712 3342 1867 3390 usque
1903 3327 1965 3376 ad

172 3405 317 3455 tinem
358 3406 564 3472 peregit,
606 3411 749 3472 prout
780 3408 830 3456 in
862 3423 985 3457 nova
1017 3409 1370 3474 compositione
1410 3409 1469 3458 de
1492 3410 1640 3459 verbo
1664 3414 1711 3459 et
1748 3411 1958 3476 integre,

371 3515 403 3541 τ.
427 3515 451 3541 1.
1736 3507 1782 3542 <25
