2262 3958
884 289 1167 327 APPENDICE.
1846 293 1918 329 525

130 399 246 442 quae
264 388 567 431 cordatissima
590 393 679 439 est;
702 402 852 432 verum
875 395 924 432 ut
944 392 1222 446 intelligeret,
1257 391 1376 444 quod
1401 391 1537 443 aliqui
1568 391 1622 432 de
1643 402 1714 432 me
1738 391 1914 433 sinistre

131 454 425 507 suspicantur,
462 467 532 496 me
563 467 653 496 non
685 460 883 508 repente,
916 469 1005 498 non
1040 459 1392 510 praecipitanter,
1438 469 1527 499 non
1559 457 1714 498 leviter
1746 460 1915 498 motum

129 517 284 561 fuisse.
305 521 392 562 Nec
412 520 544 562 debet
564 521 712 562 mirari
733 522 986 574 quisquam,
1017 534 1098 564 nec
1130 535 1308 572 novum,
1332 526 1406 563 aut
1434 522 1717 564 temerarium
1734 523 1780 564 id
1799 524 1917 563 exis-

131 584 303 635 timare,
327 595 466 638 quum
490 586 622 627 etiam
651 586 766 627 inter
798 589 1020 629 Romanos
1054 588 1285 629 Pontifices
1319 588 1375 628 ab
1402 587 1591 628 Ecclesia
1626 588 1918 629 Canonizatos

131 650 390 704 reperiatur,
409 651 483 704 qui
502 651 619 692 idem
635 651 787 693 fecerit
805 666 815 702 ;
839 653 1113 694 Caelestinus
1127 655 1176 694 V.
1196 654 1270 705 qui
1286 656 1469 694 Sanctus
1490 654 1644 693 Petrus
1663 654 1717 694 de
1738 655 1918 694 Murone

131 720 426 769 nuncupatur,
451 717 614 770 legitur
645 717 777 758 etiam
797 718 855 759 ad
874 718 1106 770 privatam,
1136 722 1178 759 et
1204 719 1459 771 religiosam
1490 719 1624 759 vitam
1658 720 1917 769 transiisse;

132 785 178 824 et
211 784 396 824 Sanctus
432 783 726 836 Hieronymus
761 783 801 823 S.
839 785 887 824 R.
921 785 969 824 E.
1008 784 1256 837 Presbyter,
1297 795 1431 836 quem
1462 783 1609 824 ferunt
1642 785 1919 826 Cardinalem

129 847 271 889 fuisse
293 850 384 890 :De
413 849 538 890 Petro
575 847 791 897 Damiani‚
815 848 890 900 qui
911 849 1012 889 licet
1031 860 1120 889 non
1143 849 1198 889 sit
1219 850 1333 890 inter
1359 851 1541 890 Sanctos
1561 850 1743 898 relatus,
1770 854 1920 891 tamen

134 925 215 966 pro
236 915 395 955 Sancto
413 914 669 966 honoratur,
706 915 896 956 habetur
915 926 969 956 ex
992 916 1117 957 libris
1148 927 1226 967 per
1246 926 1347 956 eum
1377 915 1522 963 editis,
1546 926 1659 967 quos
1689 915 1785 967 ipse
1815 916 1919 969 legi,

131 979 280 1032 ipsum
301 990 355 1020 ex
375 979 620 1028 Cardinale,
644 982 702 1030 et,
722 979 768 1020 ni
789 979 933 1030 fallor,
959 982 1094 1022 etiam
1115 981 1333 1033 Episcopo
1355 980 1563 1029 Ostiensi,
1585 979 1747 1020 factum
1770 982 1921 1021 Mona-

133 1045 265 1086 chum
282 1042 437 1094 fuisse,
460 1044 515 1086 de
532 1045 703 1086 Summi
723 1045 944 1087 Pontificis
964 1047 1153 1088 licentia.
1184 1048 1250 1087 An
1279 1058 1382 1087 vero
1413 1045 1671 1099 hujusmodi
1701 1045 1920 1086 licentiam

129 1119 156 1150 a
177 1109 307 1150 Sacro
328 1108 521 1162 Collegio
541 1109 760 1160 habuerit,
783 1121 872 1151 non
899 1111 1093 1152 memini.
1126 1112 1217 1164 Ego
1252 1110 1308 1151 ab
1340 1111 1497 1151 eodem
1519 1111 1713 1165 Collegio
1735 1112 1849 1152 hanc
1869 1113 1922 1152 li-

133 1173 324 1215 centiam
343 1185 434 1215 non
452 1175 573 1227 petii,
595 1178 639 1216 et
659 1186 749 1216 non
771 1186 869 1216 sum
898 1179 1021 1217 ratus
1052 1177 1163 1218 adeo
1185 1176 1463 1226 imbecillem,
1490 1180 1533 1218 et
1553 1177 1776 1218 infirmam
1796 1178 1918 1218 Vica-

129 1238 182 1280 rii
201 1239 359 1282 Christi
371 1242 655 1292 potestatem,
675 1243 723 1281 ut
738 1251 826 1281 non
841 1242 983 1293 possit
1001 1242 1230 1294 praebere,
1249 1253 1300 1282 ac
1314 1243 1539 1296 porrigere
1558 1254 1742 1284 manum
1755 1244 1923 1285 volenti

133 1305 266 1346 saluti
286 1305 462 1347 animae
482 1317 602 1356 suae,
626 1306 942 1348 honestissimo
960 1307 1092 1348 modo
1114 1307 1361 1348 consulere.
1385 1309 1476 1361 Ego
1495 1309 1628 1359 enim,
1647 1309 1767 1361 quod
1787 1309 1832 1349 in
1852 1321 1923 1350 ar·
1989 1360 1991 1362 Ι

132 1370 231 1412 duis
252 1370 497 1424 Collegium
515 1375 720 1412 teneatur
740 1372 939 1414 Pontifex
959 1374 1204 1425 consulere,
1235 1384 1326 1414 non
1358 1373 1542 1423 inficior,
1574 1378 1724 1415 tamen
1756 1375 1922 1426 petenti

133 1436 233 1487 sibi,
256 1437 343 1478 nisi
363 1437 484 1490 quod
503 1438 561 1479 ad
583 1438 772 1478 salutem
803 1439 935 1480 animi
966 1443 1148 1491 spectat,
1181 1439 1312 1480 credo
1335 1440 1472 1482 solius
1494 1440 1716 1482 Pontificis
1737 1441 1926 1481 auctori-

134 1505 272 1544 tatem
292 1501 510 1544 sufficere.
533 1504 646 1554 Quid
667 1507 735 1544 est
756 1505 888 1554 enim,
915 1506 1176 1546 Beatissime
1197 1506 1338 1554 Pater,
1362 1506 1549 1559 ingredi,
1576 1510 1619 1547 et
1639 1506 1834 1558 profiteri
1855 1518 1920 1546 re-

130 1568 361 1622 ligionem,
379 1567 465 1610 nisi
486 1568 734 1619 humiliare,
757 1572 800 1610 et
821 1570 1044 1611 exinanire
1072 1571 1378 1622 semetipsum,
1403 1575 1445 1613 ct
1462 1572 1649 1613 formam
1673 1572 1786 1614 servi
1818 1573 1924 1613 acci-

130 1633 311 1686 piendo,
350 1645 399 1676 se
430 1645 574 1687 usque
613 1634 669 1675 ad
700 1638 888 1676 mortem
924 1636 1205 1677 obedientem
1241 1636 1398 1687 facere,
1440 1638 1642 1689 exemplo
1682 1638 1921 1679 salvatoris

133 1700 288 1750 nostri,
312 1699 387 1752 qui
409 1699 515 1741 dum
539 1700 584 1741 id
610 1699 724 1749 fecit,
749 1698 999 1753 exemplum
1019 1702 1149 1743 nobis
1176 1702 1395 1754 praebuit.
1419 1703 1657 1756 Gregorius
1684 1703 1921 1744 Nazianze-

131 1775 218 1806 nus
234 1764 494 1817 Episcopus,
511 1768 560 1806 ut
578 1765 803 1816 scientiae,
827 1769 870 1807 et
888 1767 1247 1819 contemplationi
1262 1771 1450 1817 vacaret,
1468 1769 1781 1820 Episcopatum
1796 1769 1921 1809 dimi-

133 1831 206 1873 sit.
225 1832 368 1883 Quare
388 1832 464 1884 qui
482 1843 555 1873 me
581 1835 892 1884 properantem
918 1833 974 1873 ad
1007 1833 1271 1886 religionem
1290 1837 1512 1883 accusant,
1536 1835 1670 1875 etiam
1690 1835 1772 1875 hos
1793 1846 1923 1876 accu-

133 1900 254 1948 sent;
275 1897 313 1938 si
333 1897 418 1950 ipsi
440 1901 691 1950 peccarunt,
709 1897 847 1940 fateor
865 1909 936 1939 me
952 1899 1208 1951 deliquisse,
1225 1899 1324 1940 licet
1342 1899 1486 1940 forsan
1502 1903 1726 1941 tantorum
1744 1902 1920 1942 Patrum

130 1962 402 2012 testimonia,
425 1966 468 2005 et
488 1963 702 2005 adductas
722 1964 917 2005 rationes
944 1975 1015 2005 me
1036 1964 1362 2006 execusabilem
1382 1965 1567 2007 reddere
1583 1966 1770 2018 possint.
1795 1967 1923 2018 Quod

130 2032 281 2070 autem
300 2028 484 2071 dimisso
506 2029 810 2071 Cardinalatus
830 2030 999 2080 habitu,
1033 2029 1312 2070 dissimulato
1342 2031 1511 2080 habitu,
1541 2043 1611 2073 me
1633 2032 1779 2073 itineri
1799 2044 1919 2074 com-

134 2097 347 2147 miserim,
370 2107 461 2138 non
478 2097 635 2149 opinor
654 2099 887 2149 propterea
914 2107 985 2137 me
1003 2099 1154 2137 notam
1174 2096 1310 2136 ullam
1332 2097 1449 2150 apud
1468 2109 1644 2150 graves,
1669 2101 1710 2139 et
1728 2099 1919 2150 pruden-

131 2165 200 2204 tes
229 2162 349 2204 viros
371 2162 633 2203 contrahere
662 2162 876 2213 potuisse.
910 2163 1017 2202 Nam
1051 2173 1191 2214 quum
1218 2162 1393 2212 vellem,
1429 2161 1555 2213 quod
1569 2163 1781 2204 hactenus
1809 2167 1918 2213 erat,

133 2227 480 2269 secretissimum
500 2238 615 2277 esse,
636 2227 769 2280 idque
790 2227 970 2278 proprio
987 2226 1107 2267 fratri
1128 2227 1234 2268 mihi
1255 2226 1465 2268 fidissimo
1481 2228 1787 2278 occultassem,
1811 2229 1921 2270 exis-

134 2292 287 2334 timavi
306 2292 482 2343 melius,
503 2291 637 2333 etiam
654 2292 699 2332 in
718 2292 997 2334 dissimulato
1022 2294 1175 2334 habitu
1201 2294 1316 2334 inter
1333 2293 1523 2345 ignotOS,
1542 2305 1678 2346 quam
1698 2306 1800 2335 cum
1819 2306 1923 2336 vero

131 2357 286 2399 habitu
305 2357 509 2399 incedere
530 2370 540 2398 :
561 2360 605 2398 et
626 2361 858 2410 propterea
880 2370 904 2399 a
925 2370 1084 2411 poena,
1110 2362 1152 2400 et
1175 2370 1199 2400 a
1222 2359 1365 2411 culpa,
1390 2362 1432 2399 et
1452 2359 1508 2400 ab
1528 2360 1675 2401 omnia
1696 2360 1781 2401 alia
1803 2364 1922 2410 nota,

133 2435 205 2466 me
227 2420 471 2465 immunem
494 2435 594 2464 esse
615 2423 835 2465 existimo.
854 2425 896 2465 Si
916 2427 1065 2465 tamen
1086 2427 1281 2465 erratum
1310 2428 1391 2473 est,
1430 2436 1567 2477 quum
1601 2426 1646 2467 id
1678 2426 1924 2468 humanum

137 2489 209 2540 sit,
241 2489 440 2542 supplico
473 2489 700 2531 Sanctitati
720 2491 916 2540 Vestrae,
947 2493 996 2531 ut
1027 2501 1140 2543 quae
1167 2491 1274 2531 mihi
1305 2491 1508 2544 graviora
1540 2496 1717 2543 peccata
1742 2492 1921 2543 dimisit,

135 2556 269 2597 etiam
282 2555 368 2607 ¹hoc
388 2554 601 2605 dimittat;
627 2556 961 2608 poenitentiam,
985 2568 1120 2609 quam
1140 2557 1247 2597 mihi
1266 2569 1343 2609 pro
1364 2558 1446 2599 hoc
1467 2562 1643 2610 peccato
1665 2559 1922 2612 injunxerit.

118 2633 224 2664 .non
244 2621 394 2663 minus
415 2621 589 2672 devote,
609 2633 741 2674 quam
770 2623 993 2664 humiliter
1015 2624 1267 2676 suscipiam.
1292 2625 1550 2666 Beatissime
1578 2627 1720 2676 Pater,
1755 2626 1926 2667 Sancti-

133 2691 204 2730 tas
223 2688 391 2737 Vestra‚
414 2698 530 2740 quae
545 2699 722 2740 semper
736 2691 828 2730 tam
843 2692 994 2730 tenere
1007 2701 1246 2742 personam
1261 2702 1406 2732 meam
1421 2691 1589 2742 ditexit,
1614 2695 1657 2732 et
1678 2694 1925 2743 tantopere,

131 2765 183 2796 ac
200 2752 487 2795 multifariam
502 2753 749 2803 honoravit,
765 2754 974 2807 dignetur
987 2766 1100 2807 opus
1115 2767 1263 2806 suum,
1281 2759 1324 2797 et
1338 2756 1552 2798 facturam
1569 2768 1698 2798 suam
1712 2757 1757 2797 in
1774 2760 1925 2797 sancto

132 2818 360 2872 proposito
380 2818 628 2870 confovere,
654 2830 838 2869 memor,
863 2820 1020 2861 Christi
1041 2821 1209 2862 Vicario
1235 2821 1343 2862 nihil
1367 2822 1630 2874 peculiarius
1663 2833 1762 2863 esse
1791 2833 1926 2874 quam

135 2896 237 2926 eum
269 2883 324 2925 de
352 2883 601 2926 animarum
634 2885 778 2925 salute
809 2884 1044 2925 sollicitum
1078 2896 1196 2926 esse.
1239 2887 1311 2926 {lic
1341 2886 1395 2927 de
1417 2887 1590 2927 animae
1631 2898 1756 2927 meae
1785 2887 1927 2927 salute

135 2950 307 3004 agitur3
345 2961 460 3002 quae
500 2949 593 2991 sola
641 2953 743 2990 ante
787 2949 939 2990 oculos
974 2953 1201 3000 versatur;
1240 2951 1342 2992 licet
1380 2951 1496 2992 enim
1532 2951 1807 3003 exploratum
1851 2951 1928 2992 ha-

135 3016 284 3065 beam,
313 3015 607 3057 Cardinalium
640 3015 1045 3067 Episcoporumque
1074 3018 1254 3066 statum,
1290 3017 1445 3068 quavis
1478 3016 1563 3057 alia
1592 3016 1806 3069 religione
1830 3027 1927 3067 pcr-

135 3079 359 3121 fectiorem
389 3092 501 3130 esse,
535 3081 782 3122 existimavi
819 3084 966 3121 tamen
1005 3081 1063 3122 ad
1095 3081 1352 3123 inferiorem
1386 3082 1646 3135 religionem
1674 3081 1922 3130 transitum,

133 3145 382 3200 fragilitatis
423 3158 546 3188 meae
586 3148 794 3188 tutiorem
834 3158 948 3187 esse.
991 3147 1086 3187 Non
1123 3151 1193 3188 est
1236 3148 1372 3188 inscia
1417 3148 1631 3188 Sanctitas
1671 3149 1839 3197 Vestra,
1877 3157 1925 3188 se

135 3212 310 3254 animae
344 3223 468 3254 meae
503 3213 734 3264 rationem,
776 3214 822 3253 in
851 3211 1046 3253 districto
1075 3212 1259 3264 judicio,
1298 3212 1583 3262 reddituram,
1626 3224 1759 3264 quam
1791 3212 1925 3267 longe

137 3277 365 3319 meliorem
393 3277 562 3327 reddet,
598 3279 635 3319 si
667 3278 903 3320 humilitati
934 3290 1060 3320 meae
1095 3279 1177 3320 hoc
1208 3279 1456 3329 indulserit,
1497 3291 1630 3332 quam
1667 3280 1704 3320 si
1738 3281 1792 3322 ab
1825 3291 1925 3322 meo

138 3344 288 3397 veteri,
308 3346 351 3384 et
372 3346 523 3384 sancto
544 3344 769 3396 proposito
792 3356 862 3385 me
878 3345 1161 3386 revocaverit.
1184 3346 1229 3385 ln
1248 3345 1330 3386 hoc
1347 3349 1516 3386 annuat
1536 3346 1753 3387 Sanctitas
1770 3348 1923 3388 Vestra

138 3409 410 3461 humillimis,
434 3412 475 3450 et
491 3409 750 3462 lacrymosis
773 3410 975 3463 precihus
996 3411 1123 3460 meiS‚
1140 3421 1220 3452 nec
1238 3411 1342 3453 velit
1360 3411 1405 3451 in
1425 3411 1722 3453 amaritudine
1746 3412 1921 3454 animae
