2262 3958
182 288 450 336 [sannen-1492]
643 287 811 325 RERUM
846 286 1152 325 URBANARUM
1189 286 1541 324 COMMENTARII.
1895 285 1961 321 441

182 392 439 443 celebravit
475 394 640 438 Rmus.
685 393 743 438 D.
790 390 1045 439 cardinalis
1098 389 1500 449 Rechanatensis,
1546 392 1674 454 Papa
1715 392 1962 454 presente.

183 480 469 526 Sermonem
490 474 604 522 fecit
634 477 691 522 D.
724 473 1002 522 Dominicus
1034 474 1229 538 Crispus
1265 473 1572 522 Pistoriensis
1613 472 1816 522 scutifer
1837 470 1960 518 Rmi.

182 563 240 609 D.
265 559 519 609 cardinalis
543 557 807 608 Aleriensis
830 573 941 606 cum
970 572 1147 620 magno
1167 557 1376 605 honore.
1409 559 1587 604 lterum
1610 556 1726 604 dum
1749 571 1777 604 a
1797 558 1965 604 canto-

181 643 316 692 ribus
347 643 498 692 Et’in
536 651 659 691 terra
695 642 1050 700 decantaretur,
1088 642 1147 688 de
1184 641 1412 689 mandato
1452 643 1538 690 SS.
1574 644 1631 689 D.
1662 639 1815 689 nostri
1856 641 1964 688 dedi

179 716 344 775 locum
365 726 490 774 inter
510 726 795 775 assistentes
815 724 1027 788 prelatos
1056 723 1331 771 Sanctitatis
1363 740 1448 771 sue
1472 727 1528 771 R.
1555 725 1603 771 in
1626 724 1818 772 Christo
1839 725 1960 787 patri

182 808 297 856 Filie
318 808 457 857 aliter
482 808 692 866 Filiasio,
717 807 1086 871 archiepiscopo
1115 806 1450 854 Ravenatensi.
1475 806 1598 866 Alia,
1626 810 1676 854 ut
1702 807 1849 855 moris
1875 813 1965 858 est.

180 891 435 942 observata
455 892 608 942 fuere.

246 976 386 1024 Feria
407 975 637 1034 secunda,
656 977 683 1021 2
706 973 888 1022 mensis
901 973 1128 1037 januarii,
1154 973 1285 1020 lllus.
1306 971 1532 1020 dominus
1551 971 1834 1019 Guillelmus
1851 972 1972 1019 lant-

180 1058 371 1124 gravius
406 1057 575 1110 Hessie
614 1057 816 1106 recessit
850 1073 909 1106 ex
949 1057 1094 1117 Urbe,
1132 1056 1194 1105 ad
1234 1055 1440 1120 patriam
1478 1070 1619 1103 suam
1649 1054 1889 1102 rediturus
1922 1054 1971 1102 in

179 1141 377 1191 nomine
396 1140 608 1189 Domini.

243 1225 384 1275 Feria
403 1224 588 1289 quinta,
615 1229 642 1274 5
659 1225 888 1290 Januarii,
922 1225 1081 1290 vigilia
1111 1225 1368 1289 epiphanie
1402 1224 1613 1284 Domini,
1640 1224 1838 1273 fuerunt
1864 1239 1972 1271 ves-

176 1325 294 1376 pere
313 1310 512 1375 papales
535 1311 779 1360 solemnes
796 1311 845 1359 in
864 1309 1049 1374 capella
1068 1309 1301 1374 predicta,
1330 1310 1414 1358 SS.
1443 1311 1498 1357 D.
1524 1314 1692 1357 nostro
1713 1312 1961 1373 presente,

179 1393 396 1442 officium
417 1410 555 1444 more
577 1394 719 1443 solito
739 1395 964 1444 faciente.

244 1477 382 1526 Feria
419 1483 554 1526 sexta
591 1478 843 1542 sequente,
879 1482 906 1526 6
932 1476 1141 1541 januarii
1184 1477 1307 1526 festo
1348 1476 1634 1541 Epiphanie,
1668 1477 1752 1525 SS.
1799 1479 1862 1524 D.
1913 1479 1971 1524 N.

180 1561 374 1610 indutus
393 1561 590 1622 amictu,
621 1561 747 1622 alba,
780 1562 972 1626 cingulo
1001 1566 1047 1609 et
1080 1561 1203 1609 stola
1240 1576 1299 1609 ex
1326 1561 1471 1625 perlis
1504 1576 1647 1625 supra
1673 1560 1965 1625 capucinum

178 1644 340 1693 album
378 1648 548 1694 contra
581 1645 882 1695 voluntatem
923 1661 1084 1694 meam
1131 1661 1242 1693 cum
1285 1645 1484 1693 deberet
1531 1660 1639 1693 esse
1679 1644 1969 1708 capucinum

181 1729 388 1778 rubeum
408 1729 523 1793 quia
544 1729 791 1795 asabbato
815 1735 982 1778 sancto
1005 1745 1159 1792 usque
1189 1729 1249 1777 ad
1276 1727 1531 1776 sabbatum
1560 1727 1609 1775 in
1642 1727 1763 1776 albis
1785 1731 1972 1776 tantum

178 1813 410 1862 inclusive
442 1815 570 1877 Papa
602 1813 838 1877 capucino
866 1813 976 1862 albo
1003 1814 1071 1862 uti
1101 1812 1368 1870 consuevit,
1398 1812 1691 1876 precedente
1747 1827 1893 1860 cruce
1926 1815 1973 1860 et

178 1896 520 1956 cardinalibuS,
553 1895 771 1945 insidens
811 1896 947 1955 sella,
985 1896 1044 1944 ad
1081 1894 1331 1944 basilicam
1367 1897 1746 1944 Lateranensem
1781 1895 1971 1944 duobus

179 1980 316 2045 equis
345 1984 566 2046 portatus
599 1984 692 2039 est,
735 1980 961 2028 omnibus
995 1979 1099 2027 aliis
1122 1994 1210 2027 suo
1247 1979 1415 2027 ordine
1452 1979 1806 2027 incedentibus.
1847 1980 1975 2028 Ante

177 2064 309 2113 fores
329 2064 536 2113 ecclesie
566 2064 820 2113 descendit
853 2079 912 2112 ex
941 2063 1056 2111 sede
1087 2063 1305 2126 predicta
1340 2066 1388 2110 et
1422 2063 1547 2110 sedit
1571 2063 1618 2110 in
1643 2063 1786 2111 aliam
1808 2063 1856 2111 in
1874 2080 1971 2128 qua

177 2147 240 2196 ad
267 2146 528 2217 ecclesiam
544 2151 763 2211 portatus
785 2138 888 2204 est;
919 2161 1066 2209 quam
1091 2161 1149 2193 eo
1177 2146 1403 2204 intrante,
1432 2148 1599 2193 Rmus.
1627 2149 1685 2193 D.
1718 2146 1974 2194 cardinalis

182 2248 222 2280 s,
259 2231 390 2280 Petri
419 2231 481 2280 ad
518 2231 727 2281 Vincula
764 2230 983 2295 ejusdem
1015 2229 1213 2278 basilice
1252 2229 1644 2294 archipresbyter
1677 2229 1893 2294 porrexit
1926 2230 1969 2278 ei

180 2330 379 2364 crucem
402 2315 462 2364 de
497 2314 634 2363 altari
663 2315 852 2379 majore
881 2329 969 2378 per
998 2329 1149 2361 unum
1178 2329 1238 2361 ex
1264 2312 1491 2360 fratribus
1520 2313 1742 2378 ejusdem
1773 2313 1971 2362 basilice

181 2398 272 2447 sibi
292 2403 598 2464 apportatam
626 2397 939 2447 osculandam
966 2412 1111 2461 quam
1139 2399 1270 2461 Papa
1300 2396 1545 2445 osculatus
1576 2401 1666 2456 est,
1695 2397 1972 2446 cantoribus

181 2482 402 2548 ejusdem
419 2481 619 2531 basilice
638 2481 834 2530 interim
859 2481 922 2528 Te
942 2481 1101 2529 Deum
1133 2480 1386 2528 laudamus
1409 2481 1734 2541 cantantibuS,
1761 2485 1809 2530 et
1829 2496 1973 2530 cano-

119 2596 127 2603 ·
178 2565 299 2614 nicis
335 2569 384 2613 et
421 2565 725 2614 beneficiatis
758 2564 958 2613 basilice
996 2565 1213 2629 predicte
1260 2564 1687 2628 processionaliter
1722 2580 1874 2629 usque
1911 2566 1971 2613 ad

178 2649 329 2698 altare
341 2649 499 2713 majus
513 2649 870 2710 incedentibus,
891 2648 971 2698 ubi
990 2651 1116 2712 Papa
1133 2648 1468 2712 genuflectens
1484 2648 1650 2696 oravit.
1667 2651 1807 2708 Tum,
1826 2648 1973 2713 depo-

181 2732 283 2780 sitis
302 2732 427 2781 stola
448 2736 496 2781 et
515 2733 752 2796 capucino
775 2733 963 2798 accepit
980 2732 1124 2781 aliam
1146 2732 1318 2781 stolam
1340 2736 1388 2781 et
1408 2732 1631 2797 pluviale,
1652 2733 1768 2781 fecit
1783 2732 1973 2781 confes-

180 2817 367 2865 sionem
398 2831 508 2864 cum
533 2816 838 2865 celebraturo
861 2835 871 2875 3
901 2822 1006 2864 tum
1027 2816 1246 2864 ascendit
1271 2816 1465 2877 solium,
1499 2817 1685 2881 accepit
1705 2816 1972 2865 cardinales

179 2901 241 2950 ad
267 2899 585 2949 reverentiam
616 2904 664 2948 et
689 2900 783 2949 alia
810 2900 974 2948 omnia
994 2901 1250 2949 observata
1271 2905 1380 2948 sunt
1401 2916 1536 2950 more
1559 2901 1714 2949 solito,
1741 2901 1903 2949 Altare
1926 2905 1972 2949 et

181 2982 356 3031 solium
385 2997 441 3031 ac
469 2981 648 3031 chorus
684 2982 982 3046 prelatorum
1010 2986 1060 3030 et
1099 2978 1415 3032 cardinalium
1446 2990 1668 3048 paratum
1695 2985 1799 3044 fuit,
1828 2988 1972 3048 prout

180 3067 403 3131 superius
420 3066 470 3115 in
492 3066 616 3116 festo
636 3084 674 3116 s,
700 3065 936 3115 Johannis
958 3065 1254 3129 evangeliste
1275 3069 1733 3117 MCCCCLXXXVII
1752 3071 1970 3115 notatum

182 3157 273 3211 est,
297 3150 463 3215 paucis
478 3150 554 3199 his
575 3150 765 3199 additis.
793 3148 1212 3218 Oratorestprelati
1236 3149 1465 3199 sederunt
1487 3151 1534 3198 in
1556 3151 1706 3200 choro
1735 3151 1783 3198 in
1814 3151 1970 3199 banco

178 3236 428 3286 humiliori
449 3234 757 3284 transversali
774 3235 912 3300 juxta
929 3232 1202 3282 cancellum
1228 3237 1337 3296 post
1367 3233 1515 3282 finem
1544 3235 1722 3283 banchi
1745 3235 1972 3284 diacono-

181 3336 289 3369 rum
310 3318 644 3368 cardinalium.
669 3318 870 3367 Prelatis
894 3321 1065 3383 parata
1085 3316 1282 3365 suerunt
1301 3332 1519 3366 scamma
1537 3318 1684 3382 longa
1707 3334 1809 3379 sex,
1832 3318 1965 3367 vide-

178 3404 293 3453 licet
313 3402 551 3451 duointer
570 3401 841 3451 cancellum
868 3401 1003 3451 chori
1035 3403 1163 3464 Pape
1192 3405 1239 3447 et
1266 3399 1416 3449 altare
1446 3402 1603 3465 majus
1632 3401 1692 3450 ad
1722 3402 1965 3450 sinistram
