2262 3958
347 306 414 342 142
950 297 1182 334 JOHANNIS
1210 295 1504 342 BURCHARDI,
1897 298 2000 341 [Mars
2022 300 2114 343 1485]

346 406 407 454 ad
432 403 699 467 cappellam
734 399 929 457 veniret,
967 398 1098 461 quod
1133 402 1180 446 et
1214 398 1302 446 suit
1329 397 1634 447 observatum
1661 402 1707 447 et
1734 399 1915 448 dictum
1945 417 2032 464 pro
2062 418 2121 452 ea

347 488 423 536 die
446 492 644 535 tantum.

413 568 660 617 Dominica
691 565 831 614 tertia
858 564 1240 628 quadragesime,
1279 568 1306 613 6
1337 565 1516 614 mensis
1541 565 1714 625 martii,
1751 564 1840 614 fuit
1875 566 2119 616 celebrata

348 651 493 698 missa
521 648 710 713 publica
737 647 783 694 in
813 645 997 709 capella
1023 646 1253 709 predicta,
1281 649 1408 710 Papa
1435 652 1660 710 presente
1686 651 1733 695 et
1761 649 1937 710 omnia,
1971 650 2020 698 in
2041 665 2116 709 ea,

349 748 483 780 more
537 734 768 779 consueto
811 729 1075 777 observata.
1125 730 1410 777 Sermonem
1455 729 1567 777 fecit
1612 734 1895 792 procurator
1939 731 2119 780 ordinis

347 814 693 864 heremitarum
716 830 754 860 s.
780 812 1047 877 Augustini.

411 896 618 946 Sabbato
646 899 701 943 12
724 895 903 943 mensis
926 895 1082 944 martii
1099 895 1147 943 in
1176 911 1283 943 sero
1309 896 1392 943 SS.
1422 898 1476 943 D.
1506 897 1560 944 N.
1593 895 1642 942 in
1666 896 1908 959 quandam
1937 896 2120 961 gravis-

349 980 519 1028 simam
560 978 888 1027 infirmitatem
933 978 1113 1039 incidit,
1163 995 1258 1042 qua
1305 978 1646 1042 principalibus
1702 980 1948 1029 mensibus
1982 980 2121 1029 labo·

351 1063 467 1113 ravit
490 1063 569 1129 (1).

412 1145 664 1195 Dominica
690 1149 860 1208 quarta
886 1145 1270 1210 quadragesime,
1307 1150 1362 1195 13
1391 1146 1502 1195 dicti
1532 1146 1711 1194 mensis
1739 1147 1913 1205 martii,
1945 1149 2112 1195 Rmus.

351 1233 406 1280 D.
444 1229 696 1280 cardinalis
734 1229 1006 1276 Parmensis
1039 1229 1296 1278 celebravit
1328 1230 1526 1278 missam
1565 1230 1805 1294 publicam
1846 1231 1895 1279 in
1931 1231 2118 1295 capella

279 1343 286 1348 -
349 1315 579 1380 predicta,
604 1316 733 1376 Papa
754 1312 970 1372 absente,
996 1313 1240 1362 consuetis
1261 1314 1566 1363 ceremoniis,

417 1401 700 1447 Sermonem
741 1396 855 1445 fecit
889 1400 1173 1459 procurator
1204 1396 1384 1445 ordinis
1419 1397 1801 1455 Carmelitarum,
1835 1401 1882 1445 et
1915 1396 1954 1444 si
1986 1402 2119 1447 recte

350 1481 564 1541 memini,
591 1495 687 1529 non
717 1479 803 1527 suit
830 1483 1018 1542 portata
1049 1495 1158 1527 rosa
1204 1484 1450 1539 consueta,
1487 1496 1641 1543 neque
1676 1496 1819 1544 super
1844 1479 1990 1529 altari.
2013 1495 2125 1529 con·
2172 1493 2174 1495 ’

351 1570 486 1614 sueto
507 1562 679 1628 posita.

414 1646 682 1706 Dominica,
706 1646 872 1709 quinta
888 1646 1253 1710 quadragesime
1277 1650 1337 1696 20
1356 1647 1513 1695 martii
1531 1647 1749 1710 predicti,
1775 1651 1830 1696 R.
1858 1648 1907 1696 in
1929 1647 2118 1697 Christo

350 1738 487 1797 pater
524 1735 580 1783 D.
625 1731 896 1795 Stephanus
939 1730 1193 1793 episcopus
1234 1730 1582 1778 Maurianensis
1623 1731 1878 1779 celebravit
1923 1731 2118 1780 missam

351 1815 588 1881 publicam
609 1814 658 1862 in
680 1813 895 1878 cappella
914 1813 1145 1876 predicta,
1170 1815 1299 1876 Papa
1318 1813 1543 1871 absente,
1573 1817 1620 1861 et
1643 1813 1836 1861 habitus
1859 1817 1931 1861 est
1955 1829 2118 1862 sermo

353 1915 487 1947 more
522 1898 678 1947 solit0.
713 1897 858 1945 Missa
890 1896 1041 1955 finita,
1077 1899 1384 1944 accesserunt
1417 1896 1477 1942 ad
1514 1895 1794 1958 pontificem
1824 1895 1873 1942 in
1903 1895 2030 1944 lecto
2065 1895 2120 1944 in

353 1997 544 2032 camera
571 1996 654 2028 sua
687 1980 735 2027 in
765 1996 858 2043 qua
893 1978 1100 2027 dormire
1139 1978 1277 2035 solet,
1311 1977 1572 2040 jacentem,
1611 1976 1872 2037 infirmum,
1910 1977 2117 2041 quadam

353 2081 440 2115 sua
470 2069 601 2114 veste
638 2080 781 2128 super
807 2062 1005 2112 camisia
1030 2061 1090 2110 ad
1117 2060 1316 2109 brachia
1340 2064 1526 2108 tantum
1552 2060 1780 2108 vestitum
1812 2076 1981 2121 omnes
2007 2075 2112 2109 car-

350 2149 532 2197 dinales
551 2164 605 2196 ac
627 2163 790 2196 comes
809 2146 980 2195 Delfini
1002 2150 1164 2194 orator
1184 2143 1309 2207 regis
1322 2143 1518 2192 Francie
1537 2144 1856 2208 supradictus,
1871 2144 2117 2193 Johannes

351 2229 502 2279 Maria
521 2229 707 2294 collega
724 2245 861 2278 meus
884 2233 930 2277 et
951 2244 1059 2292 ego,
1083 2232 1146 2287 et,
1170 2231 1331 2291 preter
1360 2230 1572 2275 secretos
1600 2227 1936 2286 cubicularios,
1959 2226 2121 2275 nullus

353 2315 495 2373 alius;
536 2314 708 2377 quibus
748 2329 912 2361 coram
946 2327 997 2360 se
1033 2309 1317 2369 constitutis,
1363 2309 1577 2373 pontifex
1615 2325 1762 2357 manu
1803 2325 1891 2357 sua
1925 2309 2122 2359 dextera

356 2412 516 2446 rosam
546 2401 717 2445 tenens
748 2395 940 2444 tradidit
970 2395 1099 2442 illam
1133 2392 1293 2441 comiti
1323 2392 1495 2440 Delfini
1526 2392 1742 2455 predicto
1771 2392 1909 2455 juxta
1938 2392 2118 2441 lectum

354 2480 626 2544 genuflexo,
663 2479 826 2527 dicens
866 2494 925 2526 ex
958 2477 1080 2525 libro
1118 2476 1263 2524 verba
1293 2494 1301 2522 :
1337 2475 1513 2538 Accipe
1547 2475 1721 2523 Rosam
1750 2483 1857 2534 ete„
1896 2478 2039 2538 prout
2073 2475 2120 2522 in
2182 2519 2192 2524 ,

353 2563 681 2613 ceremoniali.
724 2566 826 2619 Quo
854 2562 995 2620 facto,
1029 2573 1192 2607 comes
1225 2556 1470 2604 osculatus
1504 2561 1577 2604 est
1609 2573 1805 2604 manum
1839 2559 1989 2620 Pape,
2023 2571 2121 2604 non

352 2647 544 2711 pedem,
570 2647 678 2710 quia
700 2644 914 2708 cooperti
935 2647 1071 2692 erant
1094 2640 1241 2705 pedes
1270 2643 1414 2703 Pape.
1447 2640 1662 2689 Recessit
1687 2639 1860 2688 deinde
1888 2655 2052 2688 comes
2074 2642 2121 2688 et

351 2747 461 2780 cum
501 2745 559 2779 eo
595 2729 860 2779 cardinales
897 2743 1083 2785 omnes,
1126 2723 1205 2787 qui
1243 2723 1384 2772 etiam
1428 2723 1587 2786 ipsum
1626 2721 1750 2770 inter
1782 2721 1962 2784 primos
1986 2720 2118 2773 ,duos

354 2815 581 2864 diaconos
606 2813 870 2863 cardinales
897 2811 945 2858 in
974 2809 1140 2857 ultimo
1170 2807 1278 2865 loco
1313 2806 1609 2870 equitantem
1639 2819 1773 2854 more
1802 2804 1941 2853 solito
1965 2819 2116 2868 usque

352 2899 411 2947 ad
429 2899 626 2947 domum
649 2913 733 2946 sue
754 2893 1079 2953 habitationis,
1094 2888 1314 2940 videlicet
1332 2888 1559 2952 palatium
1576 2887 1856 2938 Ursinorum
1878 2887 1926 2935 in
1944 2901 2115 2950 campo

351 2982 507 3041 Flore,
528 2981 849 3030 associarunt.

419 3066 668 3115 Dominica
688 3065 950 3130 palmarum
973 3079 1064 3126 que
1085 3062 1171 3111 suit
1198 3065 1255 3110 27
1285 3060 1464 3110 mensis
1493 3057 1665 3117 martii,
1698 3058 1859 3104 Rmus.
1878 3057 1935 3104 D,
1959 3050 2116 3104 cardi-

354 3150 473 3198 nalis
508 3148 863 3213 Andegavensis
893 3151 1086 3211 paratus
1112 3161 1246 3194 more
1282 3144 1419 3193 solito
1451 3143 1497 3190 in
1532 3141 1715 3205 capella
1747 3140 1929 3204 majore
1956 3138 2115 3204 palatii

404 3300 435 3333 1.
465 3295 533 3334 Les
555 3297 714 3335 Colonna
736 3296 866 3333 mirent
885 3298 906 3333 a
923 3295 1031 3344 profit
1052 3294 1088 3332 la
1106 3293 1256 3332 maladie
1277 3294 1324 3330 du
1346 3291 1444 3340 Pape
1457 3298 1549 3340 pour
1569 3301 1607 3327 se
1628 3295 1762 3338 venger
1781 3291 1846 3327 des
1866 3286 1999 3326 Orsini.
2018 3277 2114 3334 Voy,

352 3352 539 3402 lejournal
561 3357 782 3394 d'Insessura
796 3355 957 3404 (Eccard,
978 3359 1005 3391 t.
1028 3355 1073 3397 ΙΙ,
1103 3354 1170 3391 col.
1195 3354 1315 3400 1951),
1338 3355 1373 3388 et
1393 3351 1423 3388 le
1444 3350 1581 3387 Diario
1600 3350 1662 3385 del
1681 3345 1822 3396 Notaj0
1844 3349 1906 3385 del
1920 3347 2044 3383 Nam.
2066 3344 2090 3380 d
2106 3369 2114 3378 .

353 3414 497 3460 Murat.‚
518 3418 605 3453 Rer.
635 3418 723 3453 Ital.
746 3417 904 3461 script„
920 3418 947 3451 t.
969 3415 1032 3459 111,
1047 3425 1082 3462 p.
1105 3425 1148 3458 11,
1169 3413 1234 3450 col.
1260 3411 1364 3448 1092.
1989 3428 1992 3430 ·
