2262 3958
357 328 425 363 ¹72
955 322 1188 360 JOHANNIS
1223 323 1518 371 BURCHARDI,
1808 329 2014 370 [Decembre
2034 331 2125 374 1486]

357 428 439 475 SS.
463 429 519 474 D.
545 429 602 474 N.
626 428 815 475 indutus
838 425 1035 483 amictu,
1067 424 1189 483 alba,
1221 425 1432 488 cingulo,
1464 427 1585 475 stola
1614 432 1661 476 et
1686 444 1839 494 cappa
1857 431 1916 479 de
1938 445 2127 490 creme·-

357 512 462 561 sino
483 514 640 562 veluto
662 510 941 561 hermelinis
966 524 1053 573 per
1076 512 1229 556 totum
1256 508 1449 557 suffulta
1477 509 1578 557 sine
1604 512 1791 575 pangis,
1815 515 1870 561 D.
1899 515 2126 580 episcopo

357 595 590 644 Aleriensi
610 595 881 652 assistente,
907 591 1121 640 fimbrias
1138 596 1377 656 portante.
1403 593 1543 642 Venit
1569 594 1629 642 ad
1644 590 1875 661 capellam
1893 600 2125 663 majorem

353 677 512 740 palatii
545 677 821 742 supradicti,
851 676 930 724 ubi
957 676 1190 727 matutine
1219 680 1406 726 cantate
1435 681 1543 726 sunt
1569 694 1703 728 more
1729 681 1885 731 solito.
1916 683 2125 732 Primam

350 761 608 809 lectionem
639 760 840 819 cantavi,
874 774 964 823 ego
993 758 1239 807 Johannes
1266 759 1570 808 Burchardus
1597 761 1798 811 clericus
1826 765 2125 815 ceremonia-

351 859 481 903 rum;
518 843 796 896 secundam.
830 846 887 891 D.
924 842 1168 891 Johannes
1196 843 1478 902 Franciscus
1508 845 1817 894 Marescallus
1846 847 2120 912 acolythus;

356 926 545 975 tertiam
586 929 643 974 D.
683 926 967 974 Franciscus
1000 925 1194 974 Brevius
1234 925 1442 985 auditor;
1495 932 1731 990 quartam,
1791 929 2120 980 cardinalias.

357 1009 639 1068 Clementis3
671 1008 885 1072 quintam
912 1023 998 1072 pro
1026 1011 1083 1057 D.
1114 1010 1322 1072 Gaspare
1347 1009 1529 1058 Blondo
1551 1010 1727 1059 clerico
1752 1007 1943 1062 camere
1960 1013 2050 1077 ‘qui
2071 1029 2124 1063 se

351 1097 543 1141 cantum
572 1092 694 1140 scire
719 1091 906 1155 negavit
932 1092 1135 1140 cantavit
1163 1095 1218 1140 D.
1251 1094 1389 1155 Hugo
1410 1094 1608 1142 Benzius
1637 1095 1958 1145 subdiaconus
1987 1112 2125 1160 apos-

349 1174 544 1233 tolicus3
588 1174 857 1237 septimam,
901 1173 1155 1222 cardinalis
1201 1174 1260 1223 de
1307 1176 1508 1225 Sabellis
1548 1194 1576 1226 a
1614 1178 1816 1227 sinistris
1854 1179 2110 1241 assistens;

349 1261 582 1315 octavam,
620 1256 875 1304 cardinalis
914 1257 1140 1305 Senensis
1180 1274 1208 1305 a
1245 1258 1423 1307 dextris
1466 1263 1592 1324 Pape
1628 1262 1879 1321 assistens3
1921 1278 2118 1324 nonam,

348 1342 493 1402 Papa.
521 1342 717 1402 Incepta
738 1355 811 1399 ea,
837 1339 1088 1388 cardinalis
1110 1342 1453 1390 Recanatensis
1470 1343 1673 1406 primam
1690 1344 1888 1393 missam
1910 1345 2123 1396 dicturus

346 1423 425 1470 ivit
445 1423 505 1470 ad
533 1422 700 1481 altare,
733 1422 812 1470 ubi
840 1422 889 1470 in
912 1423 1175 1472 faldistorio
1209 1425 1394 1488 accepit
1420 1426 1632 1474 sandalia
1659 1430 1705 1475 et
1731 1431 2012 1491 paramenta
2034 1444 2121 1493 pro

348 1506 493 1554 missa
513 1522 648 1555 more
676 1507 832 1554 solito.
859 1507 1012 1554 Finita
1032 1506 1199 1555 ultima
1217 1506 1442 1567 lectione,
1476 1510 1620 1572 Papa,
1648 1508 1841 1558 nemine
1862 1509 1950 1558 sibi
1968 1511 2124 1574 prein-

350 1594 563 1648 tonante,
605 1589 818 1652 incepit:
848 1589 911 1636 Te
947 1589 1105 1637 Deum
1141 1589 1407 1638 laudamus.
1455 1594 1558 1648 Quo
1605 1591 1758 1652 finito,
1811 1599 2120 1643 accesserunt

348 1672 407 1719 ad
440 1687 551 1719 eum
585 1672 679 1720 duo
710 1671 898 1720 diaconi
932 1672 1198 1722 cardinales
1232 1674 1510 1723 assistentes
1550 1680 1596 1723 et
1634 1674 1727 1723 duo
1767 1675 1977 1740 acolythi
2009 1691 2120 1725 cum

349 1755 667 1814 candelabris,
689 1759 734 1803 et
757 1758 885 1819 Papa
911 1756 1024 1804 dixit
1053 1756 1338 1805 orationem.
1374 1757 1522 1806 Iidem
1551 1758 1759 1822 acolythi
1780 1759 1925 1807 etiam
1943 1759 2121 1809 cande-

346 1838 479 1886 labra
499 1843 609 1887 ante
632 1840 809 1902 Papam
824 1843 1099 1899 tenuerunt,
1121 1855 1229 1887 cum
1255 1839 1512 1887 lectionem
1539 1854 1717 1888 nonam
1743 1841 1939 1890 diceret.
1967 1841 2121 1890 Finita

348 1921 582 1980 oratione,
623 1924 768 1984 Papa,
803 1922 1021 1985 deposita
1060 1937 1227 1986 cappa,
1257 1922 1443 1986 accepit
1467 1922 1666 1986 pluviale
1698 1927 1745 1971 et
1774 1923 1981 1982 mitram,
2014 1923 2121 1972 des-

347 2003 509 2051 cendit
541 2003 602 2051 ad
635 2004 989 2053 confessionem
1022 2020 1164 2068 quam
1192 2005 1304 2053 fecit
1339 2021 1448 2054 cum
1474 2006 1746 2055 celebrante
1779 2021 1914 2055 more
1953 2006 2113 2066 solito,

347 2084 561 2132 ascendit
587 2084 760 2133 deinde
787 2084 847 2132 ad
873 2085 1206 2145 faldistorium,
1235 2087 1459 2150 inspersit
1485 2088 1736 2137 incensum
1763 2105 1850 2153 pro
1876 2089 2041 2149 missa,
2066 2094 2114 2137 et

345 2183 442 2214 non
463 2171 535 2215 est
556 2168 644 2215 sibi
665 2168 790 2216 facta
807 2184 833 2216 a
850 2167 1169 2216 cardinalibus
1191 2170 1473 2219 reverentia.
1494 2171 1664 2220 Officio
1676 2172 1952 2235 hujusmodi
1971 2172 2118 2221 inter·

348 2249 538 2298 fuerunt
569 2254 752 2314 septem
788 2251 1071 2312 cardinaleS,
1106 2252 1355 2302 videlicet:
1382 2270 1421 2301 s.
1465 2255 1591 2303 Petri
1625 2256 1686 2303 ad
1707 2256 1927 2316 Vincula,
1956 2256 2119 2306 Ande,-

346 2334 583 2395 gavensis,
618 2334 1014 2394 Rechanatensis,
1054 2351 1092 2382 s.
1127 2336 1402 2395 Clementis,
1440 2339 1684 2398 Senensis,
1718 2339 1776 2386 de
1814 2339 2032 2400 Sabellis,
2058 2340 2118 2389 de

348 2415 580 2463 Columna
616 2420 663 2463 et
690 2417 942 2464 AscaniuS.
976 2418 1129 2466 Finita
1156 2419 1310 2481 prima
1342 2419 1505 2481 missa,
1546 2424 1674 2485 Papa
1706 2437 1925 2470 reversus
1956 2427 2028 2470 est
2059 2423 2119 2471 ad

348 2513 590 2546 cameram
615 2514 769 2557 suam,
799 2500 929 2562 quod
955 2500 1042 2547 fuit
1066 2500 1192 2548 circa
1221 2501 1391 2549 horam
1428 2503 1666 2551 decimam
1697 2503 1909 2563 tertiam;
1946 2519 2120 2552 secun-

347 2579 457 2628 dam
489 2580 686 2628 missam
715 2596 808 2644 que
839 2581 966 2629 circa
994 2582 1165 2630 horam
1193 2583 1431 2632 decimam
1461 2590 1681 2648 quartam
1709 2586 1844 2634 finita
1871 2590 1960 2646 est,
1990 2587 2119 2636 cele-

346 2662 496 2711 bravit
518 2663 664 2712 abbas
686 2680 724 2711 s.
749 2664 1014 2713 Sebastiani
1036 2665 1094 2714 de
1109 2666 1251 2727 Urbe,
1277 2667 1459 2731 capelle
1483 2672 1646 2717 nostre
1666 2669 1882 2718 sacrista.

817 2854 951 2899 ANNo
983 2854 1159 2900 DOMINI
1194 2855 1639 2905 MCCCCLXXXVI.

410 3000 663 3048 Dominica
711 3004 770 3049 25
817 3002 1103 3062 decembris,
1153 3003 1360 3051 intrante
1403 3020 1529 3052 anno
1577 3021 1605 3052 a
1649 3005 1890 3054 nativitate
1931 3005 2119 3054 Domini

352 3086 797 3143 MCCCCLXXXVI,
828 3084 949 3132 festo
977 3085 1235 3133 nativitatis
1264 3088 1316 3134 D.
1348 3088 1403 3133 N.
1431 3089 1542 3134 Jesu
1571 3086 1762 3145 Christi,
1794 3089 2119 3136 sanctissimus

352 3167 574 3215 dominus
606 3171 773 3214 noster
805 3173 998 3230 paratus
1031 3184 1165 3215 more
1197 3168 1354 3226 solito,
1388 3168 1475 3216 sub
1505 3168 1808 3230 baldachino,
1842 3170 2034 3234 prelatis
2071 3175 2118 3219 et

348 3250 669 3297 cardinalibus
691 3250 868 3313 paratis
882 3251 1268 3314 precedentibus,
1291 3251 1417 3299 venit
1437 3251 1497 3298 ad
1516 3251 1760 3302 basilicam
1782 3269 1820 3300 s.
1844 3253 1970 3301 Petri
1991 3254 2115 3301 inter

345 3332 515 3379 horam
540 3349 608 3381 xv
628 3337 674 3381 et
700 3349 803 3391 XVJ,
836 3334 915 3382 ubi
949 3334 1202 3383 celebravit
1234 3334 1430 3383 missam
1464 3335 1730 3385 solemnem
1762 3352 1896 3386 more
1931 3336 2106 3385 solito:

347 3430 439 3477 que
462 3414 594 3463 finita
609 3416 696 3463 fuit
717 3416 846 3466 circa
864 3418 1152 3466 horamxxi.
1178 3417 1385 3466 Primam
1412 3434 1584 3481 aquam
1614 3420 1745 3468 dedit
1765 3424 1927 3468 orator
1944 3421 2106 3469 Vene-
