2262 3958
899 273 1184 314 APPENDICE.
1604 240 1616 252 -
1859 279 1931 316 575

144 375 334 418 alchuno
357 374 453 428 Sig.
473 375 704 417 Cardinale
733 375 848 417 della
873 380 1033 417 venuta
1059 376 1103 418 di
1128 376 1322 435 Virginio
1345 377 1494 419 hanno
1513 388 1643 430 preso
1665 377 1817 418 ombra
1839 388 1929 418 non

138 441 349 494 picchola.
387 441 734 491 Nondimancho,
768 442 927 482 stando
967 442 998 483 il
1025 442 1218 495 Collegio
1239 443 1379 493 unito,
1412 454 1502 484 non
1529 443 1671 496 vegho
1698 442 1744 483 in
1765 446 1923 495 questa

140 515 243 546 oose
259 505 296 546 si
310 506 434 558 possi
451 504 543 547 fare
565 506 699 547 molte
731 508 1011 548 alteratione.

197 585 214 608 ι
247 572 305 612 Le
327 572 513 623 exequie
541 572 612 613 del
639 573 755 624 Papa
777 584 798 613 s
821 571 844 613 e
872 572 974 613 dato
1001 573 1156 613 ordine
1178 574 1214 613 si
1235 574 1479 615 comincino
1501 575 1703 626 sabbato,
1728 579 1770 616 et
1798 576 1926 618 dure—

141 647 282 678 ranno
304 648 393 678 vnis
414 638 472 687 di,
497 638 587 679 etii
609 640 658 678 X.
682 641 946 686 entem-anno
961 637 1005 676 in
1018 637 1236 678 Conclavi.
1255 640 1420 689 Questo
1435 638 1459 679 e
1473 643 1638 691 quanto
1655 639 1715 681 s'e
1730 640 1838 681 fatto
1845 670 1925 681 .....

200 718 218 738 ι
251 703 388 743 Rome
409 703 480 744 die
501 716 602 744 xxvs
621 703 723 744 Julii
744 702 863 743 1492.

1039 785 1054 803 ι
1078 770 1211 809 Scrv‘.
1231 770 1394 809 anmp.
1417 771 1634 819 VALORHJS,
1655 771 1727 812 Or.
1750 786 1765 807 ι

198 858 343 911 (ΑνεΙι.
359 860 547 900 Fiorenc.
572 857 731 899 Letcere
749 856 838 909 ayli
857 859 945 897 Octo
964 857 1011 898 di
1026 858 1217 907 Ρναείοα,
1238 858 1375 899 Class.
1399 860 1449 907 X,
1476 858 1585 899 Dist.
1612 859 1650 908 6,
1675 859 1786 899 Filza
1810 858 1867 911 8.)

1007 1079 1062 1125 53

188 1213 359 1267 Depuis
378 1213 420 1255 la
437 1215 553 1254 mort
574 1213 634 1254 du
653 1223 784 1264 pape,
819 1212 851 1253 il
874 1223 929 1252 ne
960 1211 1065 1252 s’est
1092 1212 1185 1253 rien
1214 1211 1393 1264 produit
1413 1206 1817 1253 d‘extraordinaire.
1845 1215 1925 1254 Les

135 1279 303 1322 barons
324 1278 575 1320 travaillent
594 1277 660 1318 les
677 1277 918 1318 cardinaux
938 1288 1052 1329 pour
1071 1276 1200 1328 qu'ils
1227 1276 1386 1320 e'lisent
1411 1289 1471 1318 un
1492 1289 1606 1330 pape
1626 1277 1702 1329 qui
1722 1277 1820 1318 leur
1840 1278 1926 1318 soit

136 1344 440 1387 hienveillant.
465 1345 546 1384 Les
576 1341 800 1395 obseques
834 1345 910 1383 ont
943 1341 1196 1383 commence
1228 1346 1271 1384 et
1304 1343 1512 1384 dureront
1537 1343 1632 1383 huit
1643 1343 1790 1396 Jours.
1807 1345 1920 1384 Pen-

137 1411 246 1453 dant
265 1421 315 1452 ce
330 1413 493 1462 temps,
515 1409 581 1450 les
602 1409 831 1461 pratiques
862 1408 977 1448 iront
1005 1408 1104 1449 leur
1129 1408 1257 1449 train.
1283 1410 1363 1449 Les
1396 1408 1558 1450 favoris
1581 1411 1680 1449 sont
1698 1409 1762 1449 les
1784 1409 1924 1450 cardi-

135 1488 256 1518 naux
285 1477 341 1519 de
373 1476 537 1528 Naples
569 1478 613 1516 et
650 1475 703 1518 de
733 1476 865 1516 Santa
896 1474 1030 1515 Maria
1062 1474 1108 1514 in
1139 1475 1334 1523 Porticu;
1356 1475 1469 1516 mais
1493 1475 1523 1515 il
1543 1475 1657 1527 n’ya
1679 1485 1759 1526 pas
1774 1474 1918 1528 grand

133 1541 393 1584 fondement
412 1540 438 1583 ὲ
459 1540 567 1583 faire
586 1552 664 1582 sur
684 1552 750 1581 ees
768 1539 964 1581 cercelles
987 1541 1062 1593 qui
1086 1541 1307 1594 changent
1326 1540 1351 1582 ὲ
1373 1544 1496 1583 toute
1518 1542 1675 1582 heure.

762 1659 779 1678 ι
802 1643 1027 1695 Magnifica·
1044 1644 1228 1693 Domini,
1248 1649 1324 1684 ete.

195 1804 214 1824 ι
245 1781 403 1829 Poiche
419 1786 548 1840 segui
566 1786 610 1827 la
629 1788 772 1827 morte
787 1785 859 1827 del
878 1787 994 1838 Papa
1024 1787 1101 1840 qui
1119 1798 1209 1828 non
1230 1786 1254 1828 e
1276 1790 1390 1830 stato
1410 1788 1597 1830 alchuna
1616 1786 1780 1830 novitii.
1803 1789 1920 1829 Anco

135 1853 178 1895 la
195 1853 329 1894 Terra
343 1850 422 1904 piu
440 1853 558 1893 tosto
579 1849 603 1893 e
625 1854 739 1893 stata
760 1851 806 1892 in
825 1853 1029 1906 maggior
1052 1854 1214 1905 quiete,
1238 1857 1280 1894 et
1300 1853 1537 1895 ciaschuno
1559 1853 1739 1895 attende
1759 1865 1784 1894 a
1804 1856 1921 1895 stare

137 1929 164 1961 a
182 1918 365 1972 bottega
385 1917 473 1959 allo
496 1917 701 1959 exercitio
724 1928 821 1958 suo.
844 1920 902 1959 Le
932 1919 1185 1971 provisione
1216 1918 1328 1961 facte
1348 1931 1426 1972 per
1439 1920 1481 1960 la
1499 1921 1633 1960 Terra
1657 1922 1700 1960 et
1720 1930 1800 1971 per
1815 1920 1923 1960 tucti

133 1995 158 2025 e
183 1982 338 2038 luoghi
371 1993 480 2025 sono
494 1983 659 2032 huone,
694 1995 818 2025 come
848 1995 928 2035 per
957 1985 1059 2025 altri
1090 1985 1248 2027 havete
1279 1985 1423 2026 inteso
1448 1998 1457 2025 ε
1481 1988 1523 2026 et
1561 1985 1708 2037 questi
1748 1985 1921 2038 Signori

133 2047 294 2090 Baroni
313 2047 589 2090 dimostrano
614 2060 676 2089 un
703 2049 852 2109 huone
883 2050 1032 2091 animo
1065 2051 1111 2091 in
1142 2054 1299 2104 queste
1328 2062 1445 2101 cose,
1468 2048 1524 2091 ne
1544 2051 1620 2103 qui
1643 2050 1781 2092 fanno
1807 2051 1920 2092 altro

133 2113 214 2156 che
231 2113 479 2166 pratichare
501 2113 720 2156 Cardinali
739 2126 764 2156 a
782 2113 875 2156 fare
895 2126 955 2156 un
976 2127 1091 2168 papa
1110 2117 1205 2158 loro
1219 2116 1425 2159 benivolo
1432 2147 1513 2157 .....

189 2193 206 2216 ι
231 2179 428 2221 Stamani
459 2179 498 2220 si
524 2180 850 2221 cominciorono
880 2180 921 2220 le
940 2182 1125 2234 exequie
1142 2181 1184 2223 le
1199 2181 1319 2234 quali
1340 2181 1378 2222 si
1399 2182 1752 2223 continueranno
1776 2180 1872 2223 sino
1893 2193 1918 2223 a

133 2258 222 2288 vnn
236 2245 295 2296 di,
307 2245 395 2287 etii
409 2247 536 2287 Xmo.
548 2248 696 2299 questi
708 2246 884 2300 Signori
892 2247 1111 2288 cardinali
1127 2250 1394 2288 enterranno
1408 2247 1453 2288 in
1465 2247 1684 2289 Conclavi.
1701 2249 1749 2288 In
1761 2250 1919 2300 questo

132 2314 282 2365 tempo
302 2311 379 2364 qui
395 2322 487 2353 non
504 2312 542 2352 si
562 2311 743 2353 attende
762 2312 821 2353 ad
841 2312 952 2353 altro
973 2313 1051 2354 che
1075 2324 1100 2354 a
1120 2312 1330 2365 pratiche,
1349 2312 1390 2353 le
1405 2313 1525 2365 quali
1538 2324 1617 2365 per
1630 2313 1778 2365 quello
1792 2313 1919 2353 ritra-

131 2377 221 2431 gho
242 2388 353 2420 sono
372 2378 510 2421 molto
530 2377 608 2432 piu
629 2378 868 2421 favorevoli
889 2391 968 2431 per
995 2378 1027 2419 il
1052 2378 1282 2420 cardinale
1310 2377 1355 2419 di
1381 2378 1552 2431 Napoli,
1581 2381 1623 2419 et
1643 2378 1687 2419 di
1709 2379 1764 2419 Sa
1784 2377 1917 2419 Maria

130 2443 177 2485 in
195 2443 396 2486 Porticho
428 2445 508 2486 che
535 2444 579 2486 di
608 2444 766 2486 nesun'
799 2445 926 2486 altro.
959 2444 1292 2486 Nondimancho
1318 2442 1477 2496 perche
1507 2444 1654 2497 questi
1677 2443 1852 2485 cervelli
1881 2443 1917 2483 si

129 2511 313 2551 mutatio
328 2510 384 2552 ad
405 2511 510 2564 ogni
530 2510 654 2562 hora,
677 2522 767 2552 non
789 2509 812 2552 e
834 2510 888 2552 da
909 2510 1015 2552 farei
1036 2510 1171 2551 molto
1191 2509 1494 2572 fondamento.

187 2658 206 2678 ι
239 2643 392 2693 Rome,
415 2642 486 2683 die
506 2654 637 2684 xxvus
652 2642 752 2695 julii
773 2642 893 2683 1492.

1288 2696 1480 2736 Servitor

1067 2778 1083 2798 ‹
1117 2763 1215 2802 Pur.
1241 2762 1454 2809 nmmos,
1478 2760 1649 2801 Orator.
1677 2776 1696 2797 »a

185 2863 325 2913 (Ar-ch.
350 2863 537 2905 Fiorenc.
560 2864 711 2904 Lectere
730 2863 821 2915 ayli
844 2866 935 2904 Οιιο
954 2864 1000 2904 ἀι·
1014 2862 1206 2912 Punica,
1229 2863 1370 2904 class.
1393 2864 1443 2912 X,
1473 2861 1586 2903 Dist.
1605 2861 1644 2911 6,
1667 2861 1778 2902 Filza
1799 2860 1857 2912 8.)

1001 3058 1054 3103 54

187 3167 417 3221 Pratiques
438 3167 517 3208 des
531 3167 785 3208 cardinaux.

739 3273 754 3293 ι
788 3253 1018 3309 Maqm'fiee‘
1031 3254 1220 3304 Domini,
1242 3260 1320 3295 ete.

133 3359 1915 3378 ·························

189 3418 207 3438 ι
239 3402 436 3444 Stamani
458 3402 491 3443 s‘
507 3401 530 3443 e
548 3401 655 3444 fatto
677 3399 1037 3454 congregatione,
1055 3401 1099 3439 et
1118 3397 1149 3438 il
1169 3398 1326 3451 Signor
1344 3398 1539 3452 Virginio
1558 3399 1580 3438 ὸ
1604 3400 1717 3439 stato
1739 3394 1917 3438 dinanzi
