2262 3958
257 303 280 337 6
859 301 1089 338 JOHANNIS
1123 300 1416 347 BURCHARDI,
1803 304 1905 344 [Mars
1928 304 2016 346 1484]

325 403 547 452 Secunda
577 403 817 452 dominica
850 402 1232 468 quadragesime,
1261 402 1350 450 fuit
1382 402 1529 451 missa
1550 403 1731 467 papalis
1762 403 1810 451 in
1839 403 2023 468 capella

256 486 472 549 predicta
501 491 547 534 et
571 501 747 541 sermo,
774 488 825 531 ut
846 483 992 531 moris
1015 487 1103 531 est.

323 569 480 616 Tertia
524 568 763 616 dominica
805 567 1195 630 quadragesime,
1237 568 1325 615 fuit
1358 568 1505 616 missa
1542 567 1724 631 papalis
1766 568 1814 616 in
1852 567 2020 617 eadem

256 652 440 716 capella
460 656 507 700 et
526 667 701 711 sermo,
727 666 861 699 more
884 657 1132 700 consueto.
1979 634 1984 638 ’

319 735 456 783 Feria
483 735 637 794 tertia,
669 738 724 781 16
753 734 927 794 martii,
959 735 1008 782 in
1036 735 1220 798 capella
1244 736 1427 799 maj0re
1455 735 1636 798 palatii,
1667 738 1722 783 R.
1755 734 1804 781 in
1833 733 2020 783 Christo

255 820 306 864 P.
327 818 382 863 D.
402 816 648 880 Philippus
683 817 936 880 episcopus
963 818 1175 866 Ariensis
1199 817 1261 880 (1)
1284 818 1537 866 celebravit
1560 818 1755 865 missam
1779 816 2019 881 publicam

254 899 587 947 defunctorum
641 915 773 947 more
828 900 1009 963 capelle
1052 905 1223 949 nostre.
1263 916 1349 964 pro
1402 900 1559 949 anima
1615 900 1739 948 bone
1786 899 2018 947 memorie

252 982 482 1030 ‚Iohannis
514 982 635 1029 tituli
666 1000 703 1030 s.
741 983 971 1046 Stephani
1006 984 1054 1031 in
1095 984 1223 1032 Celio
1259 987 1421 1032 Monte
1461 984 1726 1048 presbyteri
1766 982 2018 1032 cardinalis

252 1066 504 1123 Eduensis,
544 1067 623 1129 qui
654 1067 939 1130 jamdudum
974 1071 1108 1115 extra
1143 1083 1392 1115 romanam
1426 1068 1607 1116 curiam
1630 1072 1675 1115 et
1708 1068 1754 1134 in
1784 1067 2015 1131 partibus,

252 1149 379 1197 diem
401 1150 571 1198 clausit
588 1156 856 1198 extremum
881 1169 890 1198 :
917 1151 1186 1214 requiescat
1206 1151 1254 1198 in
1275 1166 1410 1214 pace.
1436 1153 1548 1199 Post
1567 1151 1781 1211 missam,
1801 1150 2015 1209 absolvit,

252 1239 303 1282 ut
334 1235 480 1283 moris
521 1238 614 1295 est,
653 1237 781 1298 Papa
817 1234 1016 1282 absente
1044 1240 1091 1282 et
1127 1234 1291 1298 paucis
1334 1233 1652 1282 cardinalibus
1691 1233 2014 1297 presentibus.

317 1318 455 1365 Feria
474 1322 659 1380 quarta,
690 1321 743 1365 17
764 1317 944 1365 mensis
966 1317 1139 1377 martii,
1158 1318 1206 1365 in
1228 1322 1414 1365 secreto
1437 1316 1739 1376 consistorio,
1770 1318 1853 1364 SS.
1880 1319 1937 1364 D.
1959 1318 2014 1364 N.

253 1401 410 1449 Sixtus
428 1416 553 1464 papa
568 1403 668 1459 llll,
688 1404 875 1448 Rmum.
895 1401 943 1448 in
960 1401 1143 1450 Christo
1158 1403 1209 1448 P.
1229 1403 1285 1449 D.
1305 1400 1561 1449 Ascanium
1576 1400 1776 1448 Mariam
1792 1399 2018 1448 Sfortiam

248 1483 580 1532 vicecomitem
620 1483 745 1530 sedis
778 1484 1037 1547 apostolice
1065 1466 1447 1547 protonotarium
1483 1488 1786 1532 sacrosancte
1818 1497 2015 1531 romane
2061 1469 2065 1473 ’

249 1567 459 1616 Ecclesie
491 1567 747 1615 diaconum
772 1567 1062 1615 cardinalem
1093 1567 1363 1630 publicavit,
1387 1571 1434 1615 et
1459 1566 1768 1630 postmodum
1793 1565 1837 1614 ei
1857 1563 2018 1630 capel-

246 1650 348 1698 lum
372 1650 502 1698 misit
523 1654 569 1698 et
589 1649 846 1698 ecclesiam
869 1667 906 1697 s.
932 1650 1027 1699 Viti
1046 1650 1094 1696 in
1115 1649 1316 1698 Macello
1339 1649 1609 1713 assignavit.

315 1733 454 1782 Feria
472 1738 622 1791 sexta,
653 1737 706 1781 19
731 1733 910 1781 mensis
930 1733 1103 1793 martii,
1124 1736 1288 1781 Rmus.
1306 1733 1355 1781 in
1371 1733 1556 1782 Christo
1574 1735 1625 1781 P.
1645 1735 1693 1781 et
1707 1734 1763 1780 D.
1785 1731 2017 1797 Georgius

248 1817 370 1865 tituli
399 1821 677 1865 sanctorum
709 1817 837 1865 Petri
866 1822 912 1865 et
938 1816 1200 1864 Marcellini
1231 1816 1498 1881 presbyter,
1538 1815 1789 1864 cardinalis
1821 1815 2017 1864 Ulixbo-

247 1900 410 1949 nensis
430 1900 685 1964 vulgariter
702 1905 1023 1964 nuncupatuS,
1053 1900 1239 1963 legatus
1275 1899 1333 1948 de
1356 1899 1506 1956 latere
1531 1903 1719 1947 creatus
1747 1901 1837 1957 est,
1862 1900 2041 1948 vene—-

246 1984 335 2032 tias
353 1974 438 2048 pro
459 1999 576 2047 pace
596 1984 843 2032 tractanda
863 1983 1032 2044 iturus,
1060 1990 1107 2033 et
1133 1999 1191 2032 ex
1215 1983 1498 2032 consistorio
1523 1998 1609 2047 per
1634 1981 1890 2045 collegium
1918 1996 2010 2030 car-

248 2066 478 2115 dinalium
499 2066 560 2115 ad
580 2066 777 2114 domum
798 2082 935 2115 suam
955 2067 1218 2115 associatus
1237 2070 1327 2115 est.

312 2151 566 2200 Dominica
604 2155 772 2213 quarta
814 2150 1178 2214 quadragesime
1220 2147 1309 2198 suit
1342 2149 1489 2198 missa
1526 2148 1708 2213 papalis
1743 2147 1792 2195 in
1831 2147 2015 2211 capella

246 2233 430 2296 majore
451 2232 628 2296 palatii,
655 2233 715 2280 ad
738 2247 882 2296 quam
914 2235 1043 2295 Papa
1070 2231 1213 2291 venit,
1248 2246 1407 2279 rosam
1437 2245 1581 2278 manu
1609 2235 1804 2294 portans
1834 2234 1881 2279 et
1907 2245 2014 2279 eam

246 2319 517 2378 reportanS,
550 2314 662 2378 quia
694 2313 875 2362 nemini
901 2328 987 2376 pro
1016 2317 1128 2361 tunc
1157 2327 1263 2360 eam
1290 2311 1438 2371 dedit,
1474 2315 1518 2359 et
1549 2311 1635 2358 fuit
1667 2326 1843 2370 sermo,
1877 2326 2012 2360 more

245 2402 493 2446 consuete.

303 2481 439 2530 Feria
458 2479 614 2539 tertia,
637 2483 695 2528 23
721 2479 900 2527 mensis
931 2478 1105 2538 martii,
1129 2478 1178 2526 in
1202 2477 1385 2541 capella
1408 2475 1640 2540 predicta,
1665 2477 1719 2522 R.
1751 2474 1800 2522 in
1824 2475 2012 2525 Christo

247 2568 298 2613 P.
340 2567 396 2613 D.
433 2567 602 2613 Petrus
635 2562 888 2626 episcopus
925 2558 1198 2608 Narniensis
1243 2557 1497 2607 celebravit
1541 2557 1737 2604 missam
1770 2556 2012 2620 publicam

247 2648 586 2698 defunctorum
606 2647 743 2710 juxta
764 2643 1163 2694 consuetudinem
1194 2641 1375 2706 capelle
1400 2645 1561 2689 nostre
1587 2655 1673 2704 pro
1699 2639 1859 2687 anima
1885 2638 2011 2689 bone

245 2730 477 2781 memorie
522 2729 761 2778 Francisci
802 2745 839 2775 s.
883 2726 1029 2775 Marie
1075 2741 1193 2774 nove
1235 2724 1421 2773 diaconi
1469 2723 1721 2772 cardinalis
1741 2766 1745 2770 .
1763 2723 2009 2770 Mantuani

243 2815 498 2879 vulgariter
521 2811 806 2875 nuncupati,
841 2815 887 2859 et
914 2814 1022 2873 post
1050 2808 1247 2856 missam
1278 2806 1491 2866 absolvit,
1523 2821 1657 2854 more
1688 2804 1846 2865 solito,
1882 2808 2011 2870 Papa

245 2900 462 2956 absente,
482 2896 718 2960 aliquibus
740 2900 899 2943 tamen
922 2892 1085 2956 paucis
1110 2891 1426 2940 cardinalibus
1454 2890 1775 2955 presentibus.

308 2980 560 3030 Dominica
590 2979 755 3042 quinta
793 2975 1184 3040 quadragesime,
1218 2974 1305 3022 fuit
1335 2974 1482 3022 missa
1521 2973 1703 3037 papalis
1741 2973 1791 3020 in
1823 2970 2007 3037 capella

244 3065 456 3129 predicta
486 3067 533 3112 et
553 3077 730 3121 sermo,
756 3076 892 3109 more
914 3060 1072 3108 solito.

310 3148 448 3196 Feria
467 3146 695 3206 secunda,
719 3149 777 3193 29
803 3144 981 3192 mensis
1012 3143 1183 3202 martii,
1206 3145 1370 3189 Rmus.
1399 3141 1447 3188 in
1475 3139 1659 3188 Christo
1686 3141 1736 3186 P.
1770 3141 1826 3185 D.
1857 3139 2004 3186 Geor-

246 3231 349 3295 gius
372 3231 492 3278 tituli
523 3234 798 3279 sanctorum
826 3228 952 3276 Petri
980 3232 1027 3275 et
1053 3225 1313 3275 Marcellini
1334 3223 1585 3288 presbyter
1608 3222 1860 3271 cardinalis
1882 3221 2006 3270 Ulix-

294 3357 326 3392 1.
356 3354 509 3391 Suivant
528 3354 673 3400 Ughelli
691 3355 731 3401 (t.
747 3354 794 3396 II,
811 3351 878 3390 col.
900 3352 1000 3399 404),
1022 3363 1061 3387 ce
1082 3351 1191 3387 serait.
1212 3349 1345 3388 Martin
1368 3347 1431 3397 qui
1450 3346 1537 3384 etait
1554 3349 1688 3394 eveque
1710 3345 1857 3382 d'Adria
1876 3344 2004 3392 depuis

244 3414 276 3452 le
297 3414 388 3451 mois
409 3414 592 3451 d'octobre
613 3414 717 3450 1472.
740 3413 767 3449 Il
789 3415 934 3449 mourut
952 3423 997 3448 en
1019 3411 1123 3448 1484.
