2262 3958
133 297 240 340 [Mars
262 295 354 336 1486]
578 292 748 329 RERUM
782 292 1087 330 URBANARUM
1121 290 1474 330 COMMENTARII.
1854 291 1921 324 189

133 396 442 463 presbyteros
474 394 743 444 cardinales
786 395 996 461 suppleri
1035 412 1044 444 :
1076 411 1170 460 quo
1204 411 1291 460 per
1324 398 1514 443 Rmum.
1542 395 1599 441 D.
1620 391 1941 451 cardinalem·

134 483 404 531 Senensem
425 485 474 529 et
491 480 609 529 alios
632 496 691 529 ex
708 496 786 529 me
813 480 1076 539 intellect0‚
1109 479 1347 542 acquievit
1374 483 1422 527 et
1449 477 1527 526 alii
1557 476 1608 525 hi
1640 477 1735 525 duo
1766 476 1920 525 cardi-

134 565 270 614 nales
305 568 543 614 steterunt
581 564 630 612 in
677 564 903 612 cornibus
940 563 1101 611 altaris
1136 563 1226 610 sibi
1261 562 1467 611 invicem
1499 561 1646 611 facies
1676 564 1919 610 vertentes

137 664 389 713 quousque
413 651 494 697 SS.
525 651 582 696 D.
621 650 676 697 N.
708 646 1150 697 communicaturus
1179 647 1238 695 de
1260 645 1397 694 altari
1419 646 1480 694 ad
1499 645 1673 694 solium
1697 643 1926 694 ascende-

138 736 211 782 ret
233 731 312 798 (1).
340 735 460 782 Cum
476 735 607 797 Papa
619 732 927 781 confecturus
947 734 1050 779 erat
1068 734 1428 779 sacramentum
1447 730 1760 794 dicturusque
1781 729 1925 780 verba

139 815 539 876 consecrationiS‚
554 815 662 863 Hoc
676 822 761 875 est,
776 822 883 875 ete„
903 816 1069 862 RmuS.
1090 816 1147 862 D.
1167 814 1421 863 cardinalis
1444 830 1483 862 5.
1503 814 1694 878 Georgii
1714 829 1928 863 comme-

138 902 342 952 moravit
367 899 618 950 Sanctitati
644 915 728 947 sue
757 898 886 962 quod
916 898 975 946 de
1002 897 1173 947 hostiis
1212 898 1261 946 in
1288 897 1437 946 calice
1466 911 1553 962 pro
1584 895 1927 946 communione

140 985 305 1051 populi
334 983 650 1034 existentibus
678 982 966 1031 memoriam
993 982 1213 1043 haberet,
1246 983 1306 1031 ad
1334 982 1483 1031 finem
1510 984 1562 1030 ut
1582 996 1929 1031 conservaren-

141 1074 222 1118 tur
243 1085 254 1117 :
278 1067 339 1117 ad
358 1068 459 1116 Per
477 1067 635 1116 omnia
655 1067 830 1127 secula,
852 1071 982 1128 ante,
1006 1067 1156 1116 Pater
1172 1075 1346 1126 noster,
1367 1082 1465 1115 non
1487 1065 1575 1115 fuit
1597 1082 1884 1132 responsum
1915 1085 1925 1115 z

140 1154 313 1213 Amen,
340 1152 427 1201 sed
449 1155 579 1216 Papa
599 1151 894 1201 continuavit
916 1167 925 1200 :
956 1151 1155 1201 Oremzes
1166 1152 1418 1218 preceptiS,
1441 1159 1526 1199 ete.
1554 1153 1816 1216 Postquam
1841 1153 1925 1200 SS.

142 1239 201 1286 D.
225 1239 284 1287 N.
308 1253 361 1286 se
378 1236 428 1285 in
455 1236 575 1286 solio
614 1236 986 1286 communicavit
1013 1252 1070 1286 ac
1098 1236 1355 1300 diaconum
1381 1240 1428 1285 et
1454 1235 1805 1285 subdiaconum
1832 1252 1930 1284 non

144 1337 196 1372 se
226 1321 635 1390 purificavit,-sed
661 1321 870 1386 primum
903 1325 1162 1387 postquam
1205 1321 1437 1387 populum
1475 1320 1846 1370 communicavit
1879 1336 1930 1369 se

146 1404 432 1470 purificavit,
451 1405 537 1453 sed
548 1405 673 1453 male
688 1421 698 1466 ;
717 1405 924 1455 debebat
940 1406 1069 1455 enim
1086 1422 1137 1456 se
1152 1407 1212 1454 ad
1230 1406 1389 1455 statim
1406 1410 1517 1471 post
1538 1404 1934 1455 communionem

145 1505 283 1538 suam
331 1492 380 1538 et
424 1489 758 1538 ministrorum
797 1489 1102 1555 purificasse,
1159 1505 1257 1540 non
1313 1494 1478 1540 tamen
1524 1494 1656 1551 tunc,
1703 1490 1789 1546 sed
1826 1493 1936 1555 post

147 1572 644 1623 communicationem
688 1573 853 1639 populi
900 1574 1074 1639 digitos
1118 1574 1316 1624 abluere
1359 1575 1471 1639 quia
1507 1575 1665 1624 nullus
1702 1575 1933 1625 diaconus

149 1657 424 1717 cardinaliS,
449 1657 647 1722 dempto
669 1657 748 1706 illo
770 1658 850 1722 qui
871 1658 1172 1719 ministravit,
1198 1658 1285 1707 fuit
1308 1658 1404 1708 hoc
1429 1675 1572 1709 mane
1600 1675 1629 1708 a
1650 1662 1778 1724 Papa
1800 1674 1935 1709 com-

149 1742 443 1802 mimicatuS,
473 1741 588 1806 quia
619 1742 840 1791 dixerunt
868 1759 920 1792 se
951 1744 1053 1808 jam
1088 1743 1312 1793 domibus
1346 1743 1742 1793 communionem
1771 1759 1935 1807 sump-

146 1826 269 1876 sisse
310 1843 322 1876 :
365 1829 476 1891 post
519 1825 765 1874 ministros
830 1828 959 1890 Papa
1014 1827 1387 1876 communicavit
1438 1825 1816 1875 illustrissimum
1874 1827 1932 1874 D.

146 1926 380 1976 magnum
398 1910 572 1960 ducem
589 1910 1024 1976 Monopolitanum,
1050 1911 1223 1961 deinde
1247 1927 1533 1977 germanum
1556 1927 1696 1959 suum
1717 1909 1939 1960 videlicet

147 1997 276 2060 Pape
306 1998 477 2060 postea
503 2010 674 2044 omnes
703 1995 753 2058 in
781 1995 967 2060 capella
994 1995 1257 2045 existentes
1288 1996 1368 2061 qui
1394 1995 1747 2045 communicari
1775 1995 1939 2044 volue-

147 2082 278 2139 runt,
296 2079 493 2128 nemine
515 2083 718 2143 excepto
736 2095 746 2127 ε
765 2078 905 2143 pauci
920 2083 1085 2129 tamen
1099 2080 1319 2141 fuerunt;
1337 2085 1598 2146 propterea
1614 2080 1763 2129 multe
1779 2080 1938 2128 hostie

148 2166 594 2227 supermanserunt.
617 2162 860 2211 Diaconus
888 2163 1071 2228 capelle
1101 2165 1231 2213 stetit
1251 2165 1399 2229 juxta>
1418 2165 1694 2214 columnam
1716 2164 1764 2212 in
1787 2179 1939 2212 cornu

149 2245 353 2312 epistole
374 2246 538 2296 altaris
558 2263 671 2296 cum
684 2246 794 2295 vino
820 2247 867 2295 in
893 2247 1042 2296 calice
1071 2248 1282 2312 quodam
1305 2264 1482 2314 magno
1505 2250 1565 2298 ad
1585 2249 1680 2298 hoc
1701 2252 1868 2314 parato
1892 2252 1942 2297 et

149 2331 357 2395 quadam
388 2333 616 2395 mappula
645 2336 787 2396 prout
819 2332 878 2381 de
916 2348 1051 2381 more
1087 2336 1177 2393 est,
1217 2337 1267 2382 ut
1300 2349 1351 2382 se
1378 2333 1692 2398 purificarent
1728 2347 1943 2382 commu-

149 2414 296 2464 nicati
313 2419 362 2464 et
383 2430 466 2464 ora
487 2419 813 2480 extergerent.
848 2401 1225 2466 communicatis
1253 2417 1497 2477 omnibus,
1530 2419 1614 2466 SS.
1642 2421 1700 2466 D.
1726 2419 1782 2465 N.
1810 2415 1944 2481 puri-

148 2498 308 2562 ficavit
329 2502 452 2550 seet
478 2499 629 2549 abluit
654 2500 831 2565 digitos
856 2517 912 2550 ac
942 2501 1055 2550 lavit
1082 2518 1254 2551 manus
1282 2517 1419 2552 more
1449 2507 1700 2551 consueto.
1738 2500 1942 2550 Subdia-

151 2599 304 2633 conus
332 2583 415 2648 qui
445 2583 649 2634 calicem
677 2601 787 2634 cum
817 2586 990 2634 hostiis
1021 2587 1147 2651 apud
1182 2588 1266 2636 SS.
1306 2590 1363 2635 D.
1406 2589 1462 2636 N.
1504 2586 1676 2646 tenuit,
1720 2586 1852 2635 stetit
1882 2585 1941 2633 ad

154 2666 397 2716 sinistram
437 2669 565 2732 Pape
603 2685 613 2717 :
647 2669 854 2719 debebat
891 2674 1050 2720 tamen
1091 2671 1153 2720 ad
1197 2671 1447 2720 dexteram
1491 2671 1682 2720 stetisse
1727 2675 1778 2719 ut
1815 2673 1944 2734 Papa

153 2749 456 2798 commodius
496 2756 853 2801 sacramentum
898 2753 1071 2802 exinde
1109 2755 1366 2804 extrahere
1394 2754 1649 2820 potuisset,
1684 2757 1942 2819 postquam

154 2834 279 2884 calix
304 2850 417 2883 cum
445 2834 618 2884 hostiis
644 2851 732 2899 pro
757 2837 1098 2887 communione
1133 2839 1296 2903 populi
1326 2843 1545 2904 portatus
1579 2838 1667 2887 fuit
1697 2838 1758 2886 ad
1783 2837 1943 2902 ponti-

155 2918 318 2967 ficem.
357 2921 486 2984 Papa
518 2917 658 2978 sedit,
694 2918 886 2969 detecto
919 2925 1081 2970 tamen
1109 2922 1286 2986 capite,
1325 2927 1374 2971 et
1411 2923 1570 2988 posita
1601 2922 1690 2971 fuit
1723 2922 1766 2970 ei
1798 2936 1945 2986 super

154 3003 396 3068 gremium
416 3002 624 3067 quedam
647 3004 890 3068 mappulla
911 3004 1078 3053 stricta
1098 3021 1214 3054 auro
1238 3010 1384 3067 tecta,
1409 3023 1554 3071 quam
1577 3007 1671 3055 duo
1699 3005 1943 3054 auditores

208 3141 239 3178 1.
266 3138 382 3178 «Hoc
411 3152 484 3179 non
512 3140 582 3180 suit
607 3141 700 3180 bene
728 3141 877 3189 factum,
900 3142 986 3192 quia
1013 3141 1133 3181 senior
1161 3142 1270 3182 debet
1290 3143 1326 3180 in
1347 3155 1460 3181 cornu
1488 3142 1668 3192 evangelii
1696 3142 1731 3179 in
1763 3142 1892 3180 dextra
1911 3147 1947 3181 et

157 3199 313 3250 digniori
334 3206 436 3250 parte
455 3202 579 3240 altaris
604 3207 641 3241 et
664 3215 737 3241 non
759 3205 805 3242 ad
833 3205 1020 3242 dexteram
1048 3203 1163 3253 Pape,
1189 3204 1275 3253 quia
1294 3204 1403 3242 hodie
1432 3203 1469 3241 in
1497 3205 1566 3241 1100
1586 3209 1670 3241 actu
1692 3203 1812 3252 ipsum
1833 3203 1946 3241 altare

156 3266 334 3310 tanquam
354 3261 586 3310 sepulchrum
607 3263 742 3301 Christi
762 3264 853 3302 dixit
872 3275 955 3302 esse
978 3264 1014 3301 in
1041 3264 1332 3301 consideratione
1353 3269 1389 3302 01
1408 3275 1491 3301 011111
1520 3275 1678 3312 persona
1698 3263 1813 3312 Pape,
1834 3263 1948 3312 igitur

159 3321 281 3359 senior
299 3321 476 3359 diaconus
497 3321 532 3358 in
547 3334 659 3359 cornu
677 3323 854 3373 evangelii
868 3324 1036 3374 etjunior
1051 3329 1119 3362 est.
1136 3339 1154 3357 »
1172 3323 1274 3362 Cette
1289 3335 1494 3372 remarque,
1507 3322 1890 3361 vraisemblablement
1902 3324 1946 3360 de

159 3380 263 3419 Paris
283 3382 328 3419 de
350 3381 510 3427 Grassis,
532 3381 627 3420 n‘est
647 3382 790 3421 donnee
808 3395 878 3433 que
897 3386 990 3423 dans
1013 3385 1064 3422 les
1084 3395 1178 3422 mss.
1208 3385 1290 3430 147,
1308 3384 1417 3426 5158,
1438 3383 1550 3420 5159.
1580 3382 1655 3419 Ε110
1678 3393 1835 3431 manque
1853 3382 1947 3420 dans

117 3499 124 3505 ι
158 3441 193 3480 10
212 3455 302 3481 mss.
326 3442 432 3492 Chigi
453 3447 490 3481 et
509 3443 541 3481 10
560 3454 650 3482 mss.
669 3443 778 3482 5521.
