2262 3958
140 333 247 375 [Aoni
268 331 360 373 ¹484]
581 331 751 370 RERUM
784 330 1089 368 URBANARUM
1122 327 1473 367 COMMENTARII.
1881 328 1928 362 63

135 452 259 484 mus.
309 435 480 484 Rmus.
529 436 596 484 D.
640 436 894 484 cardinalis
938 435 1220 500 Melfitensis
1265 436 1435 483 electus
1476 439 1547 480 est
1590 432 1641 479 in
1687 447 1927 479 summum

131 520 404 586 pontificem
430 527 478 568 et
499 520 642 584 eleqit
672 520 762 568 sibi
783 536 953 569 nomen
992 519 1324 567 Innocentium
1366 515 1512 567 VIII.
1545 544 1611 551 --
1648 516 1731 563 His
1768 516 1927 576 dictis,

138 603 296 653 omnis
315 604 520 669 populus
541 604 841 663 acclamavit,
865 619 1099 667 campane
1122 603 1283 667 palatii
1312 607 1359 652 et
1380 604 1577 652 basilice
1601 620 1639 651 s.
1666 600 1796 651 Petri
1820 617 1931 649 cum

138 705 316 754 magna
345 688 562 753 potentia
590 689 774 753 pulsate
806 690 935 746 sunt,
978 690 1027 735 et
1072 688 1384 751 scoppetterii
1423 686 1640 736 custodie
1675 685 1837 751 palatii
1883 685 1931 733 in

139 773 438 838 triumphum
477 773 579 821 sine
628 770 986 820 intermissione
1044 775 1322 836 scoppettos
1366 775 1591 820 oneratos
1640 770 1929 828 emiserunt,

142 873 393 922 quousque
459 856 642 904 electus
700 853 920 919 pontifex
964 870 1024 902 ex
1073 854 1274 902 basilica
1326 856 1544 919 predicta
1591 855 1652 903 ad
1703 854 1930 919 palatium

143 940 382 990 rediisset.

205 1021 496 1087 Subscriptis
517 1038 605 1087 per
625 1023 807 1072 dictum
827 1023 1128 1088 pontificem,
1154 1026 1204 1071 ut
1232 1039 1394 1087 supra,
1420 1022 1659 1087 capitulis,
1684 1022 1931 1088 proposite

139 1107 230 1156 sibi
250 1106 442 1156 fuerunt
461 1107 610 1157 multe
629 1108 1006 1173 supplicationes
1028 1125 1115 1173 per
1135 1111 1343 1156 RRmos.
1371 1110 1471 1156 DD.
1498 1108 1787 1167 cardinales,
1812 1119 1930 1172 quas

137 1206 309 1240 omnes
353 1206 438 1240 sua
486 1192 725 1241 Sanctitas
778 1193 1112 1242 indifferenter
1156 1193 1337 1256 absque
1388 1192 1578 1240 illarum
1626 1191 1930 1256 inspectione

137 1274 356 1340 signavit.
387 1277 510 1324 Tum
540 1276 778 1325 Sanctitas
808 1293 895 1326 sua
920 1277 1110 1326 intravit
1135 1293 1333 1341 parvam
1364 1277 1634 1325 sacristiam
1663 1277 1932 1341 predictam

137 1359 188 1408 in
208 1375 306 1424 qua
324 1376 352 1408 a
371 1360 590 1410 diaconis
611 1362 934 1411 cardinalibus
956 1362 1044 1410 fuit
1066 1361 1288 1410 omnibus
1311 1361 1409 1410 suis
1439 1361 1739 1410 vestimentis
1762 1365 1931 1410 exutus
1951 1405 1954 1408 .

141 1447 190 1493 et
208 1444 418 1494 vestibus
439 1446 802 1510 predecessoris
824 1446 895 1495 sui
919 1446 1036 1495 Sixti
1061 1463 1183 1512 pape
1205 1446 1361 1510 quarti
1383 1446 1594 1505 indutus,
1625 1462 1718 1510 que
1750 1445 1931 1494 ibidem

140 1544 229 1592 per
247 1528 498 1578 sacristam
521 1536 688 1595 parata
714 1536 869 1591 erant,
898 1531 1123 1580 videlicet
1150 1531 1353 1590 camice‚
1384 1531 1597 1595 diploide
1620 1547 1679 1578 ex
1709 1529 1933 1578 setonino

143 1611 278 1672 albo,
321 1617 453 1662 veste
492 1631 553 1663 ex
594 1614 753 1679 sargia
793 1615 902 1664 alba
935 1615 1058 1675 fina,
1099 1631 1195 1663 uno
1234 1614 1337 1679 pari
1371 1614 1637 1678 caligarum
1678 1615 1935 1662 rubearum

143 1697 310 1757 rosati,
343 1697 519 1747 calceis
550 1714 609 1748 ex
638 1714 798 1763 panno
821 1703 982 1748 rosato
1018 1715 1128 1747 cum
1159 1699 1383 1748 crucibus
1414 1699 1625 1763 desuper
1657 1698 1706 1746 in
1736 1698 1936 1746 modum

144 1779 490 1842 sandaliorum,
539 1782 732 1847 cingulo
773 1783 1045 1832 cremesino
1079 1799 1191 1832 cum
1231 1783 1536 1832 fornimentis
1574 1799 1634 1830 ex
1666 1799 1783 1830 auro
1814 1798 1939 1830 mas-

142 1864 309 1925 siccio,
351 1866 595 1928 rochetto,
637 1867 833 1928 amictu,
875 1868 1001 1928 alba,
1046 1867 1240 1932 cingulo
1282 1872 1330 1916 et
1364 1867 1487 1915 stola
1525 1867 1676 1915 rubea
1719 1865 1934 1931 pretiosa

143 1940 448 2014 cum-perlis}
474 1950 543 2000 sic
569 1955 763 2016 paratus
790 1952 933 2001 rediit
962 1953 1023 2001 ad
1053 1968 1249 2017 parvam
1280 1951 1549 2016 cappellam
1578 1951 1868 2016 predictam,
1890 1955 1938 2000 et

143 2033 320 2083 sedens
360 2034 411 2083 in
457 2035 576 2084 sede
619 2036 893 2100 supradicta
935 2037 1065 2086 circa
1104 2053 1344 2096 mensam,
1393 2035 1459 2084 ibi
1505 2035 1684 2085 iterum
1735 2035 1938 2100 signavit

143 2116 517 2181 supplicationes
538 2134 627 2183 per
641 2119 910 2168 cardinales
932 2124 980 2168 et
1001 2120 1317 2168 conclavistas
1340 2119 1430 2168 sibi
1454 2123 1704 2184 porrectas
1722 2134 1779 2166 ac
1802 2126 1935 2166 rotu-

142 2198 245 2247 lum
265 2200 667 2250 conclavistarum
688 2219 775 2267 per
795 2219 874 2251 me
897 2203 986 2251 sibi
1007 2203 1310 2267 propositum
1329 2219 1338 2263 ;
1359 2204 1497 2267 cujus
1510 2206 1650 2252 tenor
1671 2201 1777 2250 talis
1796 2205 1900 2250 erat
1925 2219 1933 2249 :

211 2285 344 2332 Motu
391 2285 606 2349 proprio.
656 2285 855 2336 Dilectis
896 2287 1006 2335 filiis
1052 2287 1355 2336 conclavistis
1391 2281 1711 2352 infrascriptis
1756 2285 1838 2351 qui
1891 2285 1941 2333 in

145 2367 359 2418 conclavi
388 2370 732 2435 assumptionis
768 2375 933 2420 nostre
964 2372 1025 2420 ad
1058 2372 1247 2436 apicem
1290 2371 1464 2419 summi
1500 2371 1810 2436 pontificatus
1853 2387 1938 2420 seu

145 2451 440 2516 apostolatus
461 2452 800 2516 interfuerunt,
834 2455 1095 2520 specialem
1127 2456 1331 2520 gratiam
1360 2456 1521 2504 facere
1553 2457 1789 2514 volentes,
1824 2454 1942 2519 ipsis

147 2550 344 2584 omnem
365 2537 717 2601 supellectilem
744 2555 938 2588 camere
964 2543 1128 2588 nostre
1159 2539 1417 2599 conclavis,
1444 2556 1631 2599 aurum,
1661 2543 1934 2603 argentum,

145 2618 320 2680 libros,
362 2625 518 2670 vestes
564 2627 613 2671 et
661 2640 989 2688 quascumque
1026 2641 1102 2672 res
1142 2625 1258 2673 alias
1301 2628 1349 2673 et
1387 2625 1516 2673 bona
1554 2628 1744 2683 nostra,
1787 2622 1938 2670 nihilo

149 2701 372 2768 dempto,
412 2721 506 2770 que
544 2707 605 2755 ad
635 2708 818 2757 dictum
855 2709 1123 2758 conclavim
1159 2713 1411 2774 apportata
1447 2708 1660 2768 fuerant,
1701 2708 1938 2755 donamus

150 2790 198 2835 et
219 2791 391 2851 sponte
413 2789 692 2855 elargimur.
719 2793 951 2842 Similiter
971 2797 1018 2842 et
1039 2793 1203 2843 omnia
1221 2793 1486 2858 lignamina
1506 2792 1764 2841 conclavis.

210 2870 348 2930 Item,
380 2871 602 2922 similiter
623 2875 859 2925 donamus
887 2877 1082 2927 cuilibet
1109 2893 1169 2926 ex
1199 2877 1335 2942 ipsis,
1370 2882 1418 2926 et
1438 2876 1541 2926 dari
1567 2875 1784 2924 volumus
1806 2873 1944 2941 quin-

149 2968 243 3018 que
265 2968 446 3005 cannas
467 2959 612 3022 panni
634 2960 809 3010 rosacii
830 2961 934 3021 fini,
956 2961 1127 3026 quibus
1150 2977 1200 3010 se
1222 2961 1443 3010 vestiant.

221 3045 358 3106 Item,
382 3047 434 3093 ut
455 3044 665 3094 sentiant
683 3046 904 3095 laborum
926 3061 1126 3094 suorum
1149 3044 1392 3110 premium
1419 3045 1625 3110 aliquale
1655 3045 1941 3095 etmeritum

157 3132 530 3192 consequantur,
554 3129 671 3196 ipsis
691 3129 741 3178 in
762 3145 1022 3179 commune
1045 3134 1234 3195 sponte,
1260 3133 1308 3179 et
1328 3145 1388 3179 ex
1409 3133 1542 3179 certa
1560 3133 1726 3178 nostra
1744 3129 1946 3178 scientia

158 3225 458 3261 reservamus
490 3216 538 3262 et
568 3216 817 3263 reservata
849 3229 956 3263 esse
991 3213 1211 3262 volumus
1248 3217 1296 3262 et
1325 3211 1631 3261 decernimus
1659 3211 1752 3259 duo
1782 3211 1946 3261 officia

158 3294 448 3360 scriptorum
486 3297 862 3362 apostolicorum
897 3298 1019 3346 della
1062 3313 1227 3363 gyro-ssa
1257 3298 1546 3359 nuncupata,
1582 3292 1620 3340 si
1652 3309 1744 3358 que
1773 3299 1945 3344 vacant

158 3380 219 3428 ad
235 3396 455 3445 presens,
479 3380 691 3446 alioquin
719 3382 876 3447 primo
896 3387 1139 3441 vacatura,
1169 3396 1280 3429 cum
1308 3378 1532 3428 omnibus
1554 3381 1602 3427 et
1623 3378 1823 3444 singulis
1847 3380 1943 3428 suis

157 3463 425 3513 honoribus
475 3469 522 3513 et
563 3465 901 3515 emolumentis
952 3465 1196 3515 consuetis
1251 3462 1500 3523 omnibuS,
1546 3462 1606 3511 ad
1654 3463 1943 3514 electionem
