2262 3958
139 294 402 339 [suavior-1487]
567 293 736 332 RERUM
771 293 1077 333 URBANARUM
1110 294 1461 334 COMMENTARII.
1850 298 1921 335 235

135 397 326 460 nensis&
339 398 486 447 etiam
508 399 637 462 Papa
653 401 896 462 presente.
918 399 1204 446 Sermonem
1224 398 1338 447 fecit
1353 399 1548 463 quidam
1566 399 1718 450 frater
1731 401 1919 466 juvenis

133 480 316 530 ordinis
336 481 715 546 predicatorum,
740 480 980 545 prolixum
1001 485 1048 528 et
1068 481 1387 530 fastidiosum.

197 564 336 614 Feria
355 568 509 624 sexta,
535 569 562 614 5
586 564 767 614 mensis
783 563 1011 629 januarii,
1035 564 1192 629 vigilia
1210 566 1466 630 epiphanie
1490 568 1701 628 Domini,
1726 569 1919 617 fuerunt

130 665 331 716 vespere
354 649 598 698 solemnes
621 649 670 697 in
700 648 886 713 capella
908 647 1140 712 predicta,
1166 651 1296 713 Papa
1321 655 1546 714 presente
1571 657 1618 701 et
1639 652 1917 717 incipiente.

194 736 249 783 ln
277 734 356 783 die
377 733 618 797 sequenti,
654 732 744 780 fuit
765 731 912 779 missa
945 731 1176 779 solemnis
1210 732 1258 779 in
1294 734 1493 784 basilica
1528 752 1567 783 s.
1607 737 1732 785 Petri
1773 753 1916 800 quam

127 817 384 869 celebravit
428 820 602 866 RmuS.
652 818 708 863 D.
757 814 1015 863 cardinalis
1061 816 1441 879 Andegavensis,
1488 821 1616 882 Papa
1667 825 1911 883 presente.

129 904 416 952 Sermonem
435 900 551 949 fecit
571 898 765 962 quidam
786 898 936 947 frater
960 898 1142 946 ordinis
1164 914 1412 948 servorum
1430 901 1571 950 beate
1592 903 1760 951 Marie.

190 985 330 1034 Feria
343 986 493 1043 sexta,
524 986 580 1031 12
600 981 782 1031 mensis
800 981 1032 1046 januarii,
1064 982 1113 1030 in
1136 983 1294 1047 prima
1326 987 1374 1032 et
1403 985 1587 1049 majore
1615 987 1725 1036 aula
1751 987 1914 1051 palatii

123 1066 374 1133 apostolici
392 1066 523 1132 apud
544 1083 582 1115 s.
610 1069 808 1115 Petrum
838 1064 929 1114 fuit
951 1066 1197 1131 publicum
1225 1067 1567 1117 consistorium
1588 1069 1636 1118 in
1654 1085 1751 1134 quo
1773 1074 1829 1120 R.
1857 1073 1909 1119 P.

123 1154 182 1200 D.
206 1151 600 1217 archiepiscopus
623 1167 661 1199 S.
690 1150 884 1199 Andree
906 1153 952 1199 et
981 1150 1241 1216 episcopus
1269 1151 1579 1217 Glasquensis
1599 1155 1914 1218 prestiterunt

123 1234 451 1285 obedientiam
473 1237 558 1285 SS.
585 1237 644 1284 D.
665 1236 722 1283 N.
749 1236 898 1299 Pape,
920 1234 1118 1284 nomine
1140 1236 1268 1300 regis
1290 1238 1471 1287 Scotie.
1503 1238 1912 1304 Archiepiscopus

121 1318 236 1369 fecit
255 1319 544 1369 orationem.
571 1321 629 1367 D.
655 1318 902 1367 Johannes
933 1317 1148 1383 Baptista
1175 1320 1488 1386 Caecialupus
1511 1323 1764 1387 proposuit
1783 1339 1913 1373 com-

120 1402 406 1452 missionem
426 1419 514 1469 pro
544 1402 801 1453 comitibus
833 1403 892 1451 de
919 1405 1106 1452 Nassau
1135 1403 1215 1467 qui
1243 1409 1355 1454 ante
1383 1405 1733 1470 quinquaginta
1758 1423 1911 1456 annos

120 1486 428 1547 interierunt,
459 1487 826 1552 archiepiscopo
851 1487 1138 1537 Coloniense
1169 1492 1365 1553 petente
1395 1505 1479 1539 eos
1505 1491 1692 1541 restitui
1712 1492 1905 1540 honori.

121 1573 251 1636 Papa
278 1572 528 1638 respondit
553 1589 563 1621 :
593 1572 765 1620 Placet
792 1571 921 1636 quod
942 1571 1110 1619 audiat
1138 1573 1392 1622 cardinalis
1422 1591 1462 1622 s.
1485 1575 1645 1624 Marci
1664 1583 1712 1624 et
1727 1571 1912 1642 reserat

118 1655 397 1704 secretariis.
422 1657 595 1704 Orator
619 1654 868 1704 dimiserat
886 1654 1053 1704 literas
1073 1655 1123 1703 in
1148 1655 1294 1704 domo
1316 1672 1436 1719 quas
1468 1657 1712 1722 opportuit
1740 1674 1910 1723 expec-

121 1743 242 1798 tare,
266 1739 352 1788 sed
368 1754 467 1788 non
486 1739 588 1788 sine
611 1739 861 1797 scandalo,
883 1739 995 1802 quia
1019 1741 1077 1787 D.
1100 1739 1349 1788 Johannes
1372 1741 1586 1813 Daptista
1606 1758 1904 1807 proponenS,

117 1837 208 1886 per
230 1837 310 1871 me
330 1822 592 1883 advisatuS,
619 1822 950 1887 multiplicavit
969 1822 1115 1872 verba
1143 1823 1502 1873 commissionis
1532 1841 1618 1873 sue
1641 1830 1692 1873 ut
1711 1830 1904 1890 tempus

118 1904 342 1955 transiret
359 1906 411 1954 in
428 1921 523 1970 quo
539 1911 778 1955 venerunt
791 1906 931 1955 litere
950 1922 1043 1970 que
1066 1910 1203 1955 erant
1222 1911 1461 1971 patenteS,
1485 1911 1531 1957 et
1545 1914 1728 1973 aperte,
1749 1909 1906 1974 sigillo

116 1987 252 2052 regio
283 1989 578 2054 appendenti
625 1990 841 2054 signate3
879 2007 967 2056 per
1000 2007 1120 2055 quas
1154 2007 1238 2041 rex
1272 1992 1520 2041 constituit
1558 1998 1905 2058 procuratores

115 2086 231 2120 suos
251 2071 673 2137 archiepiscopum
694 2076 742 2121 et
761 2073 1045 2139 episcopum
1068 2075 1330 2139 predictos,
1356 2080 1403 2140 et
1427 2081 1524 2126 tres
1553 2078 1672 2127 alios
1695 2093 1903 2142 quorum

113 2170 239 2204 unus
259 2155 534 2215 defunctus,
558 2155 637 2204 alii
665 2156 760 2204 duo
790 2156 968 2204 infirmi
995 2173 1085 2222 per
1108 2157 1233 2206 viam
1260 2163 1562 2220 manserunt,
1593 2161 1655 2209 ad
1683 2164 1901 2224 prestan-

113 2239 226 2287 dam
255 2237 583 2288 obedientiam
618 2254 730 2288 cum
763 2240 974 2288 clausula
1013 2242 1141 2305 quod
1170 2242 1265 2291 duo
1288 2250 1489 2308 possent
1519 2244 1684 2293 omnia
1718 2245 1898 2304 facere,

113 2323 229 2372 dum
249 2338 374 2372 unus
395 2326 442 2371 et
466 2323 653 2387 primus
683 2327 813 2373 esset
840 2323 1251 2390 archiepiscopus,
1290 2327 1463 2376 Omnia
1500 2328 1752 2377 observata
1793 2330 1904 2376 sunt

110 2421 248 2455 more
267 2410 519 2455 consueto.

52 2482 54 2484 ’
177 2489 432 2539 Dominica
462 2494 519 2539 14
549 2491 759 2556 januarii
787 2492 1010 2557 proxima
1039 2498 1149 2543 ante
1183 2494 1361 2544 festum
1392 2513 1431 2545 s.
1464 2495 1660 2545 Antonii
1691 2496 1897 2557 abbatis,

111 2573 244 2638 quod
266 2574 387 2627 feria
411 2579 584 2640 quarta
609 2576 830 2640 proxima
866 2580 921 2625 17
964 2577 1186 2642 ejusdem
1220 2580 1510 2641 celebratur,
1554 2580 1644 2630 fuit
1674 2585 1900 2630 ostensus

111 2658 274 2708 vultus
295 2663 487 2710 sanctus
508 2659 558 2708 in
576 2659 773 2709 basilica
793 2677 833 2709 S.
858 2661 1005 2721 Petri,
1030 2665 1083 2710 ut
1102 2663 1252 2711 moris
1274 2669 1365 2713 est.

171 2741 312 2791 Feria
337 2741 523 2806 quinta,
553 2745 614 2791 25
641 2743 822 2792 mensis
849 2743 1075 2808 januarii,
1115 2745 1293 2795 festum
1320 2748 1646 2796 conversionis
1684 2766 1723 2797 s.
1764 2750 1896 2798 Pauli

111 2825 336 2891 apostoli,
356 2825 408 2875 in
427 2841 589 2886 mane,
617 2827 702 2875 SS.
727 2829 786 2875 D.
817 2829 896 2887 N.,
920 2827 1115 2877 indutus
1145 2830 1340 2891 amictu,
1373 2831 1498 2893 alba,
1529 2832 1741 2897 cinguIO,
1778 2834 1900 2882 stola

113 2909 223 2960 alba
237 2909 470 2975 pretiosa,
493 2910 734 2974 capellum
754 2909 941 2960 habens
963 2927 1023 2961 ex
1043 2914 1333 2976 cremesinO,
1352 2917 1725 2980 precedentibus
1740 2918 1897 2982 ipsum

109 3070 252 3109 obtient
269 3069 470 3108 l'indiction
490 3082 536 3108 en
554 3070 715 3110 divisant
732 3082 799 3121 par
819 3073 865 3111 15
882 3072 1024 3110 l‘annee
1043 3075 1066 3110 a
1084 3072 1237 3122 laquelle
1258 3085 1306 3111 on
1326 3075 1447 3124 ajoute
1466 3077 1506 3118 3.
1529 3076 1571 3114 Si
1593 3076 1734 3114 l'annee
1755 3081 1813 3114 est
1835 3089 1898 3114 en-

108 3131 299 3168 tierement
322 3129 491 3168 divisible
515 3141 582 3180 par
602 3131 658 3178 15,
680 3130 880 3170 l'indiction
906 3137 964 3170 est
982 3132 1017 3170 la
1042 3132 1262 3181 quinzieme;
1284 3134 1339 3171 s'il
1364 3147 1389 3184 y
1406 3147 1428 3173 a
1444 3148 1491 3173 un
1514 3141 1623 3183 reste,
1644 3148 1684 3174 ee
1711 3141 1807 3173 reste
1837 3142 1898 3175 est

108 3189 310 3227 l’indiction
329 3190 519 3228 cherchee.
972 3233 982 3246 ·

158 3249 251 3299 Voy.
274 3249 311 3287 la
335 3250 482 3289 dissert.
508 3250 555 3288 de
579 3251 638 3289 Du
672 3251 793 3289 Cimon
829 3253 921 3291 dans
950 3253 983 3290 le
1014 3255 1255 3291 Glossarium
1285 3257 1420 3293 mediae
1447 3264 1483 3293 et
1507 3259 1587 3305 inf.
1615 3260 1710 3304 lac„
1737 3269 1784 3295 au
1819 3263 1894 3297 mot

108 3311 303 3352 Indictiof
329 3310 430 3345 z’Arc
448 3311 496 3346 de
514 3309 668 3359 verifier
685 3313 738 3349 les
762 3313 894 3360 Duces,
915 3314 1101 3352 troisieme
1121 3314 1223 3360 edit„
1245 3318 1273 3352 t.
1297 3316 1326 3358 1,
1343 3327 1377 3363 p.
1406 3318 1447 3353 Η
1470 3322 1504 3354 et
1524 3318 1584 3363 15,
1606 3323 1642 3356 et
1668 3319 1700 3355 le
1721 3319 1891 3356 Diction.

109 3372 158 3406 de
180 3371 403 3417 statistique
427 3371 642 3418 reliqieuse‚
664 3375 692 3409 t.
720 3371 783 3418 IX,
811 3373 880 3411 col.
905 3376 974 3410 907
1004 3374 1050 3411 de
1076 3373 1110 3411 Ia
1132 3375 1322 3411 Nouvelle
1343 3376 1486 3422 Encyc.
1503 3377 1614 3424 reliq.
1637 3377 1781 3426 publiee
1803 3388 1893 3415 sous

106 3429 144 3467 la
169 3429 298 3468 direct.
319 3430 365 3467 de
386 3430 521 3467 Mmmz.
