2262 3958
182 305 404 348 [Avi-111488]
623 306 792 344 RERUM
825 306 1130 344 URBANARUM
1162 305 1513 343 COMMENTARII.
1893 302 1965 337 305

178 426 449 488 opportuno
480 429 692 484 vocatuS,
730 426 935 474 accessit
964 425 1024 473 ad
1051 424 1331 489 pontificem
1358 423 1418 471 ad
1445 421 1813 469 ministrandam
1835 420 1967 468 navi-

177 507 335 556 culam
355 511 404 555 et
424 506 631 555 dandam
652 508 739 556 sibi
762 525 953 573 pacem.
980 511 1037 556 Et
1066 512 1181 556 nota
1202 507 1349 571 quod,
1372 512 1628 570 postquam
1659 505 1761 570 ipse
1783 504 1970 552 Medio-

174 589 386 638 lanensis
410 596 519 655 post
541 591 842 640 offertorium
864 592 1195 640 incensaverat
1217 590 1519 655 pontificem,
1552 589 1691 638 rediit
1720 589 1780 637 ad
1804 588 1969 637 locum

173 672 384 738 primum
413 674 492 723 ubi
523 679 654 723 stans
681 675 768 723 fuit
797 675 953 739 primo
988 675 1265 723 incensatus
1287 674 1390 738 ipse
1422 673 1596 721 deinde
1626 672 1705 720 alii
1742 672 1836 721 duo
1865 672 1968 720 dia-

176 756 285 805 coni
307 743 578 805 cardinales
601 757 907 814 assistentes;
933 756 1127 805 interim
1151 771 1321 804 omnes
1344 756 1421 803 alii
1445 756 1717 804 cardinales
1747 773 1891 820 supra
1919 760 1967 804 et

174 840 300 888 infra
319 830 544 889 sedentes
570 845 619 888 et
644 844 751 904 post
775 856 887 890 eum
915 839 1147 889 sedebant
1170 842 1218 887 et
1242 839 1346 903 ipse
1371 839 1502 886 solus
1523 838 1649 887 inter
1675 854 1759 886 eos
1788 839 1960 887 stabat.

177 923 380 982 Deinde,
396 923 657 972 incensatis
677 922 781 971 istis
803 923 991 972 duobus
1011 922 1336 971 cardinalibus
1356 921 1713 982 assistentibus,
1734 923 1966 970 sederunt

175 1007 267 1072 ipsi
293 1010 390 1055 tres
426 1011 474 1055 et
497 1006 575 1055 alii
601 1022 770 1055 omnes
814 1008 1086 1057 cardinales
1120 1009 1432 1055 surrexerunt
1465 1010 1513 1054 et
1549 1008 1787 1053 steterunt
1815 1019 1967 1068 usque

175 1090 237 1140 ad
267 1090 416 1139 finem
456 1090 821 1155 incensationis.
862 1095 918 1140 Et
953 1092 1082 1140 solus
1105 1089 1483 1139 Mediolanensis
1506 1088 1726 1149 sedebat,
1767 1093 1815 1136 et
1844 1089 1969 1136 bene

177 1177 225 1224 et
259 1159 623 1235 convenienter,
666 1175 726 1225 de
767 1192 863 1240 quo
896 1175 987 1240 ipsi
1022 1175 1306 1236 assistentes
1340 1178 1438 1223 tres
1471 1173 1597 1222 inter
1630 1189 1681 1221 se
1715 1172 1974 1236 plurimum

177 1257 420 1307 videbant.

240 1345 297 1391 R.
324 1345 376 1391 P.
403 1345 461 1391 D.
490 1343 747 1407 episcopus
777 1343 1078 1393 Ameriensis
1110 1343 1370 1393 celebravit
1404 1342 1622 1391 missam.
1662 1339 1796 1390 Dixit
1826 1354 1973 1388 unam

180 1426 452 1475 orationem
488 1430 694 1486 tantum,
741 1427 912 1487 Credo,
957 1431 1004 1476 et
1046 1427 1370 1492 prefationem
1415 1426 1475 1475 de
1520 1426 1768 1491 apostolis.
1827 1427 1973 1473 Facta

178 1509 445 1559 elevatione
466 1509 755 1558 sacramenti
782 1514 1019 1559 venerunt
1045 1509 1259 1574 religiosi
1288 1514 1335 1558 et
1365 1509 1523 1558 clerus
1558 1509 1697 1558 Urbis
1727 1508 1842 1558 cum
1864 1524 1972 1573 pro-

179 1593 482 1643 cessionibus
513 1608 650 1642 more
681 1599 934 1644 consueto.
967 1594 1190 1660 Episcopi
1220 1593 1373 1658 parati
1402 1609 1512 1642 cum
1541 1593 1760 1643 viderent
1794 1597 1971 1658 Papam

178 1679 227 1725 et
259 1679 424 1725 essent
463 1692 613 1741 prope
650 1677 819 1738 altare,
861 1678 1092 1742 depositis
1130 1679 1312 1738 mitris,
1352 1677 1563 1726 venerati
1596 1683 1706 1726 sunt
1737 1677 1887 1728 altare
1926 1682 1974 1727 et

178 1763 359 1824 Papam
378 1760 537 1825 primo
563 1760 625 1809 ad
646 1777 790 1824 quem
811 1762 986 1811 faciem
1017 1764 1267 1811 vertebant
1298 1762 1472 1811 deinde
1505 1762 1672 1822 altare,
1706 1763 1837 1825 quod
1859 1778 1971 1811 cum

177 1835 579 1909 pertransissent,
611 1849 1031 1910 reassumpserunt
1062 1846 1249 1894 mitras.
1286 1845 1440 1893 Finita
1472 1844 1638 1903 missa,
1678 1847 1807 1909 Papa
1848 1845 1978 1894 dedit

178 1928 570 1979 benedictionem
602 1929 890 1990 solemnem,
925 1934 976 1978 ut
1004 1930 1152 1978 moris
1185 1933 1275 1988 est,
1307 1933 1355 1978 et
1378 1928 1702 1992 indulgentias
1729 1929 1969 1993 plenarias

181 2028 301 2078 quas
322 2012 582 2079 publicavit
603 2013 884 2073 celebrans3
916 2013 1090 2061 deinde
1123 2013 1260 2061 rediit
1283 2013 1343 2061 ad
1372 2012 1642 2061 sacristiam
1677 2013 1758 2060 ubi
1796 2013 1978 2062 dimisit

181 2084 346 2145 sacras
365 2083 523 2146 vestes
549 2113 559 2144 ε
586 2099 716 2160 Papa
736 2112 849 2145 vero
872 2097 1139 2161 expectavit
1164 2097 1312 2145 finem
1331 2096 1656 2160 processionis
1676 2095 1723 2143 in
1747 2096 1867 2144 solio
1888 2113 1975 2145 suo

181 2179 356 2229 sedens
374 2184 426 2228 ut
454 2179 503 2227 in
524 2179 696 2238 missa3
728 2179 998 2228 cardinales
1027 2180 1171 2228 etiam
1201 2185 1246 2229 et
1274 2180 1352 2229 alii
1382 2195 1551 2228 omnes
1581 2180 1812 2228 sederunt
1832 2184 1975 2243 prout

179 2261 230 2310 in
250 2278 377 2311 anno
397 2262 632 2328 preterito
654 2262 836 2310 dictum
852 2267 942 2311 est.
967 2266 1112 2312 Facta
1129 2264 1439 2313 confessione
1455 2280 1544 2328 per
1562 2266 1758 2328 Papam,
1779 2268 1976 2313 senator

181 2349 230 2396 et
249 2350 619 2396 conservatores
637 2362 748 2394 cum
778 2346 876 2394 suis
905 2347 1197 2396 circuierunt
1227 2348 1377 2397 altare
1403 2353 1451 2396 et
1484 2347 1760 2396 obtulerunt
1792 2347 1977 2396 intorti-

181 2429 311 2479 cium
343 2430 438 2479 sive
473 2445 670 2480 cereum
697 2445 849 2477 unum
878 2447 1111 2495 magnum
1145 2448 1282 2481 more
1311 2436 1567 2481 consueto,
1599 2431 1755 2479 Finita
1783 2448 1977 2496 proces-

181 2511 336 2572 sione,
362 2513 448 2561 SS.
474 2514 532 2561 D.
558 2515 633 2572 N.,
655 2513 887 2578 depositis
910 2514 1037 2579 apud
1052 2515 1200 2564 altare
1216 2515 1408 2580 pluviali
1429 2520 1477 2564 et
1496 2515 1656 2575 mitra,
1680 2530 1768 2579 per
1786 2515 1975 2563 tinellos

180 2595 398 2646 ascendit
430 2596 492 2645 ad
527 2597 775 2661 palatium.
812 2598 943 2647 Fecit
973 2599 1231 2663 prandium
1269 2599 1449 2649 ibidem
1484 2599 1531 2648 in
1565 2599 1814 2664 superiore
1847 2600 1977 2649 lodia

181 2679 310 2728 horti
331 2685 379 2729 et
411 2695 524 2728 cum
555 2696 613 2730 eo
633 2682 800 2729 RRmi.
840 2685 941 2731 DD.
972 2683 1417 2744 vicecancellariuS,
1445 2701 1484 2732 S.
1511 2684 1641 2733 Petri
1664 2684 1724 2732 ad
1748 2684 1971 2744 Vincula,

183 2763 546 2827 Andegavensis
565 2768 613 2813 et
636 2765 864 2814 Senensis
888 2765 1176 2815 cardinales,
1203 2769 1370 2815 Rmus.
1399 2770 1455 2815 D.
1481 2766 1738 2816 cardinalis
1761 2783 1799 2815 s.
1825 2766 1973 2816 Marci

184 2846 296 2896 fecit
316 2845 571 2911 prandium
593 2863 704 2896 cum
726 2848 923 2912 prelatis
947 2866 956 2909 3
981 2850 1058 2898 alii
1078 2851 1348 2900 cardinales
1372 2866 1541 2901 omnes
1562 2855 1882 2900 recesserunt.

253 2933 307 2979 ln
333 2946 442 2997 sero
464 2932 592 2981 circa
618 2933 790 2981 horam
812 2950 915 2981 xxn
939 2935 1023 2982 SS.
1052 2937 1108 2982 D.
1135 2937 1191 2983 N.
1214 2941 1411 3000 paratus
1434 2940 1484 2984 ut
1507 2935 1603 2984 hoc
1625 2951 1786 2995 mane,
1810 2951 1975 2999 prece-

185 3014 329 3064 dente
350 3029 494 3063 cruce
518 3020 563 3065 et
589 3017 901 3080 sequentibus
925 3017 1083 3082 ipsum
1103 3018 1426 3068 cardinalibus
1456 3035 1543 3084 per
1558 3019 1684 3068 viam
1707 3019 1973 3067 Pelliciarie

184 3103 295 3148 ante
317 3098 518 3148 domum
543 3099 602 3148 de
624 3101 844 3150 Maximis
868 3117 956 3166 per
977 3102 1098 3150 viam
1126 3103 1284 3167 campi
1306 3103 1444 3151 Flore
1474 3101 1714 3152 divertens
1745 3119 1834 3167 per
1858 3106 1977 3151 Rec-

187 3186 303 3243 tam,
328 3182 500 3231 deinde
518 3183 658 3232 rediit
679 3185 740 3233 ad
757 3185 989 3249 palatium
1013 3191 1059 3235 et
1078 3186 1210 3234 dedit
1237 3186 1484 3235 licentiam
1504 3186 1828 3235 cardinalibus
1851 3187 1979 3236 circa

189 3266 447 3315 ecclesiam
466 3283 504 3315 s,
541 3267 685 3316 Celsi.

255 3353 359 3399 Hoc
388 3367 533 3401 mane
570 3355 731 3402 autem
754 3353 883 3402 venit
903 3370 991 3418 per
1014 3355 1157 3403 aliam
1189 3355 1331 3415 viam,
1363 3372 1475 3404 nam
1505 3356 1634 3405 circa
1661 3356 1919 3406 ecclesiam
1943 3372 1979 3405 s,

191 3434 315 3484 Celsi
341 3435 529 3484 divertit
552 3436 612 3485 ad
633 3435 877 3486 sinistram
897 3442 944 3487 et
964 3438 1092 3488 circa
1109 3439 1279 3488 turrim
1309 3439 1636 3504 Sanguineam
1653 3440 1711 3489 ad
1730 3440 1978 3490 dexteram

382 3543 414 3568 τ.
437 3545 461 3568 ι.
1743 3537 1791 3573 20
