2262 3958
367 358 434 392 130
604 376 608 382 ·
947 351 1178 388 JOHANNIS
1211 351 1504 399 BURCHARDI,
1858 354 2014 396 [danvier
2034 356 2128 398 1485]

368 459 445 506 ubi
468 459 638 506 sedens
661 459 718 505 ad
738 456 966 520 populum
992 444 1171 515 versus,
1205 455 1351 503 altare
1380 455 1574 502 renibus
1600 457 1766 516 versis,
1796 457 1908 505 fecit
1935 473 2130 521 parvam

369 542 631 589 orationem
663 556 743 587 seu
779 554 1069 598 sermonem,
1099 538 1241 586 vitam
1263 542 1309 586 et
1337 541 1521 602 partem
1554 538 1894 588 miraculorum
1929 556 1966 588 s,
2007 543 2130 588 Leo-

367 625 494 687 poldi
520 624 751 672 referens.
789 625 891 678 Quo
914 622 1039 670 sacto
1077 624 1205 685 Papa
1234 622 1435 670 surrexit
1468 622 1525 669 de
1558 622 1670 670 sede
1705 639 1846 686 quam
1878 623 1939 671 ad
1972 623 2131 672 statim

367 707 647 765 amovimus,
673 709 720 754 et
750 704 1011 768 genuflexit
1036 705 1085 752 in
1111 705 1372 753 faldistorio
1400 705 1526 767 quod
1549 721 1607 753 ex
1635 711 1745 753 tunc
1772 706 1820 753 in
1852 706 1994 770 plano
2020 710 2130 754 ante

369 790 662 854 superiorem
696 789 893 852 gradum
927 788 1086 836 altaris
1120 788 1205 835 sibi
1242 788 1580 848 ordinavimus,
1617 789 1807 836 mitram
1840 789 2052 838 retinens
2083 790 2132 838 in

368 873 522 937 capite
558 891 566 920 :
605 876 652 920 et
691 875 939 919 cantorum
979 872 1070 919 duo
1107 875 1216 919 ante
1256 871 1518 919 scabellum
1560 872 1608 918 in
1644 871 1803 920 medio
1843 871 1977 920 chori
2008 872 2134 920 inter

368 957 580 1005 banchos
610 955 941 1020 presbyterum
975 958 1022 1002 et
1051 954 1361 1016 diaconorum
1395 955 1704 1003 cardinalium
1732 955 1958 1019 positum,
1992 970 2135 1019 super

367 1055 459 1102 quo
493 1039 615 1087 liber
644 1038 827 1102 positus
853 1042 972 1097 erat,
998 1038 1253 1101 genuflexi,
1285 1038 1346 1086 ad
1371 1038 1517 1086 altare
1545 1038 1685 1098 versi,
1720 1038 2013 1102 inceperunt-
2026 1038 2136 1087 lita-

366 1123 493 1170 niam
527 1123 739 1170 dicentes
769 1121 901 1184 styrie
933 1122 1118 1180 eleison,
1156 1121 1258 1168 aliis
1291 1122 1564 1169 cantoribus
1598 1122 1646 1169 in
1679 1138 1764 1169 suo
1797 1122 1904 1170 loco
1933 1121 2134 1185 genibus

366 1206 500 1255 flexis
522 1205 938 1269 respondentibus,
963 1221 1106 1268 quam
1130 1221 1279 1268 usque
1302 1205 1361 1253 ad
1386 1205 1534 1253 finem
1556 1210 1663 1253 sunt
1683 1205 1978 1269 prosequuti,
2003 1204 2136 1253 nulla

368 1295 527 1338 tamen
550 1289 596 1336 in
620 1306 677 1337 ea
697 1289 753 1337 de
778 1305 814 1336 S.
837 1288 1078 1351 Leopoldo
1101 1288 1226 1336 facta
1246 1288 1507 1336 mentione.

431 1372 585 1420 Finita
616 1372 810 1430 letania,
852 1374 1000 1419 Rmus
1033 1374 1090 1419 D.
1135 1371 1388 1419 cardinalis
1420 1372 1664 1430 Senensis,
1703 1388 1732 1419 a
1759 1371 1966 1420 dexteris
2007 1372 2134 1435 Pape

368 1455 613 1514 assistens,
655 1458 784 1502 stans
821 1470 980 1503 versus
1018 1455 1078 1502 ad
1116 1455 1345 1519 populum
1377 1455 1507 1515 dixit,
1545 1455 1733 1503 detecto
1762 1454 1917 1518 eapite
1940 1470 1950 1502 ε
1976 1461 2126 1503 orate.

367 1541 504 1598 Tum,
541 1538 770 1602 depositis
805 1540 933 1601 Papa
966 1542 1011 1586 et
1045 1538 1365 1586 cardinalibus
1403 1554 1456 1586 ac
1482 1537 1676 1602 prelatis
1704 1537 1927 1586 omnibus
1959 1536 2132 1596 mitris,

367 1621 606 1685 genuflexi
637 1637 806 1669 omnes
837 1625 1091 1669 oraverunt
1123 1621 1183 1668 ad
1220 1621 1434 1684 spacium
1462 1621 1663 1668 duorum
1688 1625 1826 1685 pater
1859 1623 2023 1669 noster
2055 1619 2132 1668 vel

368 1705 510 1753 circa,
551 1704 732 1752 Deinde
762 1707 924 1751 Rmus.
959 1706 1015 1751 D.
1057 1704 1309 1752 cardinalis
1344 1720 1382 1751 s.
1417 1704 1610 1768 Georgii
1641 1705 1699 1752 ad
1734 1704 1973 1752 sinistram
2005 1706 2132 1768 Pape

370 1787 614 1846 assistens,
649 1775 779 1835 stans
813 1788 871 1834 ad
907 1787 1135 1851 populum
1170 1802 1350 1846 versus,
1384 1787 1500 1834 dixit
1528 1787 1667 1834 simili
1697 1803 1810 1835 voce
1840 1803 1849 1834 :
1880 1787 2040 1834 levate.
2077 1788 2134 1834 Et

370 1873 677 1917 surrexerunt
708 1884 894 1927 omnes,
929 1874 974 1917 et
1011 1873 1138 1933 Papa
1169 1870 1270 1917 sine
1304 1869 1444 1917 mitra
1479 1874 1609 1917 stans
1651 1869 1698 1916 in
1729 1869 1900 1918 eodem
1931 1869 2041 1917 loeo
2074 1869 2135 1924 ad

369 1952 516 1999 altare
543 1967 707 2000 versus
734 1951 848 1999 dixit
873 1951 921 1998 in
953 1957 1094 2001 cantu
1120 1971 1128 1999 ι
1165 1951 1281 1999 Veni
1309 1960 1486 2000 creator
1513 1953 1722 2016 spiritus,
1753 1969 1812 2001 ex
1840 1952 1962 2001 libro
1989 1967 2134 2016 quam

371 2053 489 2085 unus
512 2037 846 2101 episcoporum
867 2035 1210 2094 assistentium,
1235 2051 1331 2083 non
1354 2034 1623 2095 cardinalis,
1648 2051 1811 2085 eoram
1833 2052 1891 2084 eo
1914 2035 2132 2094 tenebat;

371 2119 730 2168 convenientius
761 2119 904 2167 etiam
938 2119 1092 2183 ipsum
1118 2118 1293 2165 librum
1321 2117 1554 2166 tenuisset
1584 2118 1714 2182 prior
1745 2119 2136 2183 presbyterorum

371 2202 714 2260 cardinalium;
770 2206 992 2250 cantores
1041 2199 1281 2264 prosecuti
1331 2203 1439 2246 sunt
1484 2203 1531 2247 et
1579 2201 1938 2265 compleverunt
1963 2203 2137 2256 totum,

370 2287 620 2351 hymnum.
647 2289 790 2350 Papa,
816 2303 872 2334 00
895 2286 1104 2349 inceptO,
1130 2284 1406 2349 genuflexit,
1429 2285 1514 2333 sed
1527 2299 1727 2332 manens
1743 2298 1895 2346 usque
1914 2282 1976 2331 ad
1991 2282 2138 2332 finem

371 2369 511 2433 primi
535 2386 716 2416 versus.
754 2372 856 2425 Quo
887 2370 1032 2429 dieto,
1070 2374 1266 2433 accepta
1295 2369 1452 2427 mitra,
1490 2367 1705 2416 ascendit
1734 2366 1795 2415 ad
1827 2366 2016 2426 solium,
2057 2365 2137 2413 ubi

372 2453 588 2517 deposita
626 2454 766 2501 mitra
805 2453 933 2501 stetit
968 2453 1027 2499 ad
1063 2452 1210 2500 finem
1248 2449 1413 2515 hymni
1455 2469 1463 2498 :
1504 2464 1598 2513 quo
1642 2448 1880 2511 completo
1917 2440 2167 2496 cantores

373 2536 594 2584 dixerunt
618 2552 808 2584 versum
840 2555 848 2583 :
880 2535 1058 2601 Emitte
1077 2535 1291 2598 spiritum
1313 2540 1445 2580 tecum
1477 2540 1561 2580 ete.
1592 2534 1711 2580 Tum
1738 2531 2138 2596 pontifex‚,abso-

372 2619 489 2679 luto,
515 2621 629 2668 dixit
661 2620 856 2668 Oremzcs
881 2622 927 2667 et
958 2618 1223 2666 orationem
1245 2617 1369 2665 Deus
1396 2617 1478 2680 qui
1502 2615 1639 2663 corda
1666 2615 1875 2669 fidelium
1895 2621 2003 2674 etc„
2026 2630 2138 2679 pre-

373 2703 499 2751 dicto
522 2704 747 2767 episcopo
767 2702 1018 2750 assistente
1043 2716 1139 2749 non
1164 2699 1389 2748 cardinali
1412 2699 1585 2748 librum
1615 2701 1827 2746 tenente.
1859 2701 1961 2754 Qua
1985 2697 2135 2758 finita,

375 2789 594 2834 cantores
639 2785 993 2850 responderunt
1029 2784 1199 2833 Amen.
1250 2782 1338 2830 Ubi
1378 2783 1504 2830 faeta
1545 2785 1617 2830 est
1666 2781 1910 2829 conclusio
1955 2781 2139 2845 absque

371 2869 605 2917 Dominus
624 2870 855 2917 vobiscum
877 2868 946 2915 vel
965 2867 1302 2916 Benedicamas
1322 2866 1543 2926 Domino,
1570 2869 1617 2913 et
1635 2867 1762 2929 Papa
1777 2864 1916 2924 sedit,
1941 2867 2141 2928 accepta

377 2953 531 3002 mitra.
1441 2938 1443 2940 ¹

442 3039 561 3085 Tum
589 3038 645 3085 D.
674 3036 957 3084 Franciseus
989 3033 1046 3083 de
1076 3034 1234 3082 Padua
1265 3032 1521 3081 advocatus
1549 3030 1909 3089 consistorialis,
1946 3029 2142 3080 nomine

378 3120 787 3183 canonizationem¹
805 3119 1079 3183 hujusmodi
1097 3116 1407 3174 sollicitantis,
1426 3116 1505 3178 qui
1525 3116 1575 3163 id
1592 3116 1751 3163 facere
1770 3114 1993 3174 debehat,
2011 3117 2142 3162 stans

379 3204 425 3250 in
446 3204 586 3267 plano
610 3203 842 3267 cappelle,
868 3206 976 3251 ante
1005 3203 1221 3251 infimum
1245 3202 1445 3267 gladum
1473 3199 1578 3249 solii
1610 3201 1753 3262 Pape,
1784 3197 1919 3261 petiit
1946 3195 2143 3245 canoni-

378 3303 411 3331 Ζ
404 3287 469 3333 ui
492 3288 687 3335 beatum
710 3288 1024 3352 Leopoldum,
1050 3286 1248 3336 dicens:

448 3392 468 3413 «
494 3372 774 3419 Beatissime
796 3374 952 3431 Pater,
979 3386 1068 3435 ego
1096 3369 1375 3418 Franciscus
1397 3368 1455 3416 de
1479 3365 1653 3426 Padua,
1679 3363 1934 3412 advocatus
1955 3357 2140 3411 consis-

383 3452 577 3511 torialis,
604 3461 886 3517 procuratoi
890 3472 933 3505 10
967 3455 1161 3505 nomine
1193 3451 1482 3502 serenissimi
1508 3450 1734 3515 principis
1768 3452 1815 3497 et
1843 3444 2041 3504 domini,
2076 3447 2134 3492 D.
