2262 3958
196 287 304 329 [Mars
319 289 411 332 1486]
647 287 817 326 RERUM
848 287 1154 328 URBANARUM
1186 289 1538 330 COMMENTARII.
1921 296 1982 333 181

194 397 454 453 consuet03
480 398 650 459 postea
681 394 858 459 populo
886 394 1132 443 benedixit
1171 397 1218 442 et
1246 394 1387 443 rediit
1408 393 1469 442 ad
1500 394 1690 444 tertiam
1720 395 1877 443 aulam
1900 413 1987 461 pa-

192 477 293 527 latii
309 478 397 526 sub
418 477 727 538 baldachin0‚
752 478 800 526 in
821 493 914 542 qua
933 492 1171 541 pauperes
1194 476 1428 524 tredecim
1449 477 1636 526 lavandi
1658 478 1810 542 parati
1827 485 1981 528 erant.

194 560 458 610 Redierunt
497 561 642 610 etiam
673 577 782 611 cum
815 558 1043 625 pontifice
1077 558 1212 622 quasi
1253 575 1421 609 omnes
1455 562 1724 612 cardinales
1761 564 1810 612 in
1844 580 1986 629 para-

193 645 368 694 mentis
403 645 529 705 suis;
555 650 604 694 et
635 645 701 694 sic
724 643 895 710 parati,
919 647 1155 691 steterunt
1177 658 1327 711 usque
1349 645 1410 693 ad
1433 645 1580 695 finem
1603 647 1832 707 mandati,
1858 649 1987 712 quod

193 735 356 781 tamen
379 731 486 781 fleri
505 735 791 781 consuetum
809 745 907 777 non
929 731 1001 776 est
1014 743 1170 791 neque
1192 727 1481 788 honestum;
1506 731 1591 779 sed
1606 732 1902 796 paramentis
1920 733 1988 781 di-

194 816 376 876 missis,
391 816 439 864 in
452 815 616 880 cappis
638 819 825 864 tantum
846 815 1044 877 possent
1060 811 1098 858 si
1112 811 1290 859 vellent
1309 814 1436 875 Pape
1459 813 1783 863 assistentiam
1804 816 1983 876 facere,

193 900 390 965 dempto
412 903 573 948 tamen
600 914 696 946 uno
725 896 969 946 cardinale
1001 895 1204 943 diacono
1233 895 1534 959 evangelium
1555 896 1741 947 lecturo
1769 904 1815 947 et
1839 900 1986 948 etiam

193 983 486 1032 subdiacono
515 983 592 1046 qui
631 982 809 1031 bullam
842 981 892 1029 in
920 980 1050 1044 logia
1081 979 1216 1043 legit,
1245 979 1326 1042 qui
1356 970 1549 1043 paratus
1580 982 1805 1031 omnibus
1844 999 1986 1047 para-

193 1066 370 1115 mentis
392 1066 721 1116 diaconalibus
743 1065 923 1113 ibidem
945 1064 1114 1112 adesse
1137 1063 1299 1112 debet.
1327 1065 1379 1111 In
1401 1064 1511 1113 aula
1533 1069 1713 1127 autem,
1736 1066 1785 1114 in
1808 1068 1983 1132 capite,

193 1154 303 1200 ante
325 1150 545 1199 ultimum
568 1166 654 1200 seu
675 1150 955 1199 inferiorem
978 1148 1182 1213 gradum
1205 1147 1311 1197 solii
1332 1148 1511 1198 ibidem
1533 1154 1700 1213 parata
1720 1157 1823 1200 erat
1846 1152 1987 1200 sedes
2030 1189 2036 1194 .

190 1236 353 1301 lignea
372 1252 460 1301 pro
487 1252 610 1301 papa
633 1251 743 1284 cum
773 1234 961 1283 duobus
990 1233 1211 1282 scabellis
1233 1249 1369 1282 more
1405 1239 1656 1296 consueto,
1682 1239 1730 1285 et
1750 1236 1846 1284 duo
1880 1254 1987 1286 sca-

188 1318 316 1369 bella
334 1319 450 1368 hinc
485 1324 532 1368 et
553 1319 663 1368 inde
694 1335 781 1383 pro
815 1317 1003 1366 duobus
1034 1317 1359 1367 cardinalibus
1387 1317 1602 1367 diaconis
1629 1319 1983 1382 assistentibuS,

190 1407 239 1452 et
271 1419 300 1452 a
330 1403 511 1452 dextris
549 1403 677 1452 sedis
710 1405 838 1466 Pape
876 1401 1056 1450 ibidem
1090 1417 1288 1451 scamna
1321 1401 1416 1450 alta
1447 1402 1594 1467 longa
1629 1420 1716 1468 pro
1753 1405 1986 1453 tredecim

190 1487 481 1552 pauperibus
498 1487 709 1536 lavandis
731 1486 813 1550 qui
831 1486 925 1535 illic
949 1486 1200 1546 sedebant,
1226 1486 1320 1534 alta
1341 1486 1463 1534 adeo
1492 1486 1621 1550 quod
1640 1487 1730 1552 ipsi
1747 1504 1986 1552 pauperes

190 1571 420 1621 tenebant
446 1571 596 1636 pedes
618 1587 762 1636 supra
787 1571 1031 1620 banchum
1062 1570 1324 1619 altitudinis
1345 1570 1470 1619 illius
1493 1587 1641 1635 super
1667 1587 1811 1635 quem
1833 1573 1988 1621 cardi-

189 1655 325 1705 nales
363 1655 532 1705 sedere
568 1655 921 1705 consueverint.
949 1655 1206 1703 Credentia
1238 1654 1384 1703 etiarn
1411 1658 1578 1719 parata
1606 1659 1709 1704 erat
1738 1656 1787 1703 in
1809 1658 1985 1722 angulo

189 1740 240 1788 in
267 1740 490 1806 opposito
524 1741 651 1789 sedis
679 1743 806 1804 Pape
831 1740 968 1804 juxta
999 1755 1191 1787 murum
1223 1743 1271 1788 et
1299 1739 1509 1803 desuper
1542 1755 1662 1788 vasa
1689 1741 1782 1788 duo
1811 1757 1988 1805 magna

190 1822 412 1873 inaurata
430 1827 478 1873 et
498 1823 591 1872 alia
611 1826 871 1888 perornata
891 1838 947 1871 ac
970 1826 1080 1871 octo
1101 1821 1272 1871 bacilia
1295 1826 1342 1871 et
1362 1823 1455 1872 alia
1474 1840 1562 1889 pro
1584 1827 1774 1885 ornatu,
1798 1841 1854 1874 ac
1877 1830 1985 1874 octo

188 1907 362 1958 bacilia
383 1912 431 1958 et
449 1925 534 1958 sex
554 1908 744 1957 bucalia
765 1913 813 1956 et
834 1907 924 1956 alia
945 1913 1089 1972 prout
1110 1907 1160 1954 in
1181 1908 1494 1956 ceremoniali
1516 1909 1707 1958 dicitur.

258 1995 388 2058 Papa
407 1994 518 2043 curn
551 1997 681 2042 esset
707 1993 906 2051 ibidem,
937 1992 1207 2041 cardinales
1233 1992 1515 2041 assistentes
1543 1994 1870 2059 deposuerunt
1894 1995 1983 2043 sibi

189 2077 393 2143 pluviale
431 2082 478 2126 et
511 2077 684 2126 stolam
729 2077 991 2142 pretiosam
1033 2080 1081 2125 et
1117 2080 1346 2140 pararunt
1382 2093 1495 2125 eum
1537 2078 1660 2127 stola
1692 2078 1906 2127 violacea
1939 2084 1986 2128 et

187 2161 380 2226 pluviali
409 2161 561 2210 rubeo
591 2161 799 2225 simplici
826 2177 882 2209 ac
907 2161 1142 2224 pectorali
1169 2177 1282 2208 cum
1311 2161 1457 2226 perlis
1486 2165 1534 2210 et
1562 2161 1703 2210 mitra
1734 2162 1981 2226 simplice;

190 2243 239 2292 et
277 2243 372 2292 alia
409 2243 536 2292 facta
572 2246 684 2292 sunt
719 2247 862 2308 prout
894 2243 944 2291 in
981 2243 1313 2292 ceremoniali.
1347 2246 1512 2292 Rmus.
1545 2246 1604 2292 D.
1631 2246 1887 2306 cardinalis
1923 2247 1982 2294 de

92 2336 97 2338 “
182 2327 397 2377 <Sabellis
437 2327 651 2376 cantavit
692 2327 1014 2391 evangelium.
1063 2330 1209 2392 Papa,
1260 2327 1481 2392 deposito
1524 2329 1656 2392 prius
1702 2330 1896 2394 pluviali
1940 2335 1986 2379 et

190 2427 451 2484 remanens
471 2411 520 2460 in
543 2411 650 2461 alba
673 2414 720 2460 et
744 2411 868 2460 stola
889 2416 937 2460 et
963 2411 1107 2459 mitra
1133 2411 1417 2475 genuflexus
1440 2428 1551 2461 cum
1572 2413 1714 2463 mitra
1741 2414 1858 2462 lavit
1886 2414 1984 2463 sin-

188 2495 310 2561 gulis
341 2496 518 2561 pedem
553 2496 793 2557 dextrum,
831 2496 1078 2545 osculatus
1112 2500 1187 2545 est
1222 2512 1334 2545 eum
1362 2501 1411 2545 et
1444 2496 1575 2546 dedit
1608 2498 1810 2563 singulis
1842 2514 1985 2547 suum

190 2580 388 2630 mantile
405 2584 454 2630 et
473 2581 593 2630 duos
616 2581 818 2631 ducatos
845 2597 955 2630 cum
976 2581 1164 2630 duobus
1191 2580 1414 2630 carlenis.
1448 2581 1608 2631 Bacile
1628 2598 1739 2630 cum
1762 2583 1985 2647 pecuniis

190 2664 396 2729 portavit
413 2666 470 2714 D.
489 2667 674 2730 Gaspar
693 2666 907 2715 Blondus
930 2665 1136 2714 clericus
1157 2681 1371 2725 camere,
1393 2665 1521 2715 aluid
1542 2667 1696 2716 bacile
1720 2683 1830 2716 cum
1852 2682 1987 2716 man-

194 2747 356 2797 tilibus
375 2749 582 2813 portavit
600 2752 658 2798 D.
681 2750 968 2799 Franciscus
990 2749 1189 2799 Brevius
1205 2749 1396 2798 auditor
1406 2755 1530 2810 rote,
1547 2751 1658 2815 quia
1675 2751 1835 2800 nullus
1858 2751 1980 2799 alius

194 2831 400 2882 clericus
431 2848 624 2882 camere
656 2833 722 2882 ibi
752 2839 872 2883 erat.
907 2835 1109 2885 Illustris
1149 2839 1208 2886 D.
1242 2851 1448 2899 magnus
1486 2835 1583 2883 dux
1622 2835 1983 2899 Monopolensis

194 2916 326 2966 dedit
342 2931 518 2981 aquam
539 2916 774 2982 pontifici.
799 2917 906 2966 Alia
933 2918 1097 2967 omnia
1123 2919 1250 2968 facta
1274 2923 1383 2968 sunt
1414 2923 1559 2983 prout
1591 2919 1640 2967 in
1671 2916 1983 2967 ceremoniali

195 3016 335 3051 nove.

259 3088 382 3135 Nota
402 3089 567 3135 tamen
595 3085 723 3150 quod
750 3087 917 3134 Rmus.
945 3087 1003 3133 D.
1035 3085 1292 3134 cardinalis
1321 3102 1360 3134 s.
1392 3086 1540 3135 Marci
1570 3102 1647 3134 me
1671 3084 1985 3149 reprehendit

195 3169 325 3235 quod
343 3169 543 3235 permisi
560 3170 876 3219 mutationem
905 3169 1025 3219 stole
1054 3173 1101 3218 et
1129 3169 1345 3234 pluvialis
1374 3172 1501 3234 Pape
1530 3170 1588 3218 de
1611 3169 1730 3217 albis
1752 3169 1800 3215 in
1823 3168 1983 3216 rubeis

195 3254 299 3303 fieri
320 3253 370 3302 in
397 3254 582 3318 capella
608 3254 794 3319 majore
824 3258 934 3318 post
963 3253 1180 3313 missam,
1213 3257 1677 3317 antequam.corpus
1707 3251 1901 3300 Domini
1924 3251 1986 3300 ad

190 3354 385 3404 parvam
413 3338 649 3402 capellam
675 3338 1012 3387 associaretur.
1038 3338 1207 3388 Visum
1225 3337 1355 3385 enim
1379 3336 1467 3384 fuit
1488 3336 1532 3385 ei
1554 3340 1601 3385 et
1623 3335 1803 3400 optime
1825 3335 1981 3384 visum

197 3422 328 3486 quod
349 3422 396 3470 in
418 3422 540 3471 albis
561 3423 854 3486 paramentis
883 3423 1090 3473 debebat
1118 3425 1475 3471 sacramentum
1497 3420 1678 3485 portari
1701 3424 1749 3468 et
1768 3421 1913 3470 etiam
1926 3411 1986 3468 ⁴in
