2262 3958
312 335 378 370 196
917 328 1150 364 JOHANNIS
1183 327 1478 374 BURCHARDI,
1861 331 1964 372 [Mars
1981 332 2072 374 1486]

305 435 421 483 dixit
452 434 762 498 antiphonam
797 449 804 478 ;
836 432 1076 479 Firmetur
1100 438 1206 491 etc„
1241 446 1351 479 cum
1382 429 1543 478 Gloria
1576 439 1681 492 etc„
1713 436 1761 480 et
1787 432 2073 496 repetitione

303 518 583 581 antiphone.
625 515 805 572 Quibus
834 514 990 574 dictis,
1021 513 1240 578 deposita
1270 513 1428 572 mitra,
1466 513 1669 561 surrexit
1703 516 1832 578 Papa
1863 519 1911 563 et
1939 520 2070 563 stans

300 617 464 649 versus
489 600 548 648 ad
569 603 877 648 consecratos
899 614 1010 646 cum
1038 597 1190 645 mitris
1217 596 1459 655 sedentes,
1484 596 1599 644 dixit
1616 612 1805 645 versum
1833 616 1841 645 :
1868 590 2069 646 'Domine

301 684 489 743 exaudi,
512 691 618 742 etc„
644 686 690 731 et
705 682 970 731 orationem
997 698 1006 729 ε
1031 681 1164 729 Deus
1185 681 1413 739 omnium,
1432 687 1515 727 ete.
1544 678 1622 744 (1).
1649 682 1751 735 Qua
1765 680 1914 740 finita,
1940 683 2069 745 Papa

301 766 423 815 sedit
443 765 617 815 iterum
637 781 746 814 cum
768 766 926 826 mitra,
952 770 1000 813 et
1021 763 1289 813 consecrati
1313 766 1621 812 surrexerunt.
1641 777 1809 811 omnes
1836 768 1883 811 et
1909 769 2069 813 amote

299 851 491 898 fuerunt
506 865 673 898 omnes
695 853 791 897 tres
809 849 947 897 sedes
966 865 976 897 ε
999 851 1364 897 Beneventanus
1381 851 1427 895 et
1440 845 1756 895 Tornacensis
1770 843 2070 895 retraxerunt

299 948 348 983 se
368 933 427 982 ad
443 937 628 997 partem
651 938 697 981 et
719 932 1004 982 Cusentinus
1028 936 1156 980 stans
1178 947 1286 981 cum
1309 931 1448 979 mitra
1469 935 1517 978 et
1539 929 1710 978 baculo
1734 945 1821 977 suo
1842 930 2068 994 pastorali

296 1017 344 1064 in
375 1016 582 1076 sinistra,
608 1015 656 1063 in
674 1016 833 1064 medio
854 1016 1014 1064 altaris
1039 1031 1206 1064 versus
1231 1014 1291 1063 ad
1313 1029 1523 1074 crucem,
1544 1013 1736 1077 signans
1757 1018 1927 1076 pectus
1951 1013 2066 1062 dixit

296 1100 384 1148 sub
398 1099 628 1148 mediocri
644 1103 726 1147 aut
746 1099 1037 1163 competenti
1058 1114 1173 1148 voce
1200 1115 1209 1146 ε
1234 1098 1312 1145 Sit
1329 1113 1516 1157 nomen,
1535 1105 1641 1156 ete„
1661 1109 1795 1144 more
1810 1100 2061 1157 consuete,

292 1182 584 1232 benedicens
598 1183 794 1248 populo,
822 1187 1022 1248 excepto
1044 1183 1189 1247 quod,
1214 1199 1327 1231 cum
1345 1182 1610 1230 diceretEt
1622 1182 1831 1246 Spiritus
1851 1189 2060 1242 sanctus,

291 1280 388 1314 non
420 1266 661 1315 benedixit
698 1266 894 1315 omnino
936 1280 1099 1316 versus
1130 1282 1280 1315 cornu
1311 1265 1563 1329 evangelii,
1599 1270 1651 1313 ut
1684 1265 1832 1314 moris
1862 1268 1951 1325 est,
1977 1264 2063 1313 sed

292 1346 446 1411 magis
485 1346 544 1394 ad
588 1346 830 1395 sinistram
878 1347 1005 1396 inter
1042 1348 1252 1397 mediam
1295 1364 1489 1396 crucem
1528 1363 1615 1411 per
1653 1363 1763 1395 eum
1798 1347 1975 1395 factam
2013 1349 2064 1395 et

290 1446 439 1481 cornu
472 1430 702 1494 evangelii
729 1447 790 1479 ne
811 1430 1053 1479 videretur
1070 1435 1196 1497 Pape
1220 1431 1528 1490 benedicere,
1550 1430 1626 1479 cui
1648 1446 1792 1479 nemo
1813 1428 2058 1479 benedixit

216 1525 220 1529 “
292 1516 377 1564 sed
390 1514 492 1579 ipse
515 1514 737 1563 omnibus
761 1514 839 1580 (2).

356 1599 506 1647 Simili
531 1598 674 1646 modo
711 1598 927 1647 fecerunt
955 1598 1224 1646 successive
1257 1599 1619 1646 Beneventanus
1645 1599 1691 1645 et
1714 1597 2055 1658 TornacensiS,

291 1681 371 1730 illo
398 1682 475 1746 qui
504 1681 635 1746 prius
663 1681 925 1740 benedixit,
960 1697 1010 1730 se
1040 1681 1317 1729 retrahente
1354 1679 1429 1746 (3).
1461 1681 1804 1731 Benedictione
1835 1681 2058 1731 omnibus

291 1765 420 1824 data,
458 1763 744 1812 Cusentinus
776 1763 892 1811 dixit
929 1764 994 1810 ad
1016 1764 1183 1811 multos
1211 1780 1359 1811 annos
1384 1768 1480 1812 tres
1507 1779 1640 1812 more
1670 1769 1930 1824 consueto;
1961 1779 2055 1828 quo

289 1848 428 1897 tertio
444 1847 588 1906 dicto,
613 1849 743 1910 Papa
760 1846 943 1910 accepit
965 1861 1073 1894 eum
1092 1845 1150 1893 ad
1172 1845 1268 1893 oris
1285 1845 1503 1893 osculum
1525 1848 1576 1893 ut
1597 1845 1673 1893 alii
1689 1849 2054 1895 consecratores

287 1931 445 1981 facere
469 1931 640 1980 solent.

351 2017 467 2063 Item
493 2017 730 2064 servatum
752 2018 825 2062 est
849 2013 1115 2062 successive
1148 2014 1308 2077 quoad
1330 2017 1376 2061 et
1399 2029 1484 2077 per
1505 2014 1622 2062 alios
1645 2014 1783 2074 duos,
1809 2014 1887 2077 qui
1909 2014 2052 2062 etiam

285 2113 372 2162 per
405 2097 684 2146 assistentes
713 2101 821 2161 post
849 2100 1027 2161 Papam
1057 2097 1118 2144 ad
1141 2096 1235 2144 oris
1263 2096 1479 2144 osculum
1502 2096 1680 2159 recepti
1696 2096 1888 2144 fuerunt
1917 2111 2052 2144 more

285 2186 536 2230 consueto.
573 2183 693 2228 Tum
726 2183 853 2244 Papa
891 2179 1083 2243 signans
1125 2179 1272 2227 altare
1312 2179 1358 2226 in
1392 2178 1569 2238 medio,
1619 2178 1735 2226 dixit
1771 2196 1780 2226 :
1819 2178 2048 2226 Dominus

284 2264 532 2322 vobiscum,
558 2272 663 2322 eta,
686 2268 733 2312 et
753 2263 801 2310 in
821 2262 1084 2310 faldistorio
1101 2261 1322 2326 deposuit
1341 2261 1503 2310 omnia
1522 2264 1819 2325 paramenta,
1845 2264 2046 2324 excepto

283 2349 425 2412 pallio
464 2347 604 2411 (quod
640 2347 771 2410 prius
803 2346 965 2394 debuit
997 2361 1142 2409 super
1177 2345 1310 2392 altari
1348 2344 1613 2404 dimittere,
1657 2347 1922 2392 extractum
1957 2343 2047 2392 sibi

331 2499 363 2532 1.
397 2509 411 2530 α
434 2494 499 2532 Ηὶο
525 2494 670 2532 adverte
696 2493 865 2542 quoniam
889 2496 1045 2529 erratum
1070 2492 1152 2534 fuit,
1176 2503 1259 2528 nam
1287 2492 1388 2539 Papa
1420 2491 1544 2528 dicens
1571 2492 1806 2539 antiphonam
1826 2503 1899 2529 non
1924 2491 2051 2529 debuit

281 2556 420 2599 sedere,
439 2554 503 2591 sed
517 2558 628 2591 stare.
644 2554 732 2590 Item
751 2553 877 2589 debuit
891 2552 1009 2588 dicere
1024 2563 1132 2599 super
1147 2562 1364 2599 unoquoque
1380 2551 1613 2599 antiphonam
1628 2551 1661 2586 in
1680 2550 1855 2599 singulari
1869 2556 1976 2599 prout
1993 2555 2049 2588 est

280 2624 414 2661 eosque
433 2625 514 2649 cum
534 2624 641 2649 versu
663 2616 745 2656 etc.,
768 2611 896 2648 deinde
919 2611 995 2647 sine
1016 2610 1120 2647 mitra
1146 2610 1269 2647 debuit
1294 2609 1411 2646 dicere
1433 2610 1628 2646 orationem
1658 2609 1694 2646 in
1714 2610 1859 2658 pluviali
1880 2610 1987 2646 simul
2012 2613 2049 2647 et

281 2673 389 2709 semel
416 2684 525 2720 super
543 2676 773 2708 consecratos
802 2683 875 2708 non
899 2671 1067 2707 sedentes
1097 2670 1142 2706 ob
1170 2669 1403 2706 reverentiam
1433 2670 1547 2717 Pape,
1576 2669 1641 2706 sed
1670 2673 1809 2706 stantes
1829 2681 1911 2705 cum
1933 2669 2048 2706 mitris

280 2738 366 2769 tunc
391 2733 543 2769 maxime
564 2731 708 2780 quando
728 2731 830 2778 Papa
854 2729 1021 2778 deposuit
1041 2729 1181 2766 mitram
1206 2729 1371 2765 dicturus
1391 2729 1601 2766 orationem.
1625 2728 1716 2765 Cum
1744 2732 1864 2765 autem
1894 2727 2048 2766 dixisset.

280 2792 526 2840 antiphonam,
554 2790 678 2827 debuit
706 2794 856 2838 tangere
882 2801 964 2825 eum
997 2800 1065 2825 sua
1092 2789 1220 2825 dextra
1242 2788 1404 2824 dextram
1432 2787 1632 2825 consecrati
1652 2791 1687 2824 et
1704 2787 1798 2824 idem
1819 2787 1935 2824 faeere
1966 2799 2047 2824 cum

281 2862 511 2900 unoquoque.
529 2851 602 2887 Hec
618 2849 737 2887 notavi
758 2848 792 2884 in
809 2848 964 2896 antiquis
985 2848 1236 2885 ceremonariis
1254 2848 1316 2884 ubi
1332 2847 1624 2884 fitconsideratio
1642 2847 1687 2883 de
1704 2847 1874 2895 predictis
1888 2851 1924 2884 et
1940 2846 2047 2884 etiam

281 2911 326 2949 de
348 2923 418 2948 uno
438 2910 614 2959 singulari
634 2909 694 2958 qui
715 2908 781 2945 fuit
797 2913 957 2956 tempore
983 2919 1061 2944 meo
1081 2907 1117 2944 in
1137 2907 1380 2944 observantia.
1398 2922 1416 2941 »
1437 2907 1625 2946 -PAms.

330 2974 362 3007 l.
393 2987 412 3006 «
432 2970 547 3009 Credo
567 2969 665 3018 quod
678 2969 736 3005 hic
757 2972 882 3005 auctor
900 2967 1006 3012 male,
1020 2978 1086 3004 suo
1100 2978 1211 3013 more,
1228 2966 1368 3011 dixerit,
1390 2966 1561 3014 quoniam
1579 2965 1744 3003 videmus
1758 2965 1917 3014 quotidie
1930 2966 2046 3015 capel-

282 3028 385 3067 lanos
405 3029 506 3078 Pape
525 3028 562 3065 in
583 3027 703 3065 missis
718 3026 867 3076 privatis
887 3027 972 3063 dare
993 3026 1278 3063 benedictionem
1300 3038 1408 3073 super
1423 3026 1573 3073 Papam.
1588 3026 1702 3072 Igitur
1721 3025 1912 3062 dicendum
1932 3027 2042 3074 quod,

282 3102 363 3126 cum
393 3088 546 3138 primum
580 3094 637 3126 est
671 3086 881 3124 benedicere
910 3087 1022 3134 Pape,
1045 3090 1080 3123 et
1105 3086 1316 3123 benedicere
1336 3086 1434 3133 Pape
1460 3084 1618 3132 presenti
1637 3088 1803 3131 poterant
1827 3085 2041 3130 consecrati,

280 3148 429 3186 obtenta
441 3148 560 3194 venia,
575 3159 640 3196 pro
660 3147 851 3184 honestate
869 3145 1082 3182 benedicere
1103 3144 1247 3193 populo,
1266 3148 1300 3181 et
1320 3148 1373 3180 ter
1393 3144 1538 3190 signare
1558 3143 1595 3178 in
1616 3143 1732 3179 medio
1753 3143 1887 3190 altaris,
1909 3143 2042 3181 ibidem

280 3208 431 3245 dicendo
460 3218 468 3244 :
492 3209 610 3245 Pater
629 3214 664 3243 et
683 3207 812 3242 Filius
833 3213 867 3242 et
889 3206 1064 3253 Spiritus
1085 3205 1266 3242 Sanctus.
1290 3218 1310 3237 n
1330 3224 1375 3229 —
1396 3203 1519 3238 Pinus.
1538 3201 1656 3250 (Cette
1674 3213 1861 3251 remarque
1886 3214 2042 3251 marique

278 3267 369 3303 dans
384 3267 414 3303 le
435 3279 523 3304 mss.
546 3267 669 3314 5521.)

321 3327 358 3364 3.
386 3342 404 3359 «
432 3327 539 3364 Error
570 3327 628 3363 hic
657 3330 712 3363 est
731 3338 739 3364 ε
762 3337 845 3362 nam
867 3326 962 3364 datis
982 3322 1310 3366 benedictionibus,
1332 3321 1486 3371 quisque
1506 3321 1629 3359 debuit
1649 3322 1827 3371 deponere
1846 3323 1985 3360 mitram
2005 3327 2040 3359 et

273 3383 442 3422 baculum
459 3390 494 3422 et
510 3386 681 3423 annulum
697 3391 731 3424 et
750 3397 858 3435 agere
877 3387 1015 3434 gratias
1034 3385 1133 3434 Pape
1151 3384 1303 3421 dicendo
1320 3382 1374 3420 ad
1387 3383 1528 3419 multos
1551 3395 1688 3429 annos,
1707 3395 1778 3432 que
1794 3382 1905 3419 verba
1924 3381 2037 3429 signi-

272 3443 382 3480 ficant
403 3443 517 3491 ipsam
538 3445 753 3483 contrariam
769 3446 959 3485 actionem.
982 3460 1000 3479 »
1017 3465 1062 3474 —-
1082 3446 1207 3484 PAmS.
