2262 3958
217 276 326 322 [Mars
347 274 439 319 1486]
670 271 839 311 RERUM
872 271 1177 311 URBANARUM
1210 270 1561 309 COMMENTARII.
1940 271 2006 308 197

213 379 503 430 acardinale
521 377 821 444 presbytero)
848 376 927 443 (1),
960 392 1113 440 usque
1141 377 1201 425 ad
1232 375 1406 424 stolam
1433 373 1691 432 exclusive,
1722 377 1770 422 et
1798 388 1892 437 que
1916 374 2003 422 sub

215 464 340 514 stola
358 463 570 523 tenebat,
596 478 689 526 que
712 461 874 510 omnia
895 460 1091 509 retinuit
1119 477 1129 509 :
1156 458 1429 508 consecrati
1450 473 1562 507 vero
1587 457 1646 506 ab
1663 456 2004 506 assistentibus

209 547 450 614 episcopis
472 547 532 596 ad
555 546 760 612 primam
781 545 939 594 aulam
967 543 1191 593 associati
1216 558 1353 591 more
1398 545 1634 591 consueto
1662 542 1803 606 juxta
1830 556 2003 589 eorum

212 632 360 682 altare
375 631 707 696 deposuerunt
727 646 813 679 sua
833 632 1116 694 paramenta
1137 627 1300 675 omnia
1335 642 1524 675 omnes.
1561 625 1777 685 Interim,
1800 628 1931 689 Papa
1953 641 2003 674 se

213 716 499 766 extrahente
521 720 632 765 ante
654 715 802 764 altare
824 728 966 762 suum
986 712 1274 776 predictum,
1299 715 1410 760 ante
1443 710 1656 759 medium
1684 727 1772 774 per
1793 709 2003 774 spatium

215 800 422 849 duorum
453 815 540 848 seu
570 798 715 847 trium
748 811 981 861 passuum
1013 794 1171 860 posita
1210 795 1296 843 fuit
1332 810 1429 843 una
1453 810 1512 842 ex
1538 794 1824 857 supradictis
1855 794 2003 843 tribus

213 883 426 943 sedibuS,
449 882 517 931 ita
536 880 668 946 quod
698 882 827 943 Papa
853 878 902 926 in
929 878 1009 927 illa
1039 878 1214 926 sedens
1237 893 1380 927 renes
1402 877 1540 926 altari
1560 881 1796 936 verteret3
1823 883 1870 926 et
1891 882 2002 926 ante

215 967 381 1017 sedem
413 963 693 1030 hujusmodi
739 963 952 1028 positum
993 961 1081 1011 fuit
1120 979 1270 1011 unum
1307 962 1574 1011 scabellum
1605 962 1920 1011 cardinalium
1956 967 2003 1011 et

213 1051 423 1115 desuper
442 1049 630 1098 concha
650 1063 828 1112 magna
852 1063 961 1096 cum
990 1063 1134 1112 aqua,
1166 1052 1218 1096 ut
1242 1064 1406 1112 supra,
1438 1046 1696 1096 benedicta
1729 1065 1738 1095 z
1779 1050 2002 1111 paratum

212 1133 358 1184 etiam
387 1133 476 1182 suit
520 1132 816 1181 thuribulum
859 1148 971 1181 cum
1016 1131 1146 1196 igne,
1193 1131 1444 1191 navicella,
1465 1130 1744 1180 chochleari
1767 1134 1815 1180 et
1838 1130 1997 1179 thure.

211 1218 395 1278 Quibus
417 1217 485 1266 sic
512 1217 710 1283 paratiS,
741 1219 888 1281 Papa,
918 1217 1212 1281 paramentis
1246 1232 1399 1282 usque
1430 1217 1492 1265 ad
1524 1216 1714 1276 stolam,
1752 1219 1805 1265 ut
1835 1231 1998 1281 supra,

210 1302 383 1364 exutis,
406 1301 538 1351 venit
557 1302 619 1351 ad
640 1301 807 1351 sedem
835 1301 1103 1366 predictam
1130 1301 1209 1349 ubi
1240 1305 1390 1361 stans,
1416 1301 1610 1350 detecto
1633 1300 1809 1365 capite,
1834 1316 2002 1349 versus

210 1387 270 1436 ad
290 1402 464 1451 aquam
485 1391 596 1434 ante
620 1402 670 1434 se
691 1386 916 1451 positam,
941 1385 1058 1434 dixit
1083 1402 1092 1434 :
1116 1386 1354 1434 Dominus
1376 1387 1629 1445 vobiscum,
1660 1393 1744 1433 etc.
1779 1383 1996 1433 Oremus.

212 1471 430 1531 Domine,
456 1470 588 1519 Deus
611 1478 769 1535 pater.
803 1472 908 1528 Qua
939 1470 1084 1530 dicta,
1116 1475 1247 1519 stans
1279 1471 1436 1519 adhuc
1468 1470 1571 1519 sine
1603 1469 1760 1528 mitra,
1799 1473 1998 1533 accepta

212 1554 425 1620 ampulla
463 1554 665 1604 balsami
700 1554 759 1603 de
796 1570 942 1603 manu
985 1554 1204 1614 sacriste,
1244 1554 1416 1603 infudit
1442 1555 1491 1602 in
1525 1553 1724 1602 modum
1765 1553 1920 1602 crucis
1950 1553 2000 1600 in

209 1639 388 1689 dictam
425 1654 624 1703 aquam,
677 1639 842 1687 dicens
877 1655 887 1687 :
923 1639 1220 1698 Consecrare,
1246 1647 1358 1698 eto.,·
1394 1639 1567 1688 deinde
1611 1638 1830 1687 restituta
1873 1637 2002 1686 dicta

209 1722 422 1789 ampulla
441 1723 641 1772 sacriste
664 1727 712 1771 et
730 1728 931 1787 accepta
957 1724 1017 1771 ab
1047 1739 1104 1772 eo
1130 1724 1343 1788 ampulla
1371 1723 1525 1773 sancti
1549 1722 1843 1781 chrismatiS,
1869 1726 1999 1770 stans

205 1806 378 1856 eodem
399 1806 565 1866 modo,
589 1805 761 1854 infudit
781 1806 830 1854 in
853 1805 1076 1855 eamdem
1098 1822 1291 1870 aquam,
1317 1806 1483 1856 dicens
1510 1825 1520 1856 :
1557 1806 1860 1867 Consecrare,
1883 1813 1991 1866 eta,

205 1907 301 1957 qua
341 1889 467 1940 dicta
504 1894 553 1939 et
591 1889 816 1939 restituta
850 1890 1061 1954 ampulla
1101 1891 1320 1951 sacriste,
1370 1893 1500 1956 Papa
1536 1896 1692 1949 stam,
1737 1895 1790 1938 ut
1833 1907 1993 1955 supra,

204 1989 372 2037 versus
393 1974 454 2023 ad
475 1990 644 2039 capsas
665 1989 902 2038 agnorum
925 1974 1388 2035 consecrandorum,
1414 1976 1530 2024 dixit
1558 1995 1566 2024 :
1592 1975 1830 2023 Dominus
1851 1976 1999 2024 vobis-

206 2075 332 2108 cum.
381 2059 506 2108 Deus
539 2059 768 2119 omnium,
806 2065 890 2106 ete.
927 2060 1031 2116 Qua
1064 2057 1217 2119 finita,
1252 2061 1382 2124 Papa
1420 2059 1560 2120 sedit,
1600 2066 1802 2126 accepta
1835 2062 1993 2122 mitra,

205 2147 272 2205 et,
303 2142 607 2192 ministrante
637 2142 866 2206 episcopo
894 2142 1130 2191 Aleriensi
1162 2143 1431 2191 naviculam
1454 2148 1500 2192 et
1526 2145 1840 2205 thuribulum,
1868 2148 1998 2210 Papa

200 2225 432 2291 imposuit
472 2226 729 2274 incensum
763 2242 896 2289 :quo
943 2226 1197 2289 imposito,
1239 2230 1368 2291 Papa
1423 2243 1629 2292 surgens
1676 2245 1789 2278 cum
1832 2229 1992 2289 mitra,

203 2310 467 2360 incensavit
497 2326 646 2375 super
683 2326 857 2374 aquam
890 2310 1178 2375 predictam,
1220 2315 1294 2359 ter
1320 2311 1504 2361 ducens
1539 2313 1855 2363 thuribulum.
1889 2316 1994 2371 Quo

201 2396 348 2456 sacto,
373 2397 504 2460 Papa
537 2394 660 2442 sedit
698 2410 810 2443 cum
841 2395 985 2443 mitra
1015 2399 1062 2444 et
1084 2395 1272 2444 cinctus
1303 2397 1530 2462 mappula
1556 2414 1566 2446 ε
1595 2398 1770 2462 portati
1801 2399 1995 2448 suerunt

201 2495 368 2530 coram
387 2495 446 2530 eo
468 2496 528 2530 ex
548 2480 706 2545 capsis
727 2479 776 2528 in
801 2480 1034 2529 bacilibus
1063 2480 1174 2545 agni
1206 2481 1543 2542 consecrandi,
1575 2482 1733 2548 primo
1758 2484 1991 2548 majoreS,

200 2563 375 2614 deinde
425 2564 531 2624 alii,
581 2569 629 2612 et
673 2567 804 2628 Papa
847 2564 1080 2628 imposuit
1119 2580 1272 2628 agnos
1319 2565 1450 2630 ipsos
1496 2566 1546 2614 in
1593 2566 1772 2615 dictam
1818 2583 1993 2631 aquam

201 2647 533 2712 baptizandOS,
565 2653 613 2697 et
645 2648 861 2712 episcopi
896 2648 1079 2697 circum
1106 2648 1389 2698 assistentes
1421 2666 1628 2714 quorum
1661 2651 1826 2714 plures
1855 2657 1992 2699 erant

202 2731 480 2792 domestici,
525 2735 688 2780 tamen
737 2747 907 2781 omnes
954 2732 1003 2780 in
1044 2748 1215 2784 eorum
1269 2734 1510 2782 mantellis
1555 2735 1802 2783 consuetis
1849 2749 1993 2798 supra

201 2814 456 2865 rochetum
483 2814 652 2874 induti,
683 2815 790 2863 illos
816 2817 1136 2866 extrahebant
1167 2817 1226 2866 de
1261 2834 1384 2882 aqua
1418 2823 1466 2867 et
1497 2818 1545 2866 in
1566 2818 1802 2866 bacilibus
1830 2821 1992 2882 porta-
2060 2849 2065 2855 ·

200 2900 316 2949 bant
337 2902 385 2947 et
406 2915 549 2963 supra
565 2914 758 2948 mensas
779 2898 958 2947 ibidem
973 2916 1124 2965 prope
1145 2905 1336 2966 paratas
1359 2902 1561 2950 tobaleis
1579 2902 1770 2951 mundis
1792 2917 1992 2966 cooper-

199 2989 272 3033 tas
294 2983 611 3048 reponebant,
637 2986 702 3042 et,
726 2986 777 3031 ut
799 2983 1178 3043 exsiccarentur,
1210 2986 1549 3035 extendebant.
1585 2986 1870 3034 Continuato
1892 2985 1987 3033 hoc

201 3082 348 3132 opere
383 3083 471 3132 per
500 3066 711 3116 mediam
740 3067 912 3116 horam
948 3067 1022 3115 vel
1054 3067 1200 3127 circa,
1232 3070 1362 3132 Papa
1399 3069 1515 3118 fecit
1548 3070 1716 3134 reponi
1748 3069 1986 3117 concham

120 3162 134 3176 ·
197 3168 309 3200 cum
327 3167 452 3215 aqua
473 3156 777 3212 consecrata,
799 3157 851 3200 ut
876 3167 1038 3216 supra,
1070 3151 1131 3200 ad
1155 3151 1387 3216 angulum
1410 3154 1550 3218 juxta
1576 3154 1747 3212 altare,
1773 3158 1821 3201 et
1842 3153 1989 3217 depo-

197 3235 300 3284 sitis
323 3236 616 3300 paramentis
641 3235 867 3285 omnibus
889 3239 936 3285 et
967 3235 1195 3295 sandaliS,
1227 3238 1496 3286 consecrati
1525 3237 1789 3302 supradicti
1818 3252 1985 3286 coram

243 3421 278 3456 1.
307 3418 410 3456 cette
435 3419 656 3467 parenthese
675 3431 833 3469 manque
852 3421 947 3458 dans
967 3422 999 3459 le
1022 3433 1108 3459 mss.
1131 3423 1238 3468 5521,
1258 3421 1282 3459 t.
1302 3422 1385 3460 383.
