2262 3958
351 337 421 372 420
951 331 969 367 J
976 330 1184 368 OHANNIS
1217 329 1511 377 BURCHARDI,
1783 330 2004 377 [Septembre
2022 336 2116 379 1491]

354 450 441 498 per
463 435 648 484 socium
681 449 845 483 meum
883 434 995 482 bine
1031 433 1230 481 candele
1269 431 1522 480 distribute
1561 438 1672 483 sunt
1696 441 1807 486 ante
1843 437 2041 486 domum
2075 441 2124 486 et

349 519 486 581 juxta
505 519 684 566 bivium
707 534 800 582 quo
830 517 1036 566 ecclesia
1052 517 1191 565 beate
1207 515 1357 564 Marie
1379 516 1437 564 de
1476 516 1658 580 Populo
1677 517 1825 568 videri
1851 520 2077 585 incipitur
2099 536 2111 569 z

353 601 445 648 alia
466 617 600 649 more
629 601 769 650 solito
794 606 901 649 sunt
924 601 1190 649 observata.

419 686 505 733 Die
531 685 643 732 lune
675 688 732 732 12
762 685 1067 747 septembris,
1101 683 1425 733 anniversaria
1456 685 1558 733 dies
1586 684 1911 735 coronationis
1942 689 2026 737 SS.
2055 689 2113 736 D.

354 772 409 817 N.
453 768 718 816 Innocentii
758 783 880 831 pape
927 769 1096 827 octavi,
1148 771 1312 815 Rmus.
1358 771 1412 815 D.
1457 767 1712 816 cardinalis
1755 771 2120 818 Beneventanus

354 851 613 900 celebravit
659 850 856 898 missam
905 852 1190 910 solemnem,
1246 853 1373 914 Papa
1410 851 1635 911 absente;
1679 867 1789 914 qua,
1832 868 1891 900 ex
1927 852 2123 902 licentia

353 934 751 993 vicecancellarii,
777 934 1093 997 Neapolitani,
1120 934 1178 981 de
1201 933 1402 982 Sabellis
1437 934 1753 982 cardinalium
1780 939 1894 983 tunc
1921 937 2143 999 preseni

354 1017 475 1065 tium
522 1017 735 1080 incepta,
773 1021 1030 1080 antequam
1071 1015 1231 1064 Gloria
1268 1017 1316 1063 in
1349 1017 1539 1064 excelsis
1575 1017 1886 1080 inciperetur,
1918 1016 2121 1082 predicti

353 1103 451 1147 tres
474 1099 742 1146 cardinales
762 1099 916 1147 vocati
939 1099 1132 1146 fuerunt
1162 1099 1222 1146 ad
1253 1101 1336 1147 SS.
1372 1101 1427 1146 D.
1460 1102 1517 1148 N.
1540 1099 1590 1146 in
1620 1099 1747 1148 lecto
1778 1116 1864 1148 suo
1892 1105 2121 1164 egrotan-

354 1185 469 1239 tem,
492 1180 572 1228 ubi
595 1180 830 1229 Sanctitas
852 1197 938 1228 sua
957 1181 1005 1227 in
1026 1180 1353 1244 predictorum
1376 1181 1728 1242 UlixbonensiS,
1754 1182 1813 1230 de
1835 1183 2119 1243 Comiti‘bus‘,

354 1263 614 1311 Aleriensis
637 1268 684 1311 et
706 1280 743 1310 s.
768 1264 1017 1312 Anastasie
1033 1265 1277 1327 presentia
1296 1264 1501 1327 providit
1516 1265 1872 1328 Pampilonensi
1893 1266 2118 1326 ecclesie,

355 1346 412 1394 de
436 1346 631 1393 domino
654 1349 826 1394 Cesare
858 1347 1034 1409 Borgia
1063 1347 1190 1394 sedis
1220 1347 1480 1410 apostolice
1511 1347 1839 1410 protonotario
1859 1348 1909 1396 in
1930 1347 2120 1397 decimo

355 1429 559 1492 septimo
582 1429 720 1477 etatis
743 1445 826 1477 sue
849 1445 974 1477 anno
998 1429 1056 1494 (1)
1078 1434 1126 1478 et
1147 1430 1304 1478 studio
1328 1429 1591 1477 Pisaniensi
1613 1430 1892 1490 constituto,
1914 1431 2118 1495 predicti

353 1512 607 1560 cardinalis
629 1513 1011 1560 vicecancellarii
1032 1512 1149 1571 filio,
1175 1528 1318 1575 quem
1346 1512 1592 1561 constituit
1612 1513 1661 1559 in
1681 1512 2120 1563 administratorem

353 1612 503 1658 usque
526 1596 575 1643 in
595 1596 827 1659 vigesimo
851 1596 1055 1659 septimo
1078 1595 1216 1644 etatis
1239 1611 1323 1643 sue
1345 1611 1488 1655 anno,
1515 1595 1687 1643 deinde
1704 1596 1753 1643 in
1774 1597 2052 1661 episcopum
2073 1601 2122 1646 et

352 1684 623 1742 pastorem3
655 1695 747 1742 quo
781 1678 924 1738 facto,
961 1679 1075 1726 dum
1103 1679 1404 1742 evangelium
1436 1679 1694 1738 diceretur,
1728 1679 1932 1743 predicti
1963 1679 2135 1728 cardi--

352 1762 485 1808 nales
516 1766 702 1825 septem
736 1761 796 1808 ad
828 1761 1025 1809 missam
1054 1766 1163 1816 sunt
1195 1762 1392 1821 reversi,
1429 1766 1680 1810 manentes
1716 1777 1867 1825 usque
1901 1762 1962 1810 ad
1993 1762 2120 1810 illius

353 1844 518 1900 tinem,
543 1845 592 1890 in
614 1860 707 1906 qua
728 1844 855 1892 dicta
875 1849 947 1892 est
966 1860 1110 1907 prosa
1136 1848 1183 1892 et
1204 1844 1296 1891 alia
1315 1859 1450 1891 more
1473 1844 1631 1892 solito,
1884 1906 1886 1908 .

422 1926 506 1973 Die
543 1926 750 1984 veneris,
785 1930 811 1974 9
841 1927 1002 1990 hujus,
1042 1926 1090 1972 in
1120 1931 1308 1974 secreto
1339 1926 1624 1974 consistorio
1657 1926 1900 1990 provisum
1929 1932 2002 1977 est
2030 1943 2118 1993 per

355 2011 439 2056 SS.
466 2011 521 2056 D.
555 2011 611 2056 N.
652 2008 855 2057 ecclesie
895 2008 1245 2056 Constantiensi
1287 2025 1374 2072 per
1412 2009 1595 2057 obitum
1627 2010 1753 2056 bone
1785 2011 2020 2059 memorie
2058 2014 2114 2060 D.

353 2091 554 2140 Othonis
577 2091 635 2138 de
659 2090 948 2153 Stambergh
975 2091 1179 2154 pastoris
1210 2095 1322 2138 tunc
1354 2091 1523 2140 solatio
1554 2091 1799 2153 destitute,
1833 2093 1892 2141 de
1912 2109 2120 2158 persona

353 2178 407 2222 R.
450 2177 500 2222 P.
538 2177 595 2221 D.
633 2173 816 2221 Thome
854 2173 970 2221 Gilia
1012 2172 1231 2237 ejusdem
1275 2174 1478 2222 ecclesie
1511 2175 1759 2239 prepositi,
1795 2175 1856 2223 ad
1890 2191 1998 2224 eam
2032 2192 2120 2240 per

352 2257 613 2320 capitulum
636 2256 840 2305 ecclesie
863 2256 1010 2319 ipsius
1025 2256 1272 2319 postulati;
1293 2261 1339 2305 et
1360 2262 1603 2306 reservata
1617 2262 1690 2306 est
1711 2257 1800 2305 sibi
1811 2257 2116 2322 prepositura

353 2341 413 2388 ad
431 2340 576 2389 vitam
598 2355 692 2386 una
712 2355 822 2386 cum
844 2339 1051 2386 ecclesia
1071 2339 1296 2387 tenenda.

419 2423 596 2469 Eadem
625 2422 701 2469 die
730 2426 777 2469 et
807 2422 855 2468 in
885 2421 1057 2468 eodem
1088 2422 1392 2481 consistorio,
1421 2423 1663 2485 provisum
1694 2428 1766 2471 est
1786 2439 1873 2486 per
1893 2422 2118 2471 eumdem

354 2505 559 2553 ecclesie
592 2504 824 2562 Curiensi,
853 2508 965 2551 tunc
995 2519 1082 2566 per
1111 2504 1294 2551 obitum
1323 2504 1448 2552 bone
1476 2506 1710 2553 memorie
1742 2508 1798 2553 D.
1834 2505 2036 2554 Ottherii
2057 2505 2117 2553 de

353 2587 551 2635 Brandis
583 2586 752 2634 solatio
783 2586 1027 2645 destitute,
1061 2585 1119 2633 de
1149 2601 1356 2649 persona
1389 2589 1443 2634 R.
1485 2590 1537 2634 P.
1576 2590 1634 2635 D.
1674 2587 1868 2636 Henrici
1905 2587 1964 2636 de
1995 2590 2121 2654 Her-5

353 2671 539 2718 roensis
569 2670 788 2733 ejusdem
820 2668 1055 2728 canonici,
1088 2669 1452 2732 Argentinensis
1489 2670 1700 2718 custodis
1730 2675 1778 2718 et
1807 2670 2027 2718 canonici
2063 2685 2118 2719 ac

355 2753 786 2802 Constantientium
809 2751 1121 2799 ecclesiarum
1144 2751 1313 2798 decani
1341 2757 1386 2799 et
1413 2752 1650 2812 canonici,
1674 2754 1734 2801 ad
1763 2754 1940 2803 dictam
1961 2755 2118 2803 eccle·

353 2837 472 2884 siam
518 2836 796 2885 Curiensem
842 2851 928 2898 per
960 2835 1094 2881 illum
1136 2834 1395 2897 capitulum
1438 2835 1596 2883 electi.
1628 2837 1783 2885 Finito
1813 2842 1975 2886 autem
2001 2853 2118 2886 con-

355 2920 563 2978 sistorio,
605 2919 848 2982 predictus
889 2920 972 2965 SS.
1013 2920 1070 2965 D.
1112 2920 1168 2965 N.
1211 2917 1260 2964 in
1299 2917 1627 2966 infirmitatem
1661 2919 1844 2979 incidit,
1886 2920 1936 2967 in
1974 2926 2116 2969 nocte

355 3003 573 3065 sequenti
607 3017 782 3064 magna
816 3001 935 3048 febri
973 3006 1210 3064 gravatus.
1236 3001 1467 3049 Dominus
1505 3001 1686 3049 electus
1719 3003 2115 3062 Constantiensis‚

402 3138 435 3174 1.
461 3137 570 3184 L’age
589 3148 658 3184 que
684 3135 872 3172 Burchard
897 3136 1016 3172 donne
1036 3135 1081 3172 ici
1110 3137 1131 3172 a
1156 3135 1267 3172 Cesar
1286 3135 1422 3183 Borgia
1441 3135 1531 3172 dont
1560 3135 1595 3172 la
1613 3135 1819 3183 naissance‚
1837 3147 1905 3185 par
1924 3137 2033 3183 suite,
2054 3148 2111 3174 re-

355 3197 546 3233 monterait
565 3199 586 3232 a
597 3197 702 3241 1474,
715 3207 736 3231 a
750 3195 895 3231 souleve
906 3195 971 3231 des
981 3195 1196 3242 objections.
1214 3194 1456 3242 Gregorovius
1468 3194 1648 3241 (Lucrdce
1661 3196 1812 3241 Borqia,
1823 3195 1916 3234 trad.
1933 3194 2046 3240 franc.
2069 3194 2117 3231 de

355 3254 398 3289 P.
421 3254 614 3302 Regnaud,
636 3254 753 3300 Paris,
765 3255 870 3300 1876,
892 3258 920 3291 t.
934 3255 962 3300 Ι,
977 3266 1015 3301 p.
1028 3255 1085 3302 40)
1097 3254 1160 3302 qui
1180 3266 1201 3290 a
1219 3254 1363 3301 neglige
1378 3253 1410 3289 Ie
1426 3254 1657 3302 temoignage
1673 3255 1719 3291 de
1732 3254 1932 3298 Burohard,
1947 3253 2110 3302 s’appuie

356 3325 418 3348 sur
437 3313 617 3360 plusieurs
638 3314 816 3361 depeehes
838 3313 1162 3361 contemporaines,
1183 3316 1223 3359 (t.
1247 3313 1292 3357 ΙΙ,
1313 3324 1348 3360 p.
1370 3312 1452 3360 364)
1472 3324 1563 3360 pour
1583 3314 1668 3351 faire
1696 3316 1810 3350 naitre
1830 3313 1942 3350 Cesar
1953 3324 2000 3350 au
2019 3312 2112 3349 mois

356 3372 479 3407 d'avril
505 3374 604 3408 1476.
623 3373 673 3408 M.
703 3374 747 3409 de
766 3373 937 3420 l'Epinois
958 3384 979 3408 a
999 3375 1137 3408 montre
1161 3372 1214 3408 les
1235 3371 1425 3407 difficultes
1444 3383 1514 3419 que
1532 3373 1777 3419 presentaient
1803 3383 1861 3408 ees
1880 3372 1976 3410 deux
1995 3371 2115 3408 dates.

356 3429 447 3477 Voy.
471 3431 595 3466 Revue
614 3433 679 3466 des
698 3432 897 3475 Questz'ons
916 3432 1162 3477 historiques,
1182 3430 1283 3475 1881,
1305 3430 1358 3465 Le
1376 3431 1483 3476 Pape
1500 3431 1723 3467 Alexandre
1745 3431 1812 3475 VI,
1834 3441 1926 3478 page
1944 3429 2027 3467 372.
