2262 3958
388 451 438 532 J
445 448 843 532 OHANN
849 450 886 530 I
897 448 951 530 S
1022 447 1480 529 BURGHA
1493 446 1693 527 RDI

557 668 765 702 MAGISTRI
789 668 1139 702 CEREMONIARUM
1163 668 1523 702 APOSTOLICARUM

126 796 836 954 COMMENTARH
901 846 1256 949 RERUM
1322 846 1959 952 URRANARUM

304 1103 436 1151 SUB
481 1102 946 1148 PONTIFICATU
987 1101 1391 1148 INNOCENTII
1427 1101 1554 1149 VIII
1594 1101 1766 1147 PAPE

579 1290 638 1326 AB
664 1288 789 1326 ANNO
816 1287 907 1325 1483
935 1287 1087 1330 USQUE
1110 1288 1173 1324 AD
1199 1288 1363 1325 ANNUM
1392 1288 1497 1324 1492.

208 1892 328 1940 Cum
363 1889 755 1939 ceremoniarum
788 1887 1022 1937 clericum
1053 1886 1317 1951 plurimum
1345 1886 1601 1936 conveniat
1629 1887 1691 1936 ad
1720 1887 1936 1953 singulos

142 1991 252 2025 esse
282 1975 543 2034 intentum,
576 1989 667 2038 ego
696 1973 944 2022 Johannes
965 1971 1274 2020 Burchardus
1294 1971 1376 2038 (1),
1400 1971 1606 2021 clericus
1635 1973 1939 2022 ceremonia—

145 2075 251 2109 rum
277 2058 461 2124 capelle
485 2059 571 2108 SS.
594 2059 653 2107 D.
681 2059 738 2107 N.
762 2072 887 2121 pape
908 2073 986 2106 res
1014 2072 1125 2105 meo
1146 2060 1366 2120 tempore
1398 2059 1559 2121 gestas
1587 2072 1679 2120 que
1710 2057 1771 2105 ad
1800 2073 1939 2107 cere-

142 2143 330 2194 monias
349 2134 594 2208 pertinere
617 2130 922 2199 videbuntur,
956 2140 1103 2189 etiam
1127 2140 1298 2189 saltem
1327 2140 1537 2203 quedam
1559 2142 1713 2200 extra,
1735 2139 1938 2188 inferius

145 2227 410 2286 annotabO,
445 2225 710 2275 ut'facih'us
741 2225 801 2274 de
829 2224 1093 2273 commisso
1115 2224 1232 2272 mihi
1266 2224 1428 2273 officio
1458 2223 1698 2273 rationem
1731 2224 1938 2274 reddere

144 2310 328 2376 possim
350 2308 433 2376 (2).
511 2326 538 2347 ‘a

208 2358 658 2452 MCCGCLffin,
691 2391 770 2441 die
795 2391 1040 2441 dominica
1067 2395 1239 2455 quarta
1265 2391 1518 2453 adventuS,
1544 2395 1600 2440 21
1636 2393 1818 2443 mensis
1852 2393 1938 2444 de-

151 2476 380 2538 cembriS‚
399 2476 523 2526 festo
546 2492 585 2525 s,
606 2476 793 2525 Thome
815 2475 1041 2541 apostoli,
1062 2480 1288 2541 receptus
1309 2476 1378 2525 fui
1394 2476 1446 2525 in
1466 2476 1701 2526 clericum
1723 2493 1942 2528 ceremo-

193 2628 228 2666 1.
258 2627 332 2664 Sur
351 2626 626 2676 l'orthographe
647 2627 691 2664 de
711 2639 752 2664 ce
771 2638 871 2673 nom,
892 2638 976 2676 voy.
993 2625 1029 2664 la
1048 2626 1174 2664 Notice
1186 2625 1468 2676 biographique,
1487 2629 1516 2664 t.
1538 2626 1590 2663 III
1611 2627 1656 2664 de
1676 2630 1769 2664 cette
1789 2628 1938 2666 edition.

192 2690 229 2726 2.
258 2687 290 2725 Il
308 2690 447 2725 ressort
467 2687 532 2724 des
551 2686 696 2736 paroles
717 2688 761 2724 de
782 2687 973 2724 Burchard
993 2686 1079 2736 qu’il
1100 2686 1264 2724 n’ecrivit
1283 2699 1331 2723 un
1347 2686 1495 2735 journal
1521 2699 1591 2736 que
1613 2699 1708 2736 pour
1732 2699 1799 2725 son
1825 2688 1940 2726 utilite

149 2747 377 2798 particuliere
397 2750 433 2784 et
452 2758 527 2784 non
546 2758 612 2795 par
643 2746 736 2783 suite
760 2747 869 2784 d'une
892 2746 1092 2795 obligation
1119 2747 1164 2784 de
1185 2758 1227 2784 sa
1255 2746 1404 2795 charge.
1437 2747 1486 2784 Ce
1518 2758 1563 2783 ne
1589 2747 1645 2784 fut
1664 2759 1735 2796 que
1756 2747 1839 2797 plus
1858 2749 1941 2785 tard

148 2819 221 2856 que
239 2807 272 2844 le
291 2809 422 2844 maitre
441 2807 506 2844 des
527 2806 749 2844 ceremonies
781 2807 826 2843 de
854 2806 890 2843 la
914 2806 1079 2855 chapelle
1111 2805 1241 2856 papale
1272 2806 1327 2843 fut
1356 2810 1444 2844 tenu
1475 2809 1498 2843 ὲ,
1525 2806 1748 2856 enregistrer
1774 2806 1828 2844 les
1856 2807 1940 2844 faits

147 2866 286 2904 relatifs
316 2857 338 2903 ἃ
358 2878 419 2904 ses
438 2866 632 2904 fonctions.
661 2866 767 2903 Paris
793 2867 838 2903 de
862 2865 1022 2912 Grassis,
1046 2866 1211 2915 eollegue
1234 2866 1279 2903 de
1299 2867 1488 2904 Burchard
1513 2878 1559 2904 en
1581 2867 1686 2912 1504,
1709 2870 1758 2914 et,
1780 2869 1886 2915 apres
1906 2867 1942 2905 la

146 2930 242 2964 mort
263 2927 309 2964 de
332 2925 486 2971 celui-ei,
510 2937 577 2963 son
604 2938 832 2972 successeur,
865 2926 898 2964 le
918 2926 1059 2963 declare
1079 2938 1125 2963 en
1150 2938 1211 2963 ces
1234 2930 1368 2964 termes
1388 2927 1570 2975 (Paridis
1599 2928 1648 2963 de
1667 2927 1823 2963 Grassz's
1842 2928 1941 2963 Dia-

149 2989 270 3032 rium‚
299 2986 342 3024 B.
370 2985 402 3022 N
410 3015 432 3032 .‚
460 2997 550 3023 mss.
581 2985 660 3031 lat„
689 2986 795 3032 5164,
822 2986 884 3023 fos.
914 2987 948 3032 1,
975 2987 1094 3033 verso)
1125 2997 1134 3023 ε
1161 2988 1354 3033 Mayister
1379 2988 1689 3023 ceremoniarum
1716 2993 1868 3023 tenetur
1897 2989 1940 3023 in

147 3048 308 3094 scriptis
329 3047 506 3092 redigere
525 3049 658 3082 omnia
677 3058 748 3094 que
773 3048 817 3082 in
836 3048 919 3082 dies
938 3053 1117 3093 ayuntur
1137 3049 1181 3082 in
1201 3049 1347 3095 officio,
1379 3050 1415 3084 et
1433 3047 1516 3096 plus
1536 3046 1623 3092 loin,
1644 3046 1704 3083 fol.
1722 3047 1744 3083 4
1767 3058 1776 3084 2
1799 3061 1818 3080 «
1839 3046 1941 3085 Licet

153 3111 349 3155 antequam
376 3105 414 3142 in
443 3106 603 3143 officium
632 3118 701 3155 ego
732 3106 924 3155 ingressus
955 3106 1098 3153 fuerim,
1131 3110 1293 3144 oratores
1324 3107 1422 3156 regis
1452 3107 1585 3156 Anglie
1616 3106 1751 3143 Urbem
1781 3106 1941 3155 ingressi

156 3165 305 3208 fuerint,
320 3172 356 3201 et
375 3167 432 3201 sic
452 3167 500 3202 de
518 3167 590 3202 Ιιοσ
602 3175 692 3203 actu
710 3179 790 3204 non
807 3167 979 3203 deberem
1004 3168 1182 3216 aliquam
1203 3174 1338 3203 notam
1357 3170 1489 3215 facere
1507 3179 1596 3204 cum
1616 3168 1664 3203 de
1688 3167 1758 3202 ilco
1778 3174 1940 3215 roqatus

154 3237 236 3262 non
257 3227 407 3272 fuerim
429 3228 532 3262 sicut
552 3229 712 3274 quisque
725 3239 772 3263 ex
788 3228 940 3263 duobus
958 3229 1163 3273 magistris
1180 3228 1287 3272 solet,
1309 3231 1491 3264 tamem...
1515 3242 1534 3260 »

202 3284 252 3322 Ce
273 3284 336 3332 qui
359 3285 566 3323 semblerait
584 3287 777 3324 confirmer
800 3291 894 3325 cette
920 3287 1081 3336 opinion,
1108 3287 1197 3324 c'est
1224 3287 1335 3335 qu’on
1363 3299 1409 3323 ne
1435 3288 1582 3324 connait
1605 3298 1673 3336 pas
1693 3287 1738 3324 de
1753 3287 1938 3336 journaux

155 3347 222 3382 des
237 3344 518 3394 predecesseurs
533 3347 578 3383 de
599 3346 787 3384 Burchard
804 3360 812 3393 ;
833 3359 880 3384 au
903 3347 1095 3393 contraire,
1118 3359 1166 3384 on
1190 3347 1347 3396 possede
1376 3347 1468 3383 dans
1488 3346 1567 3383 leur
1585 3347 1690 3384 ordre
1709 3347 1867 3396 regulier
1885 3347 1939 3385 les

161 3406 347 3456 journaux
374 3404 418 3440 de
445 3416 504 3442 ses
530 3419 777 3454 successeurs,
800 3419 939 3445 comme
965 3419 1011 3444 on
1031 3411 1119 3455 peut
1143 3407 1175 3443 le
1201 3406 1278 3443 voir
1302 3419 1368 3455 par
1391 3406 1444 3443 les
1471 3406 1637 3445 citations
1662 3408 1869 3457 frequentes
1894 3409 1939 3446 de

342 3493 376 3518 Τ.
404 3495 428 3518 1.
1725 3487 1742 3524 1
