2262 3958
126 300 343 345 [Aout1484]
572 297 741 336 RERUM
774 295 1080 336 URBANARUM
1115 294 1467 334 COMMENTARII.
1866 303 1913 338 79

125 403 427 470 reparatione
469 401 529 450 ab
566 401 696 450 intus
725 400 930 463 indigen
965 403 1013 449 et
1040 400 1147 464 ejus
1180 399 1288 450 aule
1318 399 1611 450 anticamere
1652 404 1699 449 et
1719 417 1912 452 camere

124 503 212 555 pro
232 487 461 554 pontifice
480 486 652 551 pannis
681 486 739 536 de
762 485 917 534 rascia
937 498 1073 532 more
1108 484 1248 533 solito
1278 484 1563 534 ordinentur
1586 487 1634 532 et
1656 490 1907 547 ornentur,

125 588 237 624 cum
257 571 452 632 tabulis,
476 571 719 628 fenest1¹iS‚
745 569 941 618 sedibus
963 572 1009 617 et
1031 567 1271 616 scabellis,

191 661 428 709 Parentur
475 657 621 706 etiam
662 654 842 704 ibidem
887 667 1059 701 omnes
1107 668 1299 701 camere
1339 654 1684 707 canonicorum
1736 661 1785 705 et
1822 655 1916 707 alia

125 741 323 808 quidem
344 741 601 792 commode
624 755 709 805 pro
726 737 918 787 RRmis.
942 739 1042 785 DD.
1069 736 1393 785 cardinalibus
1416 743 1463 787 et
1481 739 1692 803 prelatis.

190 829 446 893 Aptentur‚
492 825 820 876 reformentur
859 838 946 871 seu
999 826 1284 886 reparentur
1323 822 1503 871 ibidem
1545 824 1708 873 omnia
1747 826 1922 876 solaria

128 910 348 960 aularum
381 913 429 959 et
466 922 771 957 camerarum
806 907 953 970 pape,
998 906 1120 953 etin
1164 906 1268 970 ejus
1302 906 1420 955 fiant
1447 907 1636 967 lectice,
1681 925 1911 973 scamma,

128 1010 296 1046 mense
318 1000 366 1043 et
386 993 478 1042 alia
500 992 792 1042 necessaria.

193 1082 263 1131 De
278 1078 607 1130 credentiariis
632 1080 758 1143 Pape
779 1093 789 1126 :

191 1167 371 1215 Parent
403 1179 549 1213 unam
583 1162 884 1214 credentiam
918 1178 947 1211 a
981 1162 1168 1228 capella
1197 1178 1236 1211 S.
1273 1161 1483 1229 Georgii,
1521 1162 1663 1212 aliam
1687 1162 1737 1213 in
1767 1165 1918 1215 choro

125 1250 322 1302 basilice
344 1266 384 1299 s,
410 1249 538 1299 Petri
560 1264 710 1314 prope
730 1247 879 1297 altare
904 1247 1066 1312 majus
1088 1247 1136 1296 in
1152 1263 1304 1297 cornu
1325 1248 1547 1312 epistole.

193 1337 263 1387 De
284 1333 448 1385 officio
471 1333 782 1384 forreriorum
805 1336 930 1399 Pape
954 1353 963 1383 ;

197 1419 417 1470 Habeant
437 1424 652 1484 paratam
671 1419 838 1469 sedem
856 1422 985 1480 Pape
1003 1418 1128 1467 intra
1149 1418 1368 1467 ultimam
1386 1424 1575 1483 portam
1599 1419 1762 1485 palatii
1779 1436 1924 1485 supra

129 1505 283 1556 scalas
301 1521 396 1570 que
417 1521 587 1555 omnes
618 1510 782 1572 portas
811 1504 1027 1569 porticus
1063 1503 1259 1552 basilice
1288 1520 1325 1553 S.
1359 1504 1488 1553 Petri
1523 1504 1734 1570 respicit,
1761 1509 1924 1553 tamen

130 1590 170 1639 si
190 1588 408 1656 pontifex
423 1589 474 1639 in
495 1590 610 1640 sede
629 1593 867 1655 portatur,
891 1587 1066 1654 poterit
1084 1588 1130 1636 in
1156 1588 1341 1637 illamet
1371 1588 1486 1647 sede
1506 1588 1555 1637 in
1571 1605 1667 1653 qua
1686 1594 1923 1654 portatur,

130 1674 311 1724 ibidem
333 1674 504 1725 sedere
522 1690 533 1734 ς

201 1762 379 1809 Parent
413 1757 721 1809 ornatissime
751 1757 988 1824 capellam
1016 1775 1056 1807 s.
1093 1756 1315 1822 Gregorii
1350 1772 1461 1806 cum
1495 1756 1650 1823 palliis
1684 1763 1733 1808 et
1758 1758 1930 1823 pannis

134 1842 362 1893 viridibus
383 1842 434 1893 in
454 1848 598 1904 terra,
631 1859 688 1892 ac
714 1843 882 1892 sedem
912 1846 1043 1908 Pape
1069 1842 1118 1891 in
1146 1858 1242 1907 qua
1278 1857 1442 1890 sacras
1468 1847 1625 1892 vestes
1647 1848 1930 1908 recepturus

137 1933 228 1990 est,
250 1927 394 1994 pallio
415 1928 524 1978 albo
546 1932 721 1977 ornent
751 1943 863 1976 cum
894 1927 993 1976 suis
1021 1926 1244 1976 scabellis
1271 1926 1461 1975 duobus
1493 1926 1606 1975 hinc
1638 1930 1686 1975 et
1711 1927 1823 1977 inde
1844 1943 1931 1993 pro

137 2011 353 2062 diaconis
374 2011 735 2072 assistentibus3
760 2016 933 2076 parent
954 2026 1171 2060 scamma
1192 2010 1290 2075 sive
1309 2010 1491 2060 bancos
1515 2010 1564 2059 in
1592 2011 1718 2060 dicta
1748 2012 1934 2076 capella

139 2111 227 2162 pro
245 2096 438 2146 mimis.
470 2098 572 2145 DD.
598 2094 939 2155 cardinalibuS,
968 2095 1239 2144 oratoribus
1259 2094 1394 2144 laicis
1408 2096 1547 2160 juxta
1570 2095 1719 2144 altare
1753 2112 1782 2144 a
1803 2100 1931 2145 retro

141 2185 191 2230 et
213 2181 453 2247 episcopis
480 2181 821 2230 assissentibus
849 2180 911 2229 ad
937 2180 1181 2229 sinistram
1216 2182 1345 2244 Pape
1390 2185 1437 2228 et
1463 2180 1628 2229 omnia
1657 2180 1933 2232 bancalibus

142 2270 318 2314 ornent
337 2281 475 2334 more
497 2265 662 2325 solit03

208 2349 355 2399 Extra
374 2349 610 2415 capellam
646 2349 913 2414 predictam
935 2365 1151 2399 scamma
1176 2349 1273 2399 sive
1308 2342 1490 2399 bancos
1511 2365 1598 2415 pro
1624 2349 1821 2415 prelatis
1841 2366 1934 2417 que

143 2433 318 2486 similia
351 2434 633 2484 bancalibus
673 2432 971 2497 cooperiant,
1021 2433 1227 2482 chorum
1269 2432 1432 2482 altaris
1475 2433 1672 2483 basilice
1721 2435 1935 2500 predicte

145 2517 364 2568 similiter
379 2523 554 2569 ornent
573 2519 711 2584 paliis
732 2533 787 2566 ac
804 2516 944 2566 sedes
962 2516 1208 2581 pontificis
1228 2516 1409 2566 ibidem
1428 2521 1478 2567 et
1500 2533 1718 2568 scamma
1733 2536 1821 2584 pro
1838 2537 1939 2570 car-

146 2601 386 2652 dinalibus
405 2608 453 2653 et
470 2604 666 2669 prelatis
683 2621 693 2663 ;

211 2684 551 2740 Faldis'torium
571 2695 618 2739 et
640 2688 905 2741 scabellum
921 2705 1033 2740 cum
1060 2688 1251 2739 duobus
1281 2688 1487 2739 cussinis
1515 2690 1779 2751 consuetiS‚
1808 2691 1939 2756 quod

148 2771 210 2820 ad
241 2772 406 2822 omnia
435 2773 544 2827 loca
576 2774 657 2823 ubi
694 2775 912 2840 pontifex
946 2775 1145 2825 habebit
1183 2774 1512 2839 genuflectere
1536 2790 1624 2839 per
1669 2776 1935 2826 servientes

147 2871 395 2905 armorum
416 2872 581 2906 coram
602 2874 661 2907 eo
682 2864 963 2923 portentur;

216 2939 394 2991 Sedem
414 2941 627 3003 bassam,
654 2943 927 3008 pulchram,
951 2942 1244 2992 cameralem
1262 2959 1357 3007 que
1384 2942 1511 2991 inter
1539 2942 1684 2992 altam
1712 2948 1759 2992 et
1790 2943 1938 2993 altare

147 3024 196 3073 in
217 3024 368 3075 choro
391 3042 479 3075 suo
500 3031 719 3092 tempore
742 3028 1008 3078 collocetur
1033 3046 1043 3089 ;

214 3109 508 3174 Suggestum
537 3126 682 3176 supra
708 3112 862 3161 scalas
892 3112 1090 3161 basilice
1119 3129 1157 3161 s.
1185 3114 1311 3162 Petri
1332 3115 1548 3179 predicte
1593 3114 1867 3163 ordinatum
1895 3117 1943 3162 et

151 3192 317 3242 sedem
355 3195 652 3244 eminentem
684 3196 865 3246 ibidem
898 3198 1107 3262 positam
1141 3203 1316 3247 ornent
1353 3199 1509 3262 paliis,
1555 3197 1772 3262 spaleriis
1811 3202 1860 3246 et
1895 3197 1942 3245 in

148 3280 276 3325 terra
293 3278 464 3341 pannis
482 3279 729 3341 viridibuS,
755 3286 801 3330 et
820 3286 992 3346 parent
1009 3281 1105 3330 duo
1119 3281 1331 3330 scabella
1349 3283 1491 3330 solita
1508 3287 1621 3330 ante
1643 3281 1811 3330 sedem
1834 3297 1943 3347 pre-

151 3359 437 3409 dictam.De
470 3361 573 3410 aliis
613 3363 801 3413 duobus
835 3364 1057 3414 scabellis
1100 3364 1214 3413 hinc
1255 3368 1302 3413 et
1342 3365 1452 3414 inde
1489 3380 1576 3429 pro
1620 3365 1945 3415 cardinalibus

152 3444 489 3495 assistentibus
529 3446 644 3511 poni
697 3449 943 3498 consuetis
997 3465 1095 3498 non
1141 3452 1214 3498 est
1258 3463 1436 3512 magna
1482 3464 1627 3510 cura,
1683 3450 1797 3515 quia
1835 3466 1944 3501 car-
