2262 3958
192 290 275 331 [Mai
291 288 381 329 1487]
635 284 802 322 RERUM
837 282 1141 320 URBANARUM
1176 281 1527 320 COMMENTARH.
1908 286 1979 322 259

194 388 507 455 apostolicam
526 387 769 436 associare
786 404 873 452 per
891 403 1063 437 novem
1082 387 1294 451 prelatos
1312 385 1494 451 palatii,
1512 384 1750 444 videlicet,
1765 386 1978 449 quinque

193 472 474 522 assistentes
505 471 587 536 qui
622 471 818 520 fuerunt
846 470 1151 521 Florentinus
1186 474 1233 518 et
1267 467 1564 518 Arelatensis
1599 466 1975 532 archiepiscopi,

192 556 472 610 Aleriensis,
527 554 909 614 Vulteranensis,
963 553 1184 602 Dolensis
1237 552 1453 619 episcopi
1497 573 1506 602 :
1549 567 1648 600 non
1696 551 1979 600 assistentes

193 656 306 689 vero
332 644 559 704 quatuor,
583 638 978 702 archiepiscopus
1007 637 1397 698 Cusentinensis;
1432 635 1787 695 GlandatensiS‚
1811 637 1982 683 Cuma·

194 724 375 785 nensis,
408 722 657 772 Auriensis
692 720 936 785 episcopi;
973 720 1178 768 aliorum
1210 736 1385 769 novem
1431 721 1605 785 singuli
1638 721 1916 770 habuerunt
1955 738 1981 769 a

195 807 403 857 sinistris
423 821 574 856 unum
602 821 662 854 ex
693 803 998 868 supradictis,
1030 805 1083 850 ln
1111 803 1311 851 introitu
1342 804 1615 852 consistorii
1647 809 1694 852 et
1715 805 1819 853 aliis
1839 804 1977 861 locis,

194 891 278 940 ubi
298 890 393 940 duo
414 889 558 938 simul
577 889 647 938 ire
669 903 766 936 non
787 890 1028 951 poterant,
1055 886 1350 951 precedebat
1369 887 1764 951 archiepiscopus
1788 889 1982 937 Floren-

194 959 342 1033 tinus,
366 972 660 1036 sequebatur
675 970 834 1035 ipsum
856 969 1112 1034 episcopus
1133 969 1490 1018 Herfordiensis
1511 986 1520 1029 ;
1554 975 1656 1019 tum
1685 972 1981 1021 Arelatensis

194 1062 243 1107 et
262 1061 373 1122 post
393 1071 506 1106 eum
527 1054 767 1104 secundus
787 1057 950 1102 orator
967 1069 976 1112 ;
1003 1053 1072 1101 sic
1090 1053 1150 1102 de
1172 1053 1293 1102 aliis,

260 1140 586 1192 Permiseram
616 1143 779 1187 autem
818 1137 948 1202 quod
982 1136 1377 1203 archiepiscopus
1406 1139 1790 1199 Cusentinensis‚
1825 1140 1981 1189 affinis

194 1228 280 1276 SS.
306 1227 365 1274 D.
396 1226 477 1284 Ν.,
511 1223 780 1273 secundum
817 1226 1059 1271 oratorem
1093 1221 1388 1282 associaret;
1427 1223 1513 1273 sed
1546 1223 1835 1273 contradixit
1862 1224 1986 1289 epis-

194 1326 348 1375 copus
374 1307 661 1368 Aleriensis;
685 1307 853 1356 dicens
881 1305 930 1354 id
956 1322 1064 1356 esse
1094 1306 1308 1356 officium
1342 1307 1690 1369 assistentium,
1727 1313 1986 1374 propterea

195 1394 477 1444 assistentes
497 1392 763 1458 precedere
785 1390 981 1448 debere,
1005 1394 1052 1439 et
1067 1390 1205 1451 alios,
1224 1391 1303 1455 qui
1319 1391 1381 1441 ob
1397 1392 1641 1442 defectum
1657 1393 1984 1443 assistentium

194 1479 456 1539 venissent,
501 1477 637 1542 sequi
679 1479 822 1541 prout
866 1479 913 1524 et
958 1491 1124 1525 verum
1170 1476 1378 1526 dicebat.
1420 1476 1506 1528 ,Sic
1555 1481 1666 1542 post
1704 1477 1985 1527 assistentes

196 1562 498 1628 supradictos
530 1560 699 1610 habuit
725 1559 938 1625 primum
966 1560 1127 1608 locum
1159 1560 1556 1625 archiepiscopus
1586 1562 1982 1622 Cusentinensis;

196 1646 418 1696 similiter
449 1650 497 1695 et
527 1645 782 1710 episcopus
810 1644 1127 1693 Cumanensis
1154 1649 1265 1709 post
1298 1644 1676 1695 Glandatensem
1699 1645 1845 1705 venit,
1874 1646 1988 1695 licet

197 1734 327 1781 esset
344 1733 509 1779 orator
528 1728 664 1777 ducis
685 1727 964 1787 Mediolani,
995 1728 1107 1792 quia
1135 1728 1312 1792 ipsum,
1341 1745 1439 1777 non
1466 1734 1517 1778 ut
1542 1734 1805 1790 oratorem,
1829 1731 1914 1779 sed
1936 1734 1988 1778 ut

196 1813 480 1878 episcopum
509 1815 697 1860 tantum
729 1811 924 1871 vocavi;
959 1811 1037 1860 alii
1062 1817 1298 1861 venerunt
1329 1829 1416 1862 suo
1451 1813 1639 1873 ordine,
1669 1818 1716 1863 et
1738 1814 1988 1864 observata

196 1901 308 1947 sunt
326 1895 490 1946 omnia
507 1911 644 1945 more
667 1900 930 1945 consueto:
948 1896 1220 1945 orationem
1239 1896 1354 1946 fecit
1373 1897 1660 1947 Guillelmus
1676 1898 1810 1963 prior
1827 1899 1988 1948 eccle-

195 1981 267 2032 sie
287 1979 664 2040 cantuariensis„
683 1979 879 2044 quintus
897 1974 947 2028 in
968 1980 1137 2030 ordine
1159 1985 1407 2030 oratorum
1427 1999 1437 2043 ;
1464 1988 1807 2047 presentarunt
1824 1983 1988 2032 literas

195 2070 246 2116 et
279 2065 562 2116 mandatum
597 2063 786 2128 regium
835 2063 924 2112 sub
960 2063 1192 2128 pendenti
1228 2064 1415 2129 sigillo;
1456 2065 1597 2115 litere
1627 2066 1778 2131 prius,
1813 2066 1990 2115 deinde

195 2149 478 2200 mandatum
498 2148 679 2198 lectum
701 2148 807 2196 fuit.

261 2233 403 2284 Feria
423 2237 576 2294 sexta,
606 2236 662 2281 18
685 2231 798 2280 maii
819 2232 868 2280 in
888 2247 1049 2292 mane,
1072 2232 1120 2279 in
1141 2232 1298 2296 prima
1320 2233 1429 2282 aula
1449 2233 1611 2299 palatii
1631 2234 1717 2283 suit
1739 2233 1988 2299 publicum

196 2317 542 2368 consistorium
561 2315 610 2364 in
631 2332 727 2380 quo
749 2319 847 2366 tres
870 2321 1088 2366 oratores
1106 2316 1417 2366 illustrissimi
1440 2319 1662 2368 Uratislai
1683 2319 1812 2384 regis
1828 2320 1989 2368 Bohe-

195 2402 292 2452 mie
307 2401 623 2468 prestiterunt
639 2400 968 2450 obedientiam
990 2401 1180 2449 solitam
1195 2406 1243 2451 et
1261 2402 1474 2451 debitam
1489 2407 1631 2467 prout
1649 2409 1988 2453 antecessores

196 2487 269 2536 sui
294 2485 531 2536 Bohemie
553 2500 694 2550 reges
718 2485 1057 2550 prestiterant:
1078 2486 1302 2535 associati
1333 2487 1531 2538 fuerunt
1551 2504 1578 2537 a
1601 2488 1771 2538 decem
1789 2490 1987 2554 prelatis

198 2570 537 2621 assistentibus
568 2585 706 2620 more
736 2573 997 2628 consueto;
1032 2575 1375 2636 presentarunt
1402 2572 1566 2622 literas
1598 2573 1756 2638 regias
1785 2574 1989 2622 creden-

198 2654 336 2704 tiales
355 2658 404 2704 et
422 2655 706 2704 mandatum
740 2654 931 2720 regium
959 2655 1048 2703 sub
1069 2656 1301 2720 pendenti
1334 2656 1510 2722 sigillo,
1532 2673 1626 2722 que
1649 2657 1773 2707 lecte
1795 2658 1990 2708 fuerunt

201 2737 578 2804 publice,primo
595 2738 754 2799 litere,
768 2738 943 2788 deinde
959 2740 1242 2790 mandatum
1262 2758 1271 2790 :
1292 2741 1564 2791 orationem
1584 2742 1699 2792 fecit
1718 2745 1773 2791 D.
1791 2744 1983 2802 Paulus,

202 2820 372 2872 tertius
414 2825 593 2882 orator,
625 2822 707 2887 qui
740 2823 1027 2886 capuccium
1060 2823 1105 2872 in
1145 2828 1473 2875 transversum
1513 2827 1719 2891 portavit
1759 2832 1987 2891 tanquam

203 2905 527 2956 subdiaconus
551 2906 864 2971 apostolicuS‚
889 2923 949 2956 ex
967 2907 1216 2974 privilegio
1241 2910 1447 2959 ecclesie
1472 2911 1728 2975 Pragensis
1752 2927 1987 2960 concesso

202 3007 231 3041 a
252 2989 399 3040 sedea
414 2990 667 3056 postolica,
693 2992 832 3057 eujus
862 2991 1067 3042 ecclesie
1093 2993 1367 3058 prepositus
1390 2995 1613 3044 omnibus
1631 2995 1988 3060 pontificalibus

202 3074 424 3140 insigniis
446 3075 515 3124 uti
535 3079 723 3140 potest3
764 3076 890 3126 sacta
922 3077 1240 3142 responsione
1272 3094 1360 3144 per
1385 3081 1469 3128 SS.
1503 3081 1560 3128 D.
1593 3082 1648 3128 N.
1676 3079 1853 3128 oratori
1875 3096 1988 3144 pre·

205 3159 353 3218 dicto,
376 3157 507 3208 idem
530 3164 693 3208 orator
712 3164 1009 3225 protestatus
1033 3166 1123 3222 est,
1149 3162 1269 3210 citra
1296 3165 1461 3211 tamen
1482 3163 1802 3228 prejudicium
1826 3164 1990 3227 cujus-

205 3258 432 3307 cumque,
457 3243 587 3306 quod
610 3243 837 3293 electioni
866 3245 1053 3294 romani
1071 3246 1332 3311 pontificis,
1366 3247 1704 3295 serenissimus
1727 3262 1811 3296 rex
1834 3247 1992 3296 Bohe-

204 3327 301 3376 mie
337 3325 574 3376 interesse
613 3327 813 3378 deberet
848 3334 896 3378 et
936 3334 1100 3380 tamen
1133 3346 1221 3395 pro
1257 3330 1493 3381 electione
1534 3334 1638 3380 Ser.
1679 3331 1990 3380 Maximiliani

206 3411 535 3460 Romanorum
555 3411 683 3476 regis
704 3428 802 3462 non
820 3413 990 3464 fuisset
1010 3419 1205 3466 vocatus
1225 3430 1235 3475 3
1263 3415 1564 3480 supplicabat
1581 3421 1841 3481 propterea
1861 3416 1990 3481 quod
