2262 3958
0 3673 7 3685 r
0 3655 2 3659 *
0 3519 9 3593 -ννν
0 3447 14 3508 ’νγυ-
0 3402 11 3438 -ῑ
0 3371 8 3383 ⁴.-

913 280 1186 320 APPENDICE.
1868 284 1939 320 527

150 383 422 434 blicherassi‚
444 382 520 424 un’
536 383 647 424 altra
672 382 805 434 volta,
827 383 986 436 perche
1006 385 1061 426 ha
1081 396 1106 426 a
1126 387 1243 426 stare
1258 387 1441 426 secreto.
1461 386 1511 426 Et
1531 385 1639 426 hora
1670 386 1729 426 mi
1752 385 1936 427 doverra

152 459 333 491 scusare
360 446 440 490 che
469 447 727 490 m’haccessi
761 449 1018 500 hiasimat03
1042 448 1199 502 perche
1230 450 1270 491 io
1291 461 1380 496 non
1413 450 1470 491 ho
1494 462 1519 491 a
1541 450 1729 492 scrivere
1758 451 1799 492 le
1835 463 1936 492 cose

153 514 231 556 che
264 524 355 555 non
375 514 412 555 si
435 514 583 556 hanno
609 527 634 556 a
663 515 771 564 dire,
797 518 840 556 et
875 515 954 556 che
983 525 1177 567 possono
1210 515 1302 556 fare
1322 515 1493 557 oharico
1527 519 1572 557 et
1599 516 1748 558 danno
1781 517 1826 557 in
1858 529 1938 569 pu-

151 579 265 620 blico
303 582 347 620 et
381 580 427 621 in
459 580 631 632 privato
666 592 800 622 sanza
824 581 946 621 utile.
982 581 1341 634 Ingegnerommi
1371 580 1463 622 fare
1495 581 1655 623 l'uficio
1687 583 1774 624 mio
1805 586 1938 624 13113-

149 648 299 686 133313
323 657 446 688 come
467 657 577 687 sono
598 649 859 696 costumato,
885 649 927 686 et
949 649 1116 687 temere
1140 646 1280 698 pocho
1305 646 1417 688 dove
1438 658 1527 688 non
1559 648 1616 689 ho
1638 649 1778 700 colpo.
1802 650 1932 690 Mess.

154 712 341 753 Cesareo
361 709 386 752 3
405 712 566 764 partito
587 724 667 764 per
684 711 918 764 Pitigliano
938 722 1018 762 per
1047 712 1250 753 advisare
1277 712 1370 752 Pier
1384 712 1571 764 Filippo;
1596 716 1638 754 et
1658 714 1688 754 il
1708 714 1936 755 Cardinale

153 777 312 819 Orsino
329 777 370 819 vi
387 777 444 819 ha
464 777 673 819 mandato
695 779 853 830 questa
873 777 1056 818 mattina
1073 788 1153 829 per
1172 776 1264 818 fare
1282 777 1312 817 il
1333 777 1577 818 medesimo
1598 802 1650 807 —
1667 779 1832 820 valete.

968 892 988 914 «
1003 879 1211 919 JORANNES
1230 879 1522 928 LANFREDINUS‚
1545 879 1714 920 Orator.
1739 895 1759 917 »
1779 866 1782 869 ’

205 997 336 1049 ((1138.
357 997 408 1038 X.
431 996 542 1038 Dist.
563 996 604 1038 5.
627 997 677 1039 N.
700 997 765 1038 15.
786 997 885 1051 Agli
906 1000 996 1039 otto
1019 998 1062 1040 di
1088 998 1291 1050 Pratica.)

1021 1249 1076 1294 33

209 1398 368 1442 Entree
383 1399 437 1441 de
458 1399 591 1441 Zizim
611 1398 637 1441 a
655 1402 806 1442 Rome.
826 1399 1012 1440 Portrait
1030 1399 1090 1440 du
1110 1398 1277 1439 PrInce.
1297 1401 1351 1440 Le
1369 1398 1434 1439 roi
1456 1398 1510 1440 de
1528 1399 1689 1451 Naples
1712 1399 1893 1441 cherche
1913 1399 1937 1441 a

154 1466 198 1508 le
213 1465 323 1508 faire
341 1465 595 1508 assassiner
612 1477 690 1518 par
709 1477 769 1507 un
792 1465 947 1511 sicaire
975 1465 1066 1519 qui,
1088 1465 1173 1506 mis
1194 1463 1218 1506 a
1236 1466 1278 1506 13
1297 1468 1480 1515 torture,
1500 1476 1641 1507 avoue
1660 1476 1741 1506 son
1763 1466 1940 1507 dessein

156 1531 369 1574 criminel.

213 1651 236 1674 «
254 1635 321 1678 Ad
342 1634 642 1678 llluminatum
663 1634 960 1677 Abbatianum
985 1634 1328 1676 concanonicum
1349 1634 1403 1676 de
1424 1638 1578 1676 mutua
1600 1637 1939 1687 consuetudine,
2008 1640 2010 1642 ’

158 1702 302 1756 deque
318 1701 542 1755 imgressu
557 1700 603 1742 in
622 1701 780 1743 urbem
802 1699 949 1743 1131118
970 1701 1251 1753 Imperatoris
1269 1703 1509 1752 turcorum,
1535 1702 1737 1755 ejusdem
1752 1703 1943 1745 Matthaei

158 1767 296 1821 Epist.
320 1768 454 1809 XXX.

281 1899 415 1942 ..Sed
440 1910 498 1940 ne
526 1898 658 1940 modo
677 1898 810 1939 etiam
826 1901 869 1939 te
889 1898 1024 1939 lateat
1044 1909 1145 1950 quae
1166 1897 1211 1938 in
1232 1899 1342 1939 urbe
1359 1903 1599 1952 geruntur3
1619 1901 1702 1943 hoc
1720 1901 1790 1943 vel
1804 1913 1943 1943 unum

159 1916 335 2008 videtur
351 1964 460 2006 mihi
470 1964 651 2017 cogmtu
670 1963 855 2017 dignum
883 1963 1030 2005 fratris
1052 1964 1331 2016 imperatoris
1362 1966 1514 2018 magni
1542 1969 1766 2007 turcorum
1805 1978 1944 2009 acces-

163 2042 257 2083 sus,
275 2042 364 2085 qua
385 2029 573 2072 solemni
590 2040 751 2082 pompa
776 2032 981 2080 acceptus
1009 2031 1077 2069 est
1097 2031 1189 2070 tota
1218 2030 1330 2071 urbe
1359 2034 1601 2083 spectante.
1625 2035 1809 2075 Incessit
1839 2046 1943 2076 nam

162 2109 244 2151 per
269 2097 560 2150 speciosiores
589 2095 684 2137 vias
712 2095 877 2149 insigni
911 2095 1112 2136 insidens
1151 2107 1282 2148 equo,
1305 2097 1568 2150 mediusque
1600 2098 1715 2140 inter
1737 2101 1943 2141 Frances-

164 2165 339 2207 chetum
370 2165 486 2216 Pape
523 2161 665 2203 filium
695 2164 738 2202 et
760 2160 944 2214 grandis
970 2161 1171 2214 magistri
1211 2162 1481 2203 Rhodiorum
1518 2164 1715 2216 equitum
1736 2165 1942 2215 fratrem;

164 2231 355 2284 denique
375 2229 420 2270 13
437 2239 611 2270 sacrum
627 2227 841 2268 Palatium
861 2226 1059 2267 invectus
1081 2229 1163 2277 est,
1191 2227 1340 2279 ibique
1360 2227 1601 2270 honorifice
1628 2229 1823 2271 habitus.
1847 2232 1942 2272 Non

162 2297 328 2338 multos
348 2298 450 2348 post
463 2293 558 2336 dies
573 2292 799 2345 publicum
813 2291 859 2331 in
877 2291 1190 2332 consistorium
1211 2291 1428 2334 deductus
1452 2293 1509 2334 ad
1528 2294 1750 2336 Pontificis
1770 2296 1945 2337 Maximi

163 2364 450 2415 conspectum
469 2359 707 2411 conspicuo
727 2357 773 2398 in
795 2357 953 2398 throno
970 2357 1165 2398 sedentis
1188 2370 1198 2398 :
1219 2369 1365 2410 neque
1383 2359 1498 2399 flecti
1518 2363 1621 2400 ante
1652 2360 1778 2401 illum
1800 2373 1945 2414 neque

163 2427 411 2470 deosculari
431 2438 485 2468 ex
501 2436 625 2467 more
644 2423 882 2477 vestigium
902 2423 1043 2475 utqui
1074 2427 1276 2475 praesunt
1299 2425 1436 2465 sacris
1457 2425 1615 2467 ritibus
1636 2429 1679 2467 et
1695 2427 1945 2469 cerimoniis

162 2495 288 2536 illum
304 2493 548 2535 edocebant
572 2503 581 2531 ε
603 2490 693 2532 3110
715 2500 879 2542 passus
918 2492 987 2530 est
1024 2489 1157 2531 modo
1175 2501 1185 2539 ;
1216 2492 1265 2530 ut
1293 2489 1443 2531 dolore
1465 2494 1508 2531 et
1527 2491 1833 2545 indignatione
1851 2505 1948 2546 per-

162 2560 272 2603 moti
299 2557 525 2601 christiani
548 2557 623 2610 qui
648 2555 897 2608 spectaculo
918 2555 1120 2605 aderant,
1150 2555 1351 2596 rabidam
1375 2567 1530 2616 omnes
1557 2558 1692 2599 bilem
1714 2558 1947 2611 despuma-

163 2627 263 2668 rent
282 2624 383 2667 etin
402 2623 640 2666 alterutros
670 2622 908 2662 fremerent
933 2621 1080 2673 :quod
1109 2632 1199 2662 non
1225 2622 1267 2663 vi
1287 2622 1592 2664 incurvaretur
1610 2636 1635 2665 3
1659 2625 1947 2677 stipatoribus

164 2690 347 2732 armatis
384 2691 462 2730 aut
498 2687 637 2729 barba
669 2690 919 2739 raptaretur
955 2686 1011 2728 ad
1045 2698 1194 2728 sacros
1229 2686 1450 2729 Pontificis
1489 2689 1648 2740 pedes,
1674 2702 1730 2731 ne
1766 2691 1947 2743 impune

165 2755 449 2797 christianam
477 2753 739 2806 dignitatem
761 2755 804 2794 et
825 2752 1017 2794 divinam
1044 2764 1139 2794 rem
1159 2756 1357 2795 nostram
1379 2757 1679 2796 contemneret
1702 2756 1739 2796 is
1764 2756 1840 2808 qui
1862 2758 1945 2798 sub

166 2824 292 2875 patre
309 2820 559 2862 Mahumeto
580 2821 752 2859 tantum
773 2818 891 2859 beati
918 2818 1150 2871 sanguinis
1180 2820 1321 2860 nostri
1350 2819 1593 2871 profuderit
1620 2832 1780 2862 saevus
1809 2824 1851 2862 et
1871 2822 1947 2861 im-

167 2887 284 2940 pius,
321 2888 537 2939 quantum
558 2884 687 2937 quasi
706 2883 851 2924 lacum
872 2882 1064 2924 efficeret
1088 2887 1165 2925 aut
1188 2888 1406 2937 quantum
1423 2886 1494 2927 vix
1509 2886 1629 2927 rivus
1648 2890 1862 2939 egereret.
1883 2889 1945 2928 De

167 2952 287 2994 illius
302 2951 522 2993 adventus
542 2961 675 2991 causa
696 2949 833 2990 multa
853 2949 1062 3001 variaque
1079 2948 1336 2991 fabulantur
1349 2951 1484 2992 ociosi
1502 2964 1511 2991 :
1534 2952 1612 2993 sed
1629 2952 1826 2993 omnium
1847 2953 1944 2994 vul-

167 3018 398 3072 gatissima
415 3017 510 3057 haec
526 3015 674 3068 opinio
695 3018 761 3056 est
775 3018 824 3055 ut
840 3014 1039 3055 tradatur
1052 3015 1232 3057 Sultano
1245 3017 1486 3058 armandus
1501 3017 1546 3058 in
1559 3018 1751 3058 Fratrem
1763 3029 1947 3070 regnan-

167 3086 274 3134 tem,
307 3083 384 3135 qui
404 3084 592 3135 Legatos
621 3083 806 3122 Romam
836 3080 1090 3132 nuperrime
1121 3081 1240 3122 misit
1273 3082 1398 3123 illum
1420 3083 1724 3135 deposcentes.
1759 3084 1837 3124 Pro
1857 3095 1945 3136 quo

169 3148 401 3191 Sultanum
419 3148 542 3189 aiunt
561 3158 771 3201 magnam
790 3146 879 3188 vim
895 3146 991 3187 auri
1013 3147 1304 3199 Sanctamque
1326 3147 1676 3189 llierosolumam
1694 3161 1834 3202 papae
1855 3150 1945 3202 pol-

167 3213 310 3263 liceri3
334 3217 377 3254 et
397 3225 476 3266 per
494 3212 673 3254 fratrem
689 3213 725 3254 si
742 3213 1054 3264 imperatorem
1069 3213 1310 3253 Turcorum
1322 3213 1485 3263 vicerit,
1503 3213 1688 3265 Imperio
1706 3215 1945 3268 regnisque

167 3280 286 3321 illius
304 3279 464 3321 dev1cti
481 3279 646 3331 potitus
664 3278 810 3329 fuerit,
837 3289 886 3318 se
910 3277 1056 3318 omnia
1076 3277 1301 3318 Cristianis
1323 3281 1473 3330 erepta
1495 3279 1692 3330 pristinis
1710 3280 1838 3322 bellis
1857 3293 1944 3323 res-

167 3346 366 3387 titurum.
388 3346 604 3397 Aspectus
634 3344 813 3386 barbari
847 3343 968 3384 dirus
999 3346 1042 3384 et
1077 3343 1366 3394 truculentus,
1398 3355 1558 3396 corpus
1578 3356 1884 3399 compressum
1902 3350 1946 3389 et

167 3415 382 3465 validum,
405 3413 560 3456 Cervix
580 3412 685 3463 lata,
707 3412 861 3454 Pectus
888 3415 1063 3454 vastum
1096 3415 1139 3454 et
1158 3413 1447 3465 proeminens,
1482 3414 1657 3455 Statura
1677 3412 1792 3454 ultra
1812 3424 1946 3466 quam
