2262 3958
917 297 1200 337 APPENDICE.
1877 298 1947 339 543

469 434 484 456 ι
507 416 601 459 Rex
624 417 882 460 Tkureorum
909 425 1112 459 oratorem
1133 417 1190 459 ad
1208 417 1464 471 Maqtstmm
1483 421 1628 461 φηίιιίι.

212 536 232 559 ι
251 519 454 564 Confecta
474 521 635 563 celebri
657 530 785 572 pace,
801 521 936 575 legati
950 521 1210 563 muneribus
1230 521 1364 575 regiis
1386 521 1552 570 donati,
1571 513 1699 564 erarii
1727 524 1941 577 principis

157 589 354 640 sumptu,
383 587 586 630 Rhodum
617 586 779 628 hilares
805 590 1088 628 revertuntur
1109 598 1118 628 :
1142 587 1388 640 comesque
1414 587 1497 629 fuit
1522 589 1672 642 regius
1694 593 1844 630 orator
1877 592 1945 632 vir

157 657 406 707 praestans,
442 652 733 706 preconisque
763 663 868 693 voce
889 652 933 692 in
958 652 1062 693 Asia
1091 655 1134 692 et
1163 653 1301 694 rhodo
1324 652 1479 694 foedus
1501 654 1651 707 magni
1680 655 1833 707 populi
1858 655 1942 697 fre-

156 719 339 772 quentia
360 718 583 772 (tubarum
603 718 804 760 clausore
821 716 1091 770 resonante),
1114 718 1445 771 promulgatum
1466 723 1548 759 est.
1570 721 1733 773 Regius
1754 721 1931 774 legatus

18 815 26 823 .
105 839 108 841 Α
159 785 427 839 magistrum
447 784 605 826 adiens
625 783 776 826 literas
795 783 988 834 exhibet,
1010 792 1198 834 quarum
1220 784 1358 824 series
1376 783 1472 824 fuit.

712 925 729 944 ι
750 909 891 948 Licere
908 908 1033 961 Reqis
1049 907 1108 948 ad
1123 906 1391 960 Maqiscrum.

213 1026 237 1053 ιι
257 1013 349 1055 Rex
377 1011 587 1065 Bagyazit
606 1009 968 1052 othummanidcs
1001 1010 1120 1051 Chan
1141 1023 1151 1051 :
1172 1011 1276 1052 Asie
1296 1013 1339 1052 et
1359 1010 1510 1052 Grecie
1536 1011 1778 1063 imperator
1802 1013 1939 1054 invic-

159 1081 247 1120 tus.
267 1079 312 1120 S.
330 1079 382 1120 D.
398 1077 765 1130 splendidissimo
785 1076 969 1129 principi
990 1077 1117 1118 Petro
1134 1077 1403 1118 Daubusson
1421 1076 1692 1119 Rhodiorum
1709 1079 1940 1132 magistro.

158 1143 432 1186 Presentium
451 1143 579 1185 latori
603 1141 694 1184 fido
720 1142 900 1195 quidem
917 1143 1078 1183 nuncio
1098 1142 1236 1184 ardua
1253 1142 1445 1195 quedam
1468 1143 1632 1184 credidi
1647 1148 1722 1185 tue
1737 1145 1945 1197 probitati

155 1209 426 1261 nuncianda.
455 1210 549 1261 Que
569 1209 770 1250 dicturus
790 1211 859 1250 est
885 1220 940 1249 ex
969 1207 1134 1249 intimis
1152 1208 1394 1261 precordiis
1416 1213 1612 1251 manant.
1643 1210 1810 1252 Audias
1842 1222 1944 1251 eum

152 1286 204 1317 ac
234 1275 274 1318 si
300 1287 371 1317 me
389 1275 584 1318 audires.
620 1276 707 1317 Nec
736 1274 972 1328 postulatis
1000 1275 1311 1327 obtemperare
1345 1286 1541 1325 recuses,
1565 1275 1661 1316 eius
1691 1276 1768 1328 qui
1790 1279 1937 1317 tecum

153 1349 272 1393 equo
301 1338 480 1382 foedere
513 1344 677 1383 etatem
711 1352 845 1395 agere
874 1352 965 1382 non
998 1341 1288 1394 floccipendit.
1310 1341 1431 1382 Vale.
1471 1341 1675 1383 Mandata
1697 1353 1940 1395 exponens,

150 1403 332 1459 legatus
349 1405 424 1448 ait.

592 1501 606 1522 ι
643 1486 766 1540 Regis
787 1486 946 1539 Ieyatus
965 1490 1082 1528 iussa
1100 1487 1307 1541 maqz‘stro
1325 1490 1508 1540 exponit.

168 1623 173 1629 .
206 1600 228 1626 ‘t
252 1590 420 1643 Regem
447 1589 657 1643 Bagyazit
697 1591 893 1643 Zyzymy
918 1588 1099 1631 fratrem
1137 1588 1390 1643 confugisse
1418 1588 1474 1630 ad
1494 1591 1552 1638 te,
1594 1592 1665 1631 tua
1700 1589 1745 1630 in
1777 1589 1944 1631 ditione

153 1655 320 1697 versari
349 1655 528 1709 tuisque
555 1656 736 1698 monitis
765 1656 1022 1698 audientem
1054 1667 1168 1697 esse.
1201 1657 1289 1697 Nec
1309 1656 1406 1697 sine
1444 1655 1621 1708 magnis
1653 1655 1868 1708 impensis
1896 1655 1942 1697 id

150 1721 395 1775 contigisse
412 1725 532 1764 certo
554 1733 687 1763 nosce
709 1733 759 1763 se
786 1732 877 1763 non
898 1721 1047 1771 lateat,
1082 1722 1438 1774 prestantissime
1473 1721 1700 1774 magister.
1725 1722 1818 1772 Que
1839 1732 1940 1762 cum

151 1787 398 1840 accepisset
410 1778 502 1829 non
523 1799 660 1841 parva
673 1788 856 1829 affectus
877 1791 946 1829 est
959 1788 1095 1829 letitia
1111 1788 1336 1829 :hortatur
1348 1788 1464 1828 hunc
1481 1787 1757 1838 sabinis-alis
1772 1787 1940 1837 faueaS‚

151 1853 324 1895 nutrias
357 1855 402 1895 et
439 1857 664 1908 protegas,
704 1857 755 1895 ut
787 1854 1008 1895 bellorum
1045 1853 1186 1895 fomes
1226 1856 1390 1906 pereat.
1430 1853 1646 1894 Policetur
1677 1853 1943 1906 imperatum

152 1922 383 1972 sumptum
403 1920 603 1973 principe
621 1923 666 1962 et
690 1921 814 1974 regio
836 1919 971 1962 fratre
989 1920 1189 1973 dignum.
1215 1919 1432 1973 Magister
1452 1918 1587 1971 legati
1609 1919 1829 1971 postulata
1852 1930 1942 1960 non

151 1984 297 2036 miciu
328 1989 582 2039 temporum
601 1987 816 2040 qualitate
834 1990 1018 2039 pensata
1040 1997 1126 2039 qua
1146 1985 1379 2028 Christiani
1411 1985 1560 2039 (variis
1584 1984 1781 2037 impliciti
1808 1983 1958 2037 curis),

153 2049 487 2094 nondum'vires
504 2053 551 2094 in
567 2063 826 2094 communes
855 2052 960 2094 fidei
979 2053 1133 2094 hostes
1153 2054 1414 2093 conuertere
1434 2053 1638 2103 possunt.
1661 2051 1941 2102 Expectanda

150 2115 271 2158 enim
286 2119 356 2158 est
374 2120 471 2159 etas
490 2127 578 2171 que
597 2118 727 2171 (nutu
745 2117 899 2159 diuino
922 2117 1203 2170 prouidente)
1232 2117 1463 2159 Christiani
1480 2116 1672 2157 nominis
1703 2116 1943 2157 ulciscatur

151 2182 340 2225 iniuriis.
375 2182 634 2226 Cedendum
668 2187 736 2225 est
762 2184 951 2236 tempori
983 2186 1028 2226 et
1053 2183 1391 2225 inseruiendum
1425 2183 1619 2223 humane
1649 2181 1936 2223 imbecillitati

151 2259 240 2303 que
259 2249 491 2301 (Altissimi
510 2249 669 2304 gratia)
692 2250 933 2303 aliquando
950 2250 1174 2299 roborata,
1206 2249 1394 2290 illustria
1415 2248 1704 2302 aggrediatur
1728 2246 1938 2288 facinora.

151 2315 316 2370 laegato
333 2316 484 2370 itaque
503 2316 744 2369 respondet
759 2315 999 2370 magistet

548 2457 566 2479 ι
591 2443 857 2498 Responsum
883 2445 1079 2497 wtaqistri
1097 2443 1249 2484 dacum
1267 2445 1383 2496 reqis
1407 2443 1571 2485 oratori

206 2563 224 2584 ι
243 2545 343 2590 Non
362 2543 487 2590 decet
517 2545 663 2589 virum
694 2546 1032 2601 magnanimum
1060 2545 1322 2588 iniuriarum
1348 2545 1570 2587 reminisci
1595 2556 1676 2586 nec
1701 2546 1934 2598 prostratis

150 2603 376 2657 crudelem
403 2623 521 2664 esse,
555 2611 638 2654 hoc
667 2614 849 2666 quidem
873 2613 1028 2656 vilium
1058 2612 1290 2655 hominum
1322 2612 1485 2665 estqui
1506 2611 1710 2664 superbis
1735 2623 1936 2655 sarcum-

150 2677 264 2720 bunt
281 2681 327 2720 et
342 2678 517 2731 pusillis
538 2676 810 2720 infidiantur.
846 2679 1014 2721 Rhodia
1049 2679 1158 2720 urbs
1186 2677 1348 2720 asilum
1367 2678 1549 2731 quidem
1569 2682 1637 2720 est
1666 2678 1741 2732 qui
1758 2679 1816 2720 ad
1836 2691 1937 2720 eam

151 2742 428 2798 confugiunt,
451 2743 616 2786 nedum
637 2744 792 2786 humili
806 2743 901 2786 loco
919 2757 1074 2787 verum
1089 2746 1179 2786 alto
1205 2745 1425 2798 sanguine
1446 2755 1603 2797 regum
1623 2744 1715 2785 nati
1735 2755 1834 2785 cum
1852 2744 1934 2785 hu-

149 2809 362 2854 manitate
379 2809 671 2863 excipiuntur.
696 2812 862 2864 Regem
883 2811 1079 2864 Zyzymy
1095 2810 1196 2852 licet
1212 2809 1426 2852 acerrimo
1443 2809 1571 2850 hoste
1590 2813 1725 2862 atque
1746 2813 1936 2863 tyranno

150 2878 306 2919 natum
323 2879 452 2931 grato
473 2876 716 2929 excipimus
741 2877 890 2918 animo
912 2877 1164 2930 miseroque
1189 2877 1286 2930 eJus
1308 2876 1429 2917 casui
1464 2875 1750 2924 indoluimus,
1782 2886 1935 2928 sump-

151 2946 289 2997 tuque
309 2946 463 2985 nostro
483 2940 704 2993 fouemus,
723 2953 804 2984 nec
818 2939 1094 2996 denegamus
1106 2954 1192 2996 que
1206 2946 1328 2984 tanto
1344 2941 1528 2994 principi
1549 2941 1834 2982 conueniunt.
1849 2942 1938 2983 Nec

150 3007 349 3054 fastidiat
377 3009 587 3064 Bagyazit
621 3011 815 3062 Zyzymy
843 3007 1083 3062 profugum
1118 3012 1457 3061 extorremque:
1484 3008 1741 3050 indecorum
1770 3008 1934 3062 quippe

150 3077 315 3120 familie
335 3075 704 3119 othumannidum
718 3077 837 3116 esset
852 3074 1039 3125 Regium
1055 3075 1265 3116 iuuenem
1295 3075 1413 3126 apud
1431 3078 1604 3116 exteras
1632 3074 1835 3116 nationes
1854 3073 1932 3114 de-

152 3146 334 3198 gentem
350 3143 576 3184 stallidum
597 3140 690 3194 (sic)
712 3152 762 3182 ac
782 3140 967 3193 penuria
984 3151 1190 3192 pressum
1203 3151 1319 3181 esse.
1335 3141 1423 3181 Nec
1438 3152 1463 3181 a
1482 3140 1611 3181 nobis
1633 3142 1842 3192 exceptus
1861 3141 1932 3180 est

153 3210 203 3251 ut
232 3207 544 3251 scandalorum
556 3206 696 3249 fomes
716 3205 817 3255 fiet;
837 3205 970 3247 modo
992 3208 1095 3247 tuus
1106 3206 1311 3258 princeps
1332 3207 1609 3247 occasionem
1629 3217 1718 3246 non
1738 3205 1922 3247 dederit.

581 3348 596 3369 ‹
615 3332 765 3374 Pac-tio
784 3332 890 3374 inita
904 3343 985 3383 pro
999 3331 1124 3384 Reqis
1143 3330 1334 3384 Zyzymy
1352 3336 1532 3384 sumptu.

209 3446 225 3473 ι
251 3434 325 3476 iiis
345 3433 626 3476 suavioribus
652 3430 800 3476 verbis
839 3433 1027 3487 tempori
1055 3435 1099 3475 et
1127 3434 1262 3476 rebus
1288 3432 1599 3484 accomodam,
1630 3432 1818 3475 oratoris
1836 3432 1933 3474 Ani-
