2262 3958
317 324 384 360 182
918 314 1151 353 JOHANNIS
1188 312 1481 359 BURCHARDI,
1867 311 1971 355 [Mars
1993 315 2086 359 1486]

311 424 492 472 eisdem
520 423 638 471 albis
672 418 962 486 paramentis
991 415 1416 482 processionaliter
1443 431 1595 479 usque
1617 415 1678 464 ad
1704 415 1866 464 locum
1895 432 2091 481 proces-

313 523 417 555 sum
438 507 506 555 ire
527 506 599 554 vel
620 503 795 569 portari
817 506 867 551 ut
891 517 977 549 sua
1007 505 1055 550 et
1082 500 1297 549 omnium
1325 498 1638 548 cardinalium
1667 504 1949 563 paramenta
1978 516 2091 550 con-

311 590 544 649 venirent,
569 589 739 638 deinde
762 591 1019 650 antequam
1045 584 1173 633 dicto
1203 585 1312 632 loco
1342 584 1610 632 reverentia
1636 581 1737 642 fiat,
1763 584 1937 633 mutari
1959 587 2090 650 Papa

311 676 592 737 paramenta
623 671 837 736 predicta
876 674 923 718 et
965 668 1146 733 imponi
1183 669 1331 716 rubea
1366 684 1457 731 que
1486 667 1760 731 significant
1781 669 2015 733 justitiam
2036 673 2085 719 et

315 756 638 812 severitatem3
664 755 792 818 quod
814 759 861 803 et
881 753 999 802 mihi
1021 751 1175 815 magis
1195 750 1450 799 convenire
1471 750 1734 799 videbatur.

377 842 490 887 Post
509 837 782 901 prandium,
808 837 984 884 nudata
1003 835 1089 883 fuit
1108 837 1207 882 tota
1228 833 1412 897 capella
1443 836 1569 898 Pape
1590 850 1676 898 per
1704 833 1934 883 forrerios
1962 833 2085 883 adeo

315 923 443 988 quod
463 939 618 987 neque
640 922 689 970 in
709 921 971 986 parietibus
989 934 1144 983 neque
1166 918 1215 966 in
1236 921 1363 966 terra
1384 917 1553 981 aliquis
1574 934 1761 982 pannus
1784 916 2015 966 remansit
2035 921 2088 965 et

312 1007 450 1055 sedes
476 1010 601 1070 Pape
631 1021 775 1070 super
793 992 894 1068 'qua
922 1003 1097 1051 mansit
1125 1006 1310 1051 tantum
1340 1018 1461 1049 unus
1498 1001 1718 1050 cussinus
1752 1001 1994 1049 violaceus
2028 1015 2088 1048 ex

310 1091 499 1139 velluto.
530 1090 687 1137 Altare
714 1089 858 1137 etiam
889 1103 976 1151 per
1005 1085 1255 1134 sacristam
1276 1084 1364 1133 fuit
1395 1084 1605 1133 totaliter
1626 1085 1855 1133 nudatum
1889 1088 1998 1133 ante
2033 1087 2082 1132 et

268 1207 276 1214 -
310 1188 470 1236 supra,
505 1176 562 1224 et,
590 1187 673 1220 sex
709 1175 893 1219 tantum
932 1170 1218 1220 candelabra
1256 1184 1367 1217 cum
1401 1184 1543 1217 cruce
1585 1168 1800 1232 simplice
1842 1167 1998 1216 velata
2035 1166 2086 1214 in

310 1256 469 1304 medio
513 1270 659 1320 super
697 1255 880 1303 nudum
920 1253 1183 1302 scabellum
1224 1268 1366 1316 super
1405 1251 1539 1300 altari
1574 1251 1676 1301 sine
1709 1252 1868 1315 aliqua
1897 1250 2086 1300 tobalea

310 1339 520 1404 reposita
541 1339 752 1387 fuerunt.

375 1426 478 1471 Hoc
501 1438 626 1482 sero,
650 1422 778 1470 circa
797 1422 968 1469 horam
995 1419 1274 1483 vigesimam
1306 1418 1583 1477 secundam,
1611 1419 1799 1465 cantate
1825 1415 2020 1465 fuerunt
2034 1415 2086 1465 in

310 1507 438 1555 dicta
471 1507 656 1570 majore
693 1505 877 1569 capella
912 1503 1142 1552 matutine
1183 1501 1491 1550 tenebrarum
1532 1516 1644 1549 cum
1685 1499 1992 1559 ceremoniis,
2034 1505 2086 1548 ut

310 1590 440 1649 heri;
460 1592 589 1652 Papa
610 1588 822 1636 interfuit
844 1603 954 1636 cum
974 1586 1187 1650 pluribus
1206 1585 1549 1635 cardinalibus.

375 1672 540 1720 Finitis
571 1671 833 1730 matutinis,
868 1671 978 1734 quia
1008 1669 1324 1734 permiseram
1359 1671 1484 1733 Pape
1516 1669 1594 1732 qui
1626 1668 1754 1717 venit
1783 1668 1844 1717 ad
1874 1667 2088 1717 faldisto-

309 1756 448 1815 rium,
487 1755 614 1803 circa
649 1755 796 1802 finem
828 1755 1088 1818 antiphone
1118 1758 1228 1817 post
1258 1752 1542 1801 Benedictus
1582 1758 1629 1801 et
1664 1769 1752 1816 per
1783 1756 1933 1801 totam
1965 1752 2088 1800 anti-

306 1840 519 1904 phonam
560 1839 774 1887 Christus
806 1839 983 1902 saetas,
1011 1844 1118 1895 ete.,
1156 1836 1240 1883 sed
1277 1835 1430 1882 solum
1464 1850 1520 1882 ea
1549 1833 1698 1893 finita,
1742 1833 1790 1880 in
1819 1833 2083 1883 faldistorio

306 1920 654 1984 genuflectere,
678 1921 928 1978 Rmus.-D.
955 1917 1209 1966 cardinalis
1231 1933 1269 1963 S.
1301 1916 1449 1964 Marci
1477 1916 1788 1980 reprehendit
1813 1932 1890 1964 me
1912 1917 2078 1966 dicens

305 2004 432 2068 quod
452 2021 547 2054 non
571 2005 777 2053 debebat
803 2003 908 2052 fieri
937 2001 1210 2066 genuflexio
1237 2000 1362 2049 infra
1386 1999 1698 2063 antiphonam
1723 1999 1938 2048 Christus
1969 2002 2081 2067 fae-

308 2096 397 2148 tus,
415 2097 521 2150 ete.,
539 2089 624 2138 sed
639 2089 793 2136 solum
810 2102 868 2136 ea
881 2087 1032 2134 finita.
1052 2088 1143 2133 Pro
1160 2086 1309 2133 Pater
1321 2091 1476 2131 noster
1490 2087 1536 2131 et
1548 2083 1774 2138 Miserere
1789 2099 1845 2131 ac
1857 2083 2078 2132 oratione

304 2172 519 2236 Respice,
534 2180 640 2231 ete„
657 2174 783 2234 Papa
799 2170 927 2219 venit
944 2170 1044 2217 sine
1061 2184 1223 2228 cruce,
1241 2166 1560 2216 cardinalibus
1576 2165 1731 2230 ipsum
1745 2165 2076 2229 sequentibus,

305 2253 432 2301 dicto
461 2254 826 2318 archiepiscopo
849 2250 1231 2314 Carthaginiensi
1253 2251 1471 2314 digniore
1499 2250 1726 2315 episcopo
1755 2249 2078 2299 assistentium

302 2337 514 2386 fimbrias
544 2341 765 2402 portante
798 2337 970 2385 eodem
1001 2335 1167 2394 mod03
1204 2334 1350 2381 finitis
1378 2333 1640 2392 matutinis,
1662 2333 1802 2382 rediit
1833 2333 1892 2381 ad
1921 2349 2078 2384 came-

302 2437 422 2468 ram.

368 2505 647 2553 Ordinatum
679 2503 767 2551 fuit
795 2502 922 2551 inter
955 2505 1166 2549 RRmos.
1202 2502 1302 2549 DD.
1335 2500 1602 2549 cardinales
1629 2499 2076 2549 vicecancellarium

301 2594 348 2638 et
370 2607 408 2637 s.
435 2590 562 2638 Petri
587 2589 648 2636 ad
663 2588 883 2647 Vincula,
918 2587 994 2635 die
1025 2585 1265 2634 dominica
1290 2585 1557 2648 palmarum
1580 2583 1797 2648 proxime
1819 2584 2066 2648 preterita,

299 2673 428 2736 quod
459 2673 602 2720 hodie
636 2675 802 2722 RmuS.
833 2674 888 2720 D.
920 2668 1339 2718 vicecancellarius
1367 2671 1415 2717 et
1441 2683 1546 2716 cras
1573 2670 1736 2715 Rmus.
1774 2670 1830 2715 D.
1862 2684 1902 2715 s.
1942 2668 2071 2717 Petri

300 2757 358 2804 ad
375 2756 580 2806 Vincula
599 2755 757 2803 officia
778 2755 924 2803 misse
939 2768 1171 2818 peragere
1194 2752 1451 2809 deberent3
1478 2755 1525 2799 et
1544 2751 1610 2798 ita
1630 2750 1717 2798 fuit
1730 2750 1836 2799 heri
1857 2755 1904 2800 et
1923 2751 2067 2801 hodie

301 2839 349 2886 in
369 2838 582 2905 prandiis
598 2838 788 2886 RRmis.
812 2840 911 2886 DD.
938 2836 1255 2886 cardinalibus
1278 2835 1566 2884 intimatum.

366 2925 468 2970 Hoc
489 2937 633 2970 mane
655 2924 817 2969 autem
839 2920 966 2968 circa
983 2919 1057 2967 vel
1079 2922 1188 2967 ante
1210 2918 1430 2966 diurnam
1442 2919 1622 2978 lucem,
1647 2921 1813 2966 Rmus.
1837 2921 1894 2968 D.
1920 2919 2072 2967 cardi-

298 3005 418 3054 nalis
447 3022 485 3053 s.
521 3004 647 3053 Petri
675 3005 734 3052 ad
759 3003 963 3054 Vincula
996 3002 1220 3067 equitavit
1253 3003 1313 3055 ad
1347 3003 1545 3063 Ostiam,
1582 3001 1793 3061 nemine,
1827 3002 1902 3050 vel
1939 3005 2067 3067 Papa

294 3093 494 3148 tantum,
539 3093 619 3136 aut
671 3087 795 3136 forte
842 3087 987 3135 etiam
1039 3089 1177 3134 Rmo.
1228 3088 1285 3134 D.
1342 3086 1585 3135 cardinale
1639 3087 1972 3150 Andegavensi
2017 3087 2066 3135 id

291 3172 492 3227 sciente,
523 3171 673 3219 iturus
703 3170 876 3219 deinde
911 3186 996 3219 seu
1023 3169 1330 3233 navigaturus
1357 3172 1560 3216 Januam
1598 3175 1646 3218 et
1672 3169 1955 3218 Avinionem
1975 3185 2062 3234 pro

292 3255 433 3301 rebus
451 3254 633 3302 bellicis
661 3269 753 3317 que
786 3253 910 3301 inter
944 3268 1192 3300 romanam
1225 3251 1493 3299 Ecclesiam
1529 3256 1574 3300 et
1609 3268 1775 3316 regem
1804 3253 2080 3302 Ferdinaw-

292 3337 403 3383 dum
446 3337 603 3385 Sicilie
641 3353 694 3385 ac
730 3337 968 3384 Gentilem
1013 3335 1293 3399 Virgineum
1335 3334 1559 3383 Ursinum
1597 3336 1692 3399 lige
1741 3338 2061 3401 capitaneum,

294 3423 452 3483 partes
476 3421 600 3483 regis
623 3420 906 3468 Ferdinandi
929 3419 1285 3479 defendentem,
1310 3423 1540 3480 aguntur;
1566 3423 1613 3467 et
1630 3423 1883 3483 propterea
1896 3419 2059 3472 hodie,
