2262 3958
295 322 366 357 312
897 313 1130 351 ,IOHANNIS
1165 311 1459 359 ΒΗΒΕΗΑΗΒῙ,
1851 315 1947 356 [sum
1971 316 2061 361 1488]

226 452 232 462 ·
298 436 336 467 S.
364 418 628 468 Sebastiani
651 416 898 465 sacristam
918 418 1062 478 Pape,
1085 419 1135 462 ut
1155 413 1420 472 dicebatur,
1442 413 1649 462 inventa.
1671 414 1921 463 Processio
1942 414 2068 463 venit

296 518 383 566 per
397 502 518 549 viam
538 505 735 549 Rectam
754 514 903 562 usque
919 499 978 546 ad
993 502 1203 546 castrum
1222 514 1259 544 s.
1284 496 1455 560 Angeli
1482 499 1530 544 et
1553 496 1724 546 deinde
1739 513 1826 560 per
1844 500 2067 547 Sanctam

299 601 448 647 usque
471 584 530 632 ad
567 600 604 630 s.
642 586 855 640 Petrum,
893 580 971 629 ubi
1001 580 1257 630 celebravit
1286 579 1483 627 missam
1519 579 1786 628 solemnem
1818 584 1984 629 Rmus.
2007 583 2064 629 D.

299 664 550 715 cardinalis
567 663 936 712 Mediolanensis
963 679 1097 711 more
1130 666 1380 720 consuet0‚
1411 661 1491 724 qui
1519 677 1616 708 non
1641 663 1768 710 venit
1795 663 1855 711 ad
1880 679 2071 727 proces-

299 749 484 796 sionem
502 747 594 795 hoc
615 762 774 794 mane.
798 746 962 794 RRmi·.
990 749 1088 793 DD.
1122 745 1386 794 cardinales
1413 748 1458 793 et
1487 744 1690 792 curiales
1717 759 1814 792 non
1840 754 2070 795 venerunt

299 834 467 879 euntes
489 830 548 877 ad
574 829 802 893 palatium
833 845 918 893 per
947 829 1072 877 viam
1114 832 1310 877 Rectam
1352 829 1424 876 vel
1459 830 1702 888 Sanctam,
1736 843 1797 877 ne
1826 828 2072 876 turbarent

300 917 519 961 ornatum
540 912 751 972 viarum3
779 912 864 960 sed
883 917 1115 960 venerunt
1135 928 1221 975 per
1241 912 1365 960 viam
1387 912 1637 975 hospitalis
1662 928 1700 959 s.
1725 911 1944 1012 Spiritus.
1967 911 2074 960 Alia

300 997 462 1045 omnia
483 996 731 1045 observata
751 1000 861 1044 sunt
882 1012 1015 1044 more
1047 999 1298 1043 consueto.

366 1078 591 1139 Sabbato,
628 1078 794 1126 ultima
822 1078 934 1126 maii
961 1078 1176 1142 proxime
1204 1078 1436 1141 preteriti,
1470 1081 1526 1125 D.
1564 1078 1808 1126 Johannes
1845 1077 1994 1125 Maria
2026 1081 2074 1126 et

302 1177 391 1225 ego
405 1161 676 1225 recepimus
702 1161 752 1208 in
779 1161 1014 1224 collegam
1034 1165 1251 1218 nostrum
1272 1160 1495 1208 inlocum
1529 1163 1586 1208 D.
1612 1159 1825 1224 episcopi
1847 1159 2070 1219 Pienfini,

302 1247 358 1293 D.
382 1245 619 1292 Aldellum
641 1244 700 1292 de
723 1232 1127 1292 Piccolominibus
1155 1244 1291 1308 juxta
1304 1246 1524 1291 tenorem
1545 1243 1701 1292 brevis
1722 1243 1989 1306 apostolici.

369 1327 507 1375 Feria
546 1327 727 1390 quinta,
765 1331 821 1374 12
839 1326 980 1391 junii,
1017 1331 1183 1374 octava
1220 1325 1437 1389 corporis
1465 1325 1656 1384 Christi,
1682 1328 1736 1372 R.
1774 1327 1827 1372 P.
1853 1327 1908 1373 D.
1931 1326 2076 1373 Cesar

304 1411 558 1475 episcopus
588 1409 844 1457 Amerinus
885 1408 1142 1458 celebravit
1181 1408 1377 1455 missam
1413 1407 1679 1455 solemnem
1714 1406 1763 1453 in
1803 1405 2009 1453 ecclesia
2031 1421 2070 1453 s.

302 1492 464 1540 Marci.
484 1491 808 1539 Interfuerunt
829 1494 1014 1554 septem
1037 1507 1094 1540 ex
1114 1491 1306 1539 RRmis.
1339 1493 1440 1538 DD.
1469 1488 1803 1548 cardinalibus,
1834 1487 2070 1548 videlicet,

302 1574 661 1638 Neapolitanus,
681 1590 718 1621 s.
736 1573 900 1632 Marci,
919 1574 1294 1638 Andegavensis,
1311 1591 1346 1622 s.
1370 1572 1558 1636 Angeli,
1579 1570 1779 1620 Sabellis
1799 1574 1846 1619 et
1862 1570 1956 1619 duo
1977 1570 2071 1620 alii.

304 1658 439 1706 Dicto
456 1657 699 1705 offertorio
722 1673 807 1721 per
825 1657 1151 1706 celebrantem
1166 1657 1292 1705 venit
1314 1661 1509 1705 senator
1529 1670 1638 1703 cum
1660 1653 2076 1702 conservatoribus

306 1744 353 1788 et
374 1739 648 1788 obtulerunt
669 1739 717 1787 in
739 1755 907 1788 manus
930 1732 1144 1805 episcopi
1171 1742 1219 1789 in
1246 1739 1508 1788 faldistorio
1538 1754 1648 1787 cum
1669 1724 1809 1786 mitra
1836 1737 2043 1786 sedentis
2063 1753 2073 1797 ;

309 1823 538 1886 depositis
561 1822 884 1882 chirothecis,
911 1828 1104 1872 senator
1124 1825 1324 1873 calicem
1347 1838 1494 1871 unum
1517 1837 1626 1870 cum
1647 1825 1822 1884 patena
1847 1824 2078 1884 argentea

308 1906 543 1963 inaurata,
586 1911 948 1953 conservatores
993 1906 1110 1954 vero
1151 1907 1349 1970 quilibet
1394 1920 1543 1954 unum
1586 1919 1780 1951 cereum
1819 1919 2073 1967 magnum;

306 1988 479 2036 deinde
511 1987 762 2036 voluerunt
799 1989 965 2037 sedere
1000 1990 1089 2054 ipsi
1130 1994 1323 2038 senator
1360 1995 1407 2037 et
1449 1991 1810 2037 conservatores
1842 1987 1892 2034 in
1912 1987 2076 2035 bancis

307 2069 619 2117 cardinalium
641 2070 701 2117 ad
721 2070 967 2119 dexteram
999 2072 1124 2119 sedis
1148 2075 1274 2136 Pape
1302 2072 1411 2135 quia
1444 2069 1710 2120 cardinales
1739 2069 1913 2132 prefati
1946 2070 2080 2118 sede-

307 2153 421 2199 bant
438 2152 486 2199 in
497 2152 600 2199 aliis
621 2152 786 2201 bancis
802 2154 862 2201 ad
883 2155 1122 2202 sinistram
1142 2156 1265 2203 dicte
1284 2156 1428 2214 sedis,
1447 2159 1492 2203 et
1514 2156 1658 2214 male,
1683 2154 1796 2217 quia
1812 2153 2080 2201 debuerunt

308 2235 475 2283 sedere
515 2235 728 2298 episcopi
756 2241 802 2284 et
827 2237 996 2300 prelati
1024 2239 1084 2285 ad
1111 2238 1358 2286 dexteram
1389 2239 1527 2287 solii:
1557 2239 1641 2287 sed
1676 2254 1765 2302 ego
1799 2236 1929 2285 nolui
1966 2235 2080 2283 illud

306 2317 609 2381 permittere;
632 2318 726 2365 dixi
751 2320 878 2381 quod
899 2320 969 2368 vel
990 2320 1039 2367 in
1061 2321 1285 2383 gradibus
1314 2322 1439 2370 dicte
1468 2322 1593 2369 sedis
1617 2337 1667 2369 se
1688 2321 1905 2369 locarent
1927 2317 2001 2366 vel
2031 2317 2080 2365 in

309 2400 472 2448 bancis
496 2415 581 2462 pro
604 2401 874 2448 oratoribus
893 2402 941 2448 in
963 2403 1070 2451 1000
1093 2409 1323 2451 consueto
1348 2403 1575 2451 ordinatis
1596 2403 1645 2450 in
1663 2418 1756 2465 quo
1777 2401 1933 2465 nullus
1954 2403 2074 2458 erat,

309 2482 438 2545 quod
460 2498 571 2545 egre
599 2483 704 2529 tulit
728 2483 925 2531 Adaltus
948 2484 1005 2532 de
1029 2485 1185 2548 Nigris
1215 2485 1327 2533 civis
1350 2501 1576 2533 romanus
1607 2489 1653 2533 et
1674 2483 1936 2532 bestialiter
1959 2482 2077 2529 mihi

311 2565 573 2628 respondit.
598 2565 861 2613 Noluerunt
882 2581 1073 2629 quoque
1094 2567 1140 2614 in
1163 2568 1271 2615 loco
1293 2568 1509 2631 predicto
1531 2583 1582 2616 se
1603 2568 1781 2626 locare,
1807 2565 1892 2613 sed
1918 2581 2081 2613 reces-

312 2652 492 2708 serunt,
512 2649 638 2696 facta
655 2649 995 2697 communione
1014 2665 1102 2713 per
1121 2650 1463 2700 celebrantem.
1486 2651 1710 2699 Ordinata
1730 2649 1816 2696 fuit
1835 2647 2080 2712 processio

310 2748 445 2779 more
483 2736 715 2779 consueto
750 2735 813 2790 et,
844 2731 980 2780 finita
1015 2733 1178 2791 missa,
1211 2734 1461 2782 celebrans
1497 2734 1544 2781 in
1572 2732 1805 2791 sacristia,
1854 2730 2082 2794 depositis

310 2814 517 2877 planeta,
549 2812 792 2872 tunicella,
833 2813 1087 2862 dalmatica
1109 2819 1156 2862 et
1178 2815 1419 2874 sandaliis,
1452 2817 1636 2880 accepit
1655 2815 1856 2880 pluviale
1875 2818 1923 2863 et
1945 2814 2082 2862 toba-

310 2897 437 2945 leam
458 2896 622 2943 subtus
643 2896 703 2943 ad
725 2896 916 2943 collum.
942 2898 1063 2945 Ante
1094 2898 1240 2945 altare
1274 2897 1500 2961 impesuit
1528 2899 1798 2957 incensum,
1822 2896 2080 2946 incensavit

314 2980 670 3025 sacramentum
690 2980 738 3025 et
753 2978 956 3039 portavit
978 2979 1093 3026 illud
1105 2979 1151 3026 in
1170 2980 1531 3043 processionem
1549 2997 1558 3040 3
1579 2986 1717 3029 extra
1733 2979 1986 3029 ecclesiam
2000 2993 2081 3026 ac-

314 3060 440 3123 cepit
459 3060 667 3107 mitram.
694 3059 968 3108 Cardinales
991 3062 1143 3110 secuti
1166 3066 1275 3110 sunt
1297 3067 1651 3111 sacramentum
1670 3079 1838 3112 omnes
1858 3060 2078 3127 predicti,

314 3147 514 3207 excepto
530 3143 842 3207 Neapolitano
865 3145 943 3207 qui
961 3146 1173 3194 recessit.
1197 3149 1308 3194 Post
1326 3146 1611 3205 cardinales,
1629 3147 1797 3210 prelati
1810 3150 1857 3196 et
1872 3143 2081 3194 scutiferi

315 3226 625 3274 cardinalium
646 3231 693 3274 et
716 3227 1011 3290 prelatorum
1037 3233 1287 3292 portarunt
1316 3244 1464 3292 prope
1493 3229 1713 3277 dominos
1747 3245 1857 3277 suos
1877 3231 1984 3293 post
2005 3241 2081 3274 sa-

314 3313 611 3356 cramentum
632 3310 816 3373 singula
839 3310 1078 3360 intorticia
1103 3328 1112 3359 :
1139 3326 1330 3359 reverso
1353 3315 1655 3360 sacramento
1679 3313 1739 3360 ad
1759 3312 1928 3370 altare,
1953 3309 2080 3358 cele—

315 3388 457 3436 brans
496 3390 756 3440 incensavit
790 3393 905 3442 illud
931 3399 978 3442 et
1006 3394 1107 3443 sine
1136 3394 1277 3443 mitra
1311 3393 1558 3457 premissis
1586 3394 1829 3444 versiculis
1855 3412 1863 3441 :
1888 3393 1966 3440 Sit
1996 3406 2081 3438 no-
