2262 3958
334 362 401 395 452
688 386 690 388 .
871 338 875 341 “
933 355 1165 392 JOHANNJS
1199 354 1493 398 BURCHARD1‚
1882 360 1984 404 [Mars
2009 362 2099 403 1492]

329 459 543 522 proxime
567 458 779 506 futurum
818 475 867 504 se
893 457 1187 505 cardinalem
1219 455 1480 524 appellaret
1510 462 1597 506 aut
1623 474 1708 522 pro
1738 462 1817 510 tali
1842 477 1893 510 se
1914 462 2094 511 habere

329 546 659 604 presumeret3
701 540 786 588 fuit
826 540 969 587 etiam
1013 540 1056 588 ei
1096 544 1210 587 tunc
1260 539 1497 603 capellum
1539 555 1650 586 cum
1687 542 1828 590 anulo
1865 547 1913 591 et
1957 542 2094 590 titulo

328 619 491 671 sancte
518 623 665 670 Marie
695 623 743 669 in
790 622 1041 670 Dominica
1071 621 1159 669 sibi
1194 621 1411 681 missum,
1444 637 1555 670 cum
1576 621 1798 670 facultate
1816 623 1912 680 illa,
1954 623 2088 687 lapso

329 706 530 754 triennio
558 705 773 769 predicto
795 720 885 753 nec
922 721 1020 752 non
1056 710 1214 763 antea,
1246 704 1389 752 etiam
1429 704 1622 768 propria
1653 705 1934 755 auctoritate
1967 707 2091 756 reci-

326 788 504 851 piendi,
530 793 576 836 et
599 805 657 835 ex
681 793 792 836 tunc
808 787 854 834 in
878 791 1019 835 antea
1042 788 1203 836 utendi
1223 803 1331 836 cum
1352 788 1547 835 decreto
1570 787 1716 850 quod,
1742 787 1886 835 etiam
1907 804 2094 845 summo

328 871 555 934 pontifice
584 871 774 919 interim
814 870 1096 929 decedente,
1122 871 1255 934 lapso
1287 870 1412 918 dicto
1446 875 1682 934 tempore,
1715 871 1976 925 haberetur
2007 887 2094 934 pro

329 953 590 1012 cardinale3
622 954 700 1016 qui
729 953 980 1000 cardinalis
1002 958 1050 1000 ut
1079 953 1203 1000 filius
1235 953 1505 1000 obedientie
1533 953 1725 1001 interim
1756 969 1841 1017 pro
1872 958 2098 1017 protono-

327 1036 444 1084 tario
467 1052 516 1084 se
537 1036 703 1084 habuit
737 1041 784 1083 et
817 1036 980 1099 gessit,
1019 1040 1063 1083 et
1101 1036 1326 1084 mandata
1356 1039 1404 1083 et
1429 1036 1624 1084 decreta
1655 1037 1702 1083 in
1722 1020 1872 1085 literis
1901 1041 2096 1100 aposto·

324 1118 427 1166 licis
448 1119 726 1182 hujusmodi
749 1119 966 1182 apposita
998 1118 1279 1166 observavit.

390 1201 597 1248 Triennii
620 1217 731 1249 vero
754 1200 1030 1264 hujusmodi
1048 1200 1141 1247 fine
1167 1199 1394 1257 instante,
1419 1199 1545 1247 idem
1562 1201 1832 1259 cardinalis,
1858 1201 1933 1250 die
1958 1217 2096 1250 vene-

325 1283 388 1330 ris
427 1287 453 1330 9
492 1283 603 1331 dicti
640 1283 819 1330 mensis
860 1282 1018 1330 martii
1052 1282 1290 1346 presentis
1322 1282 1433 1329 anni
1462 1284 1937 1343 MCCCCLXXXXlI,
1967 1300 2092 1332 cum

324 1364 472 1412 tribus
507 1364 604 1412 suis
634 1364 912 1412 domesticis
944 1368 1017 1413 Jo.
1056 1364 1268 1428 Baptista
1298 1364 1532 1424 auditore,
1569 1364 1719 1413 Mario
1750 1365 2025 1414 caudatario
2047 1370 2095 1414 et

323 1447 598 1495 Theobaldo
615 1447 878 1495 camerario
892 1447 1033 1495 exivit
1055 1447 1345 1496 Florentiam
1367 1446 1415 1494 in
1433 1462 1540 1494 sero
1560 1450 1605 1495 et
1624 1446 1685 1494 ad
1699 1446 1937 1494 abbatiam
1958 1462 2093 1495 suam

322 1530 666 1578 monasterium
687 1530 977 1579 Fesulanum
1004 1531 1149 1590 venit,
1176 1531 1256 1578 ubi
1285 1547 1341 1578 ea
1368 1533 1510 1578 noete
1533 1529 1732 1593 quievit3
1757 1529 1804 1576 in
1828 1545 1988 1589 mane,
2015 1529 2092 1579 die

319 1613 503 1661 sabbati
530 1617 587 1660 10
609 1613 828 1676 ejusdem
857 1613 1054 1673 mensiS,
1085 1614 1212 1662 facta
1240 1630 1327 1678 per
1356 1629 1468 1662 eum
1497 1611 1819 1672 confessione,
1848 1611 1974 1660 dicta
2004 1611 2093 1660 fuit

319 1695 462 1742 missa
485 1695 712 1743 solemnis
736 1696 794 1743 de
821 1696 999 1760 Spiritu
1022 1701 1207 1752 sancto,
1230 1696 1411 1759 absque
1430 1694 1588 1757 aliqua
1608 1693 2087 1753 commemoratione,

319 1793 406 1840 per
432 1778 602 1826 fratres
631 1778 911 1827 monasterii
942 1779 1162 1842 predicti,
1197 1779 1277 1843 qui
1311 1779 1492 1827 ordinis
1528 1778 1872 1826 canonicorum
1902 1777 2090 1841 regula-

320 1861 441 1908 rium
475 1862 626 1908 sancti
652 1862 907 1925 Augustini
938 1862 1174 1921 existunt3
1207 1866 1254 1910 et
1286 1862 1415 1910 idem
1455 1860 1708 1909 cardinalis
1733 1860 1782 1907 in
1812 1860 1908 1908 fine
1941 1860 2087 1908 misse

317 1944 700 1991 communicatus
732 1962 740 1991 :
768 1960 864 2007 qua
891 1944 1044 2004 finita,
1077 1945 1245 2008 positis
1276 1960 1420 2008 super
1447 1944 1594 1992 altare
1623 1958 1775 2016 cappa
1802 1942 2085 1991 cardinalari

317 2042 371 2073 ac
398 2026 539 2074 anulo
568 2030 613 2074 et
638 2027 839 2090 capello,
874 2026 1003 2075 idem
1035 2027 1288 2075 cardinalis
1323 2026 1609 2090 genuflexit,
1640 2029 1759 2084 tum,
1786 2024 1924 2072 lectis
1956 2024 2114 2088 bullav

319 2108 574 2156 creationis
594 2125 678 2156 sue
699 2109 748 2156 in
769 2109 1079 2168 cardinalem,
1103 2114 1151 2156 et
1168 2109 1296 2157 brevi
1312 2107 1666 2156 commissionis
1682 2105 1794 2154 dicti
1809 2105 2088 2156 monasterii

319 2191 477 2238 abbati
499 2191 641 2250 facto,
664 2192 722 2239 de
739 2192 1008 2240 exhibendo
1032 2193 1189 2240 eidem
1211 2191 1438 2240 cardinali
1466 2191 1683 2239 habitum
1705 2197 1753 2240 et
1772 2192 2009 2255 capellum
2032 2207 2086 2239 ac

317 2272 511 2319 anulum
534 2274 873 2333 cardinalares,
906 2292 992 2338 per
1018 2275 1294 2334 Simeonem
1319 2276 1454 2321 Staza
1486 2272 1696 2336 primum
1722 2274 1961 2322 notarium
1982 2273 2088 2321 Flo-

318 2355 558 2403 rentinum
589 2356 810 2419 imposita
846 2358 934 2404 fuit
970 2373 1121 2420 cappa
1160 2356 1470 2404 cardinalaris
1508 2359 1608 2402 tum
1642 2356 1794 2419 pileus
1835 2361 1882 2404 et
1914 2356 2083 2404 anulus

319 2437 548 2484 cardinali
570 2438 784 2500 predicto
808 2455 895 2501 per
928 2440 1150 2487 abbatem
1180 2442 1528 2494 memoratum3
1556 2437 1637 2499 qui
1666 2423 1837 2485 d'einde
1870 2437 2006 2500 petiit
2025 2438 2085 2486 ab

320 2519 491 2566 eodem
519 2520 756 2567 cardinale
788 2520 1107 2584 indulgentias
1148 2519 1546 2568 interessentibus
1586 2518 1762 2566 debere
1793 2519 1956 2582 largiri
1991 2519 2078 2584 (1);

319 2600 398 2662 qui
420 2601 673 2649 cardinalis
696 2603 937 2650 concessit
970 2602 1152 2651 eisdem
1180 2601 1499 2665 indulgentias
1532 2615 1620 2662 per
1648 2599 1940 2649 cardinalem
1967 2616 2083 2648 con-

319 2683 423 2731 cedi
447 2684 607 2731 solitas
630 2688 676 2732 et
695 2689 968 2744 consuetas,
1005 2686 1064 2746 de
1094 2685 1266 2749 quibus
1293 2683 1515 2732 omnibus
1548 2686 1744 2745 rogatus
1762 2682 1850 2730 fuit
1869 2683 2083 2731 notarius

318 2766 535 2828 publicus
564 2768 936 2831 suprascriptus.

384 2849 561 2905 Quibus
597 2851 822 2913 peractiS,
864 2851 991 2899 idem
1035 2851 1288 2899 cardinalis
1338 2850 1450 2899 fecit
1490 2849 1535 2896 in
1581 2849 1752 2898 eodem
1788 2851 2081 2900 monasterio

317 2932 568 2994 prandium
584 2949 594 2991 3
613 2933 805 2980 interim
823 2938 1133 2982 accesserunt
1159 2934 1219 2981 ad
1242 2933 1398 2996 ipsum
1422 2932 1674 2981 servitores
1697 2932 1767 2980 sui
1786 2932 1864 2981 alii
1888 2937 1935 2981 et
1956 2933 2081 2982 cives

320 3015 597 3073 Florentini,
641 3016 690 3062 in
732 3032 935 3064 numero
976 3016 1191 3080 copioso,
1244 3016 1420 3063 multos
1463 3015 1766 3063 centenarios
1812 3016 2078 3065 excedenti.

319 3097 522 3145 Prandio
544 3104 703 3145 autem
724 3103 938 3162 peracto,
964 3098 1234 3162 supervenit
1263 3097 1472 3146 maxima
1499 3098 1656 3161 pluvia
1676 3113 1768 3161 que
1794 3102 1891 3146 tota
1906 3098 1986 3146 illa
2005 3098 2080 3146 die

317 3178 522 3237 duravit;
548 3195 642 3241 qua
662 3195 757 3227 non
780 3180 1017 3239 obstante,
1044 3181 1172 3228 idem
1193 3180 1448 3228 cardinalis
1467 3181 1749 3239 associatus,
1778 3185 1828 3228 ut
1850 3197 2009 3243 supra,
2034 3180 2081 3228 in

363 3325 395 3361 1.
425 3325 526 3361 Cette
553 3325 750 3362 ceremonia
771 3329 827 3362 est
851 3328 1018 3362 racontee
1036 3337 1101 3374 par
1128 3326 1282 3371 Bossus,
1304 3325 1422 3373 prieur
1451 3324 1500 3360 du
1525 3327 1729 3362 monastere
1753 3324 1798 3361 de
1829 3325 1982 3369 Fiesole,
2015 3325 2078 3373 qui

316 3383 460 3418 confera
475 3383 659 3420 lui-meme
675 3395 722 3422 au
746 3384 857 3432 jeune
876 3385 1036 3421 cardinal
1054 3384 1288 3421 l'investiture
1308 3383 1353 3434 de
1373 3394 1415 3420 sa
1444 3384 1609 3421 nouvelle
1637 3383 1793 3432 dignita.
1820 3384 1913 3433 Voy.
1932 3384 2078 3432 >Appen-

316 3442 408 3487 dice,
430 3450 471 3478 n⁰
485 3444 548 3479 39.
