2262 3958
159 290 265 336 [Mars
285 289 377 333 1486]
614 283 784 324 RERUM
817 283 1123 324 URBANARUM
1156 284 1508 324 COMMENTARII.
1871 284 1942 321 185

155 394 301 458 prout
324 390 374 439 in
393 388 723 441 ceremoniali.
751 388 887 438 Circa
904 389 1052 438 finem
1074 392 1234 438 autem
1259 406 1269 438 ε
1302 389 1517 439 Christus
1536 389 1698 455 sactus
1718 395 1804 447 est,
1832 395 1939 446 etc,

158 478 288 541 Papa
304 490 414 524 cum
435 474 577 523 mitra
605 473 856 522 descendit
882 473 942 521 de
973 473 1093 522 solio
1123 474 1182 522 ad
1207 473 1546 533 faldistorium,
1581 472 1662 521 ubi
1689 471 1824 520 finita
1842 471 1946 536 ipsa

156 560 439 625 antiphona,
471 557 732 623 genuflexit
759 572 911 621 usque
949 556 1011 604 ad
1040 556 1207 616 finem,
1247 561 1294 605 et
1327 557 1442 606 licet
1469 556 1593 605 male
1622 561 1674 605 ut
1707 571 1868 620 supra,
1897 559 1944 604 et

157 645 275 695 dixit
301 638 571 693 orationem
597 660 606 690 :
631 641 829 706 Respice
848 656 1121 705 queszmzzw,
1147 630 1233 689 etc·
1255 658 1265 701 ;
1296 645 1395 689 tum
1416 645 1617 705 accepta
1644 640 1803 700 mitra,
1829 639 1944 688 adiit

156 729 204 779 in
228 743 491 788 cameram,
517 740 661 777 cruce
684 728 731 774 et
750 723 1073 773 cardinalibus
1100 724 1494 788 precedentibuS,
1525 739 1580 772 ac
1615 741 1712 773 uno
1741 724 1800 772 de
1823 724 1946 788 epis-

159 813 294 878 copis
324 812 579 862 assistente
617 824 786 858 omnes
822 807 1037 856 fimbrias
1075 807 1216 856 simul
1252 808 1480 856 collectas
1510 824 1662 872 cappe
1699 811 1941 872 portante.

161 900 290 963 Papa
301 896 472 946 obtulit
483 895 531 943 in
546 892 826 943 adoratione
838 891 995 940 crucis
1008 891 1169 956 viginti
1184 891 1397 955 quinque
1411 891 1610 940 ducatos
1624 891 1729 939 auri
1742 891 1790 938 in
1805 907 1942 939 auro.

227 984 343 1031 Post
360 978 636 1046 prandium,
660 976 785 1025 hora
802 975 1019 1026 secunda
1044 975 1117 1025 vel
1145 975 1289 1036 circa,
1318 979 1509 1026 cantate
1532 975 1729 1024 fuerunt
1750 974 1798 1022 in
1820 974 1948 1023 dicta

160 1064 346 1130 capella
371 1063 556 1127 majore
589 1061 826 1111 matutine
857 1060 1170 1110 tenebrarum
1199 1076 1310 1110 cum
1347 1059 1638 1109 ceremoniis
1679 1058 1945 1117 consuetiS,

161 1152 292 1214 Papa
315 1148 544 1211 absente3
583 1151 770 1211 septem
803 1149 990 1195 tantum
1022 1145 1292 1195 cardinales
1323 1144 1660 1194 interfuerunt.
1693 1146 1860 1192 Rmus.
1886 1145 1944 1192 D.

161 1232 418 1284 cardinalis
439 1231 716 1281 Parmensis
744 1230 794 1279 in
815 1230 1079 1279 crastinum
1101 1234 1148 1279 et
1169 1230 1242 1279 bis
1270 1229 1599 1280 celebraturus
1624 1228 1742 1277 dixit
1769 1227 1951 1277 oratio-

159 1333 276 1367 nem
300 1316 534 1381 :Respice
565 1332 838 1381 quesumus,
863 1323 970 1375 ete„
1004 1331 1090 1380 pro
1122 1315 1219 1365 fine
1251 1315 1614 1375 matutinarum,
1652 1313 1700 1361 in
1726 1312 1836 1361 loco
1865 1327 1952 1362 suo

163 1401 464 1468 genuflexus.
487 1401 637 1450 Sedes
658 1417 780 1465 pape
816 1400 903 1449 fuit
943 1399 1140 1448 omnino
1171 1401 1316 1461 nuda,
1352 1400 1455 1448 solo
1496 1399 1691 1448 cussino
1726 1399 1951 1463 desuper,

164 1487 218 1533 ut
236 1483 400 1544 hodie,
430 1482 642 1532 violaceo
664 1483 878 1547 jacente.
907 1483 1031 1531 Ante
1054 1483 1201 1531 altare
1223 1482 1312 1531 fuit
1334 1482 1531 1547 pallium
1551 1483 1699 1548 panni
1720 1483 1779 1532 de
1801 1481 1958 1530 rascia

164 1567 390 1633 passione
412 1567 587 1616 Christi
611 1567 881 1616 laboratum
921 1570 968 1615 et
1001 1567 1211 1631 desuper
1236 1567 1386 1616 altare
1420 1567 1613 1617 tobalea
1644 1583 1739 1616 una
1769 1571 1957 1615 tantum

167 1651 373 1717 simplex
393 1656 441 1700 et
462 1640 726 1701 scabellum
755 1651 939 1699 nudum
964 1668 1109 1717 super
1141 1667 1237 1716 quo
1264 1655 1366 1700 erat
1394 1667 1513 1700 crux
1539 1652 1588 1700 in
1619 1652 1782 1701 medio
1805 1655 1852 1701 et
1874 1667 1959 1700 sex

167 1735 459 1785 candelabra
482 1735 597 1784 hinc
619 1739 667 1784 et
687 1735 799 1784 inde
822 1751 932 1785 cum
960 1737 1104 1786 certis
1133 1736 1258 1785 ceris
1288 1752 1424 1785 more
1450 1740 1704 1797 consuete,
1729 1752 1784 1785 ac
1815 1751 1962 1800 super

167 1819 439 1868 cancellum
461 1835 546 1868 sex
573 1819 833 1868 intorticia.

234 1903 444 1954 Sabbato
479 1907 664 1965 sancto,
695 1903 862 1968 vigilia
894 1905 1262 1954 resurrectionis
1291 1908 1347 1954 D.
1380 1907 1436 1954 N.
1468 1907 1510 1953 J.
1545 1903 1721 1953 Christi
1753 1919 1844 1967 que
1876 1904 1963 1953 fuit

168 1992 229 2039 25
249 1988 352 2038 dies
366 1987 544 2049 martii,
564 1988 714 2038 altare
736 1988 920 2054 capelle
942 1989 1141 2054 majoris
1162 1994 1384 2055 paratum
1406 1989 1494 2038 fuit
1515 1989 1828 2040 festinaliter:
1849 2005 1965 2038 crux

167 2073 426 2140 pretiosior
445 2073 495 2122 in
512 2073 692 2134 medio,
710 2073 944 2136 imagines
967 2077 1246 2122 sanctorum
1266 2073 1395 2124 Petri
1414 2078 1462 2122 et
1484 2073 1617 2122 Pauli
1632 2073 1965 2137 apostolorum

169 2174 225 2208 ac
247 2174 334 2208 sex
352 2157 640 2208 candelabra
659 2157 775 2206 hinc
792 2160 839 2205 et
860 2157 990 2217 inde,
1010 2158 1155 2222 pallia
1174 2158 1268 2207 duo
1291 2162 1401 2207 ante
1424 2158 1593 2218 altare,
1618 2158 1785 2207 subtus
1801 2158 1965 2207 album

170 2247 218 2292 et
237 2242 449 2307 desuper
472 2241 742 2291 violaceum
764 2241 867 2289 suit.
895 2241 1046 2291 Sedes
1069 2244 1196 2306 Pape
1219 2242 1406 2291 duobus
1436 2241 1593 2307 palliis
1616 2241 1836 2292 ordinata
1856 2241 1962 2301 fuit,

171 2325 419 2377 credentia
439 2325 584 2377 etiam
598 2330 767 2390 parata
786 2325 872 2376 fuit
895 2325 1039 2374 rebus
1061 2341 1120 2375 ex
1134 2341 1269 2376 more
1293 2330 1543 2387 consuete,
1568 2342 1743 2376 cereus
1765 2327 1967 2391 pascha-

169 2409 229 2462 lis
250 2414 299 2460 et
317 2409 571 2475 pulpitum,
607 2414 749 2475 prout
772 2409 818 2457 in
850 2409 1164 2458 ceremoniali
1197 2410 1385 2459 dicitur.
1425 2414 1592 2460 Rmus.
1620 2413 1676 2460 D.
1719 2411 1967 2460 lohannes

171 2493 427 2545 cardinalis
449 2495 725 2544 Parmensis
746 2494 947 2543 missam
974 2499 1020 2543 et
1043 2493 1261 2543 officium
1291 2495 1642 2557 celebraturus,
1667 2495 1886 2560 pervenit
1909 2497 1969 2546 ad

173 2578 408 2644 capellam
433 2595 444 2628 :
470 2579 659 2644 accepit
679 2579 894 2629 sandalia
916 2583 964 2628 et
990 2583 1276 2644 paramenta
1302 2581 1466 2629 omnia
1495 2580 1794 2645 pontificalia
1817 2596 1968 2644 usque

174 2662 236 2713 ad
254 2662 561 2712 dalmaticam
585 2663 832 2724 inclusive,
866 2679 960 2728 qua
985 2663 1197 2725 indutuS,
1233 2664 1426 2714 omissis
1453 2665 1752 2714 chirothecis
1775 2670 1824 2714 et
1841 2665 1964 2725 aliis,

175 2745 364 2810 accepit
380 2746 582 2812 pluviale
603 2747 889 2810 violaceum,
915 2752 963 2798 et
982 2747 1188 2797 accessit
1207 2747 1269 2797 ad
1289 2749 1459 2810 altare,
1489 2749 1570 2799 ubi
1592 2754 1723 2800 stans
1747 2750 1797 2799 in
1817 2767 1968 2799 cornu

178 2829 382 2896 epistole
419 2845 585 2879 versus
625 2832 686 2880 ad
714 2831 862 2881 altare
904 2847 963 2881 ex
994 2832 1117 2881 libro
1152 2849 1297 2897 super
1331 2834 1468 2883 altari
1501 2835 1679 2899 posit0,
1723 2834 1969 2885 benedixit

178 2929 355 2965 novum
380 2913 544 2979 ignem
565 2929 709 2978 quem
729 2913 778 2962 in
805 2913 1016 2978 quodam
1040 2930 1151 2963 vase
1180 2914 1270 2964 sibi
1301 2915 1489 2977 obtulit,
1515 2916 1683 2966 dicens
1714 2919 1762 2966 et
1784 2915 1970 2965 faciens

177 3002 320 3065 prout
344 2998 394 3048 in
418 2997 730 3051 ceremoniali
761 3002 808 3048 et
836 2997 1017 3046 missali
1045 2997 1335 3048 continetur.
1365 3000 1549 3049 Deinde
1582 3000 1762 3049 ibidem
1797 2998 1972 3048 eodem

178 3082 323 3132 modo
341 3082 586 3133 benedixit
602 3082 712 3132 thus
731 3081 779 3130 in
802 3097 1000 3132 cereum
1014 3081 1294 3147 ponendum
1312 3086 1359 3132 et
1376 3084 1582 3148 aspersit
1597 3099 1653 3132 ac
1670 3082 1940 3132 incensavit
1957 3099 1967 3143 ;

180 3171 282 3217 tum
321 3166 462 3217 rediit
496 3167 557 3216 ad
600 3165 917 3216 faldistorium
951 3165 1050 3225 ubi,
1083 3165 1303 3230 deposito
1333 3166 1542 3231 pluviali,
1580 3166 1770 3231 accepit
1808 3166 1972 3214 chiro-

179 3252 351 3301 thecas
377 3254 424 3300 et
445 3250 537 3300 alia
556 3254 838 3316 paramenta
858 3266 913 3300 ac
935 3251 1129 3299 mitram
1152 3249 1423 3314 simplicem
1441 3265 1576 3298 more
1598 3254 1853 3299 consueto,
1870 3252 1972 3307 Quo

181 3338 368 3400 parat0,
399 3337 530 3400 Papa
545 3334 740 3384 indutus
762 3334 959 3393 amictu,
984 3333 1109 3394 alba,
1132 3332 1344 3397 cinguIO,
1370 3333 1492 3381 stola
1511 3332 1762 3392 violaceiS,
1782 3332 1973 3397 pluviali

182 3418 333 3467 rubeo
353 3421 400 3467 et
418 3418 560 3467 mitra
578 3417 895 3482 simplicibuS,
911 3418 1039 3466 venit
1057 3417 1115 3466 ad
1134 3417 1387 3482 capellam,
1406 3417 1783 3481 precedentibus
1804 3433 1969 3477 cruce,
