2262 3958
147 324 257 370 [Au-tl
276 316 368 364 14001
589 319 758 358 RERUM
777 318 1098 357 'URBANARUM
1131 316 1483 357 COMMENTARII.
1859 315 1926 352 401

146 420 279 477 dieta
294 417 560 475 tractandis
581 420 771 472 futurus
793 427 914 481 erat,
935 422 1082 472 etiam
1102 420 1380 487 hujusmodi
1396 424 1674 469 sermonem
1692 417 1934 482 postmis-

146 525 251 559 sam
271 507 451 558 debere
473 507 703 557 ordinari.
729 507 887 556 Finito
910 521 1153 564 sermone,
1178 506 1261 554 SS.
1280 508 1338 554 D.
1363 508 1531 552 noster
1552 502 1684 552 dedit
1704 501 1935 551 benedic-

145 588 329 644 tionem
359 588 644 641 consuetam
675 591 841 639 dicens
867 607 877 638 ε
904 590 984 638 Sit
1008 606 1178 638 nomen
1204 593 1320 647 etc.,
1351 592 1398 637 et
1419 581 1686 653 ‘episcopus
1720 586 1801 651 qui
1835 603 1938 635 ser-

144 655 342 727 monem
370 676 551 725 fecerat
586 674 847 740 publicavit
874 673 1200 736 indulgentias
1231 689 1319 737 per
1344 672 1627 736 pontificem
1647 686 1934 729 concessas3
2006 730 2007 733 Ἴ

144 765 247 811 tum
279 759 532 810 descendit
565 757 836 822 depulpito
868 761 916 805 et
942 761 1253 805 recesserunt
1283 771 1471 804 omnes.
1509 756 1771 804 Celebrans
1800 770 1934 814 verO,

144 844 505 910 quamprimum
532 842 714 890 dictum
742 845 815 890 est
841 840 915 888 Ite
938 841 1081 888 missa
1105 847 1188 899 est,
1214 840 1310 888 Deo
1338 840 1539 903 qratia&
1573 839 1691 887 dixit
1717 840 1932 897 Placeat,

145 928 443 994 evanqelium
469 942 509 975 s.
529 924 780 974 Iohannis.
804 924 1038 988 Deposuit
1057 928 1216 972 vestes
1237 938 1417 981 sacraS,
1447 922 1634 986 accepit
1657 939 1859 987 cappam
1887 928 1934 972 et

139 1010 325 1062 *resedit
344 1009 471 1059 inter
490 1009 610 1058 alios
633 1007 904 1057 cardinales
931 1008 980 1055 in
1006 1007 1115 1056 loco
1141 1022 1229 1056 suo
1257 1023 1349 1054 nec
1376 1006 1456 1054 ille
1479 1021 1756 1055 sermonem
1792 1022 1933 1054 suum

139 1095 340 1160 incepit,
374 1110 626 1159 quousque
653 1093 784 1142 idem
815 1093 1074 1142 cardinalis
1099 1092 1351 1142 celebrans
1373 1091 1433 1140 ad
1457 1091 1620 1140 locum
1641 1107 1783 1139 suum
1811 1090 1937 1139 inter

142 1179 264 1229 alies
281 1178 553 1228 cardinales
574 1177 818 1227 rediisset.

209 1265 324 1312 Post
349 1261 606 1328 prandium
635 1261 873 1327 ejusdem,
910 1263 992 1310 SS.
1031 1264 1088 1310 D.
1129 1265 1296 1310 noster
1323 1261 1554 1325 equitavit
1586 1261 1647 1309 ad
1681 1259 1940 1310 ecclesiam

138 1342 288 1397 beate
307 1346 458 1395 Marie
480 1342 541 1394 ad
560 1345 826 1394 Minervam
842 1345 924 1394 ubi
942 1345 1262 1409 quadraginta
1283 1345 1484 1394 ducatos
1506 1345 1680 1394 obtulit
1699 1360 1788 1409 pro
1803 1343 1943 1408 puel-

140 1430 205 1480 lis
239 1429 523 1480 maritandis
550 1429 771 1479 societati
803 1430 1108 1479 Annunciate
1131 1429 1305 1478 deinde
1328 1430 1389 1477 ad
1416 1430 1558 1479 beate
1576 1429 1727 1478 Marie
1752 1428 1811 1476 de
1844 1430 1938 1477 Po—

146 1514 288 1580 pulo;
311 1518 416 1564 tum
435 1513 580 1563 rediit
598 1513 659 1562 ad
678 1513 928 1578 palatium,
945 1513 1269 1562 cardinalibus
1284 1518 1393 1578 post
1410 1530 1606 1562 crucem
1628 1517 1739 1561 ante
1756 1515 1937 1577 Papam

147 1598 476 1663 equitantibus
505 1598 678 1663 quibus
704 1598 825 1647 citra
841 1603 1040 1663 pontem
1060 1599 1192 1649 dedit
1212 1599 1461 1648 licentiam
1480 1599 1653 1648 domos
1672 1597 1934 1657 redeundi,

148 1686 293 1748 prout
312 1682 494 1732 factum
517 1687 606 1732 est.

214 1766 470 1815 Dominica
493 1767 661 1831 quinta
681 1766 1052 1832 quadragesime
1075 1783 1169 1831 que
1191 1767 1250 1816 de
1272 1768 1498 1832 passione
1521 1767 1714 1827 dicitur,
1741 1772 1800 1816 28
1824 1767 1939 1816 dicti

143 1845 331 1900 'mensis
366 1850 546 1910 martii,
586 1855 641 1900 R.
673 1854 726 1900 P.
763 1855 841 1900 D.
862 1851 1109 1900 Johannes
1149 1852 1404 1916 episcopus
1451 1852 1771 1901 Tornacensis
1813 1852 1942 1900 cele-

146 1934 303 1984 bravit
339 1934 540 1983 missam
569 1935 814 1999 publicam
839 1935 888 1982 in
924 1935 1111 2000 capella
1135 1936 1371 2000 predicta,
1399 1939 1529 2000 Papa
1556 1941 1803 2000 presente.
1829 1937 1943 1984 Ser-

147 2033 348 2069 monem
383 2018 499 2068 fecit
540 2019 736 2083 quidam
778 2019 928 2068 frater
967 2024 1254 2084 procurator
1296 2020 1479 2069 ordinis
1508 2036 1759 2070 servorum
1797 2021 1941 2070 beate

137 2101 317 2152 Maria.

215 2185 358 2234 Feria
376 2183 530 2246 sexta,
555 2190 583 2234 2
602 2186 783 2249 apriliS‚
807 2186 930 2235 hora
947 2186 1077 2235 circa
1096 2187 1400 2251 vigesimam,
1422 2205 1508 2252 per
1524 2192 1662 2252 prata
1680 2193 1728 2237 et
1749 2193 1940 2252 portam

148 2267 377 2319 viridarii
396 2269 528 2319 venit
549 2269 610 2318 ad
631 2269 811 2319 Urbem
835 2270 906 2318 Ill.
935 2273 992 2318 D.
1018 2270 1173 2319 Guido
1195 2271 1292 2319 dux
1317 2272 1482 2320 Urbini
1505 2288 1616 2320 cum
1639 2271 1834 2321 circiter
1851 2272 1940 2321 du-

146 2352 302 2402 centis
341 2356 390 2402 et
426 2352 777 2417 quinquaginta
815 2352 1056 2416 equitibus
1091 2357 1139 2402 et
1175 2353 1516 2414 familiaribus,
1554 2355 1634 2418 qui
1680 2371 1708 2402 a
1746 2354 1939 2402 familiis
2009 2383 2011 2385 >

146 2435 464 2485 cardinalium
507 2441 554 2486 et
587 2438 669 2485 SS.
710 2440 766 2485 D.
808 2438 864 2484 N.
906 2452 962 2484 ac
1000 2442 1248 2486 oratorum
1292 2454 1463 2502 regum
1497 2455 1553 2486 ac
1585 2438 1857 2502 principum
1891 2438 1939 2485 in

147 2519 275 2570 Urbe
296 2519 609 2570 existentium
630 2520 900 2569 honorifice
925 2525 1151 2585 receptus
1174 2526 1265 2580 est,
1301 2527 1349 2571 et
1382 2523 1511 2571 venit
1541 2522 1602 2570 ad
1629 2522 1779 2586 pedes
1802 2538 1941 2569 sanc-

146 2603 320 2653 tissimi
343 2603 527 2654 domini
561 2604 713 2653 nostri
748 2620 872 2668 pape
902 2604 951 2651 in
982 2604 1198 2653 secunda
1227 2622 1422 2655 camera
1454 2622 1598 2670 super
1620 2607 1763 2655 lobiis
1796 2622 1943 2669 super

147 2691 335 2752 portam
357 2687 582 2737 introitus
603 2687 767 2752 palatii
802 2688 1045 2747 sedentis,
1070 2689 1151 2753 qui
1174 2706 1286 2738 eum
1317 2690 1378 2738 ad
1404 2690 1560 2754 pedis,
1583 2707 1756 2739 manus
1779 2695 1826 2739 et
1845 2690 1941 2738 oris

149 2771 370 2821 osculum
398 2771 610 2836 benigne
632 2772 834 2836 recepit,
860 2772 1038 2821 audivit
1068 2778 1115 2822 et
1149 2773 1210 2821 ad
1233 2774 1535 2838 propositum
1554 2774 1830 2838 respondit,
1856 2774 1941 2822 de-

148 2853 261 2903 inde
292 2853 354 2902 ad
375 2854 608 2918 palatium
633 2855 757 2902 Rmi.
784 2858 841 2903 D.
867 2855 1125 2904 cardinalis
1148 2858 1196 2905 S.
1221 2858 1352 2906 Petri
1377 2858 1436 2905 ad
1457 2859 1679 2915 Vincula,
1697 2859 1835 2922 juxta
1855 2858 1940 2905 ba-

150 2937 336 2986 silicam
356 2937 613 2987 duodecim
635 2938 984 3002 apostolorum,
1008 2939 1090 2987 ubi
1116 2939 1389 3004 hospitatus
1410 2946 1501 3000 est,
1525 2942 1810 2999 associatuS,
1835 2957 1939 2990 me-

150 3021 256 3070 dius
277 3021 404 3071 inter
427 3025 484 3071 D.
514 3021 792 3071 Mauritium
814 3022 931 3070 Cibo
952 3022 1151 3072 fratrem
1174 3025 1256 3072 SS.
1286 3027 1342 3073 D.
1369 3028 1425 3073 N.
1450 3041 1573 3090 pape
1598 3041 1626 3073 a
1656 3025 1868 3074 dexteris
1890 3030 1937 3073 et

150 3105 528 3169 gubernatorem
556 3106 697 3155 Urbis
719 3122 747 3154 a
768 3106 992 3164 sinistris,
1024 3106 1245 3170 equitans
1265 3124 1274 3166 ;
1307 3109 1622 3172 sequentibus
1640 3109 1746 3156 aliis
1768 3108 1937 3157 ordine

152 3187 405 3239 consueto.
442 3189 776 3238 Precedebant
812 3195 974 3239 autem
1013 3190 1194 3239 familie
1231 3192 1567 3251 cardinalium,
1605 3197 1651 3241 et
1682 3192 1730 3239 in
1771 3193 1938 3242 ultimo

98 3301 106 3308 ·
151 3273 262 3323 loco
284 3278 405 3332 erat,
437 3278 547 3338 post
577 3277 704 3339 Pape
732 3278 779 3323 et
807 3274 942 3322 ducis
975 3274 1189 3322 nobilem
1216 3275 1466 3335 familiam,
1492 3276 1588 3324 dux
1610 3278 1728 3325 Sore
1751 3276 1941 3325 medius

156 3357 376 3422 equitans
400 3357 527 3406 inter
546 3357 858 3406 Franciscum
883 3358 999 3406 Cibo
1027 3358 1181 3407 filium
1203 3361 1331 3423 Pape
1354 3375 1382 3407 a
1403 3359 1616 3409 dexteris
1638 3365 1685 3409 et
1713 3360 1941 3410 comitem

154 3441 419 3491 Antonium
446 3440 643 3492 fratrem
667 3441 977 3506 illegitimum
1007 3442 1143 3491 ducis
1173 3442 1340 3491 Urbini
1362 3459 1391 3491 a
1417 3443 1653 3503 sinistris;
1685 3459 1807 3508 quos
1833 3460 1945 3508 pre-

345 3549 379 3574 τ.
408 3549 433 3574 ¹.
1709 3540 1757 3575 26
