2262 3958
191 327 272 369 [Mai
287 325 378 367 1492]
633 319 802 355 RERUM
838 318 1064 355 URBANAH
1072 318 1136 354 EM
1171 317 1501 354 ‹2:0MMEN'1',xffl¹
1512 345 1520 353 .
1901 315 1968 349 477

257 446 278 468 «
304 427 372 473 De
393 421 620 470 mandato
643 424 726 471 SS.
755 425 808 471 D.
848 424 903 470 N.
938 439 1060 487 pape
1085 422 1334 470 intimetur
1364 421 1554 470 RRmis.
1578 423 1678 469 DD.
1717 419 1969 468 cardinali-

186 507 274 556 bus
293 505 424 570 quod
441 505 517 554 die
542 506 750 555 crastina
776 506 902 554 inter
929 521 1050 554 xvm
1079 511 1126 555 et
1148 521 1230 553 xrx
1251 506 1424 554 horam
1450 503 1645 552 intrabit
1674 502 1853 552 Urbem
1883 519 1970 567 per

187 594 377 655 portam
399 592 776 639 Lateranensem
798 589 995 636 illustris
1030 589 1254 653 princeps
1286 592 1462 652 Capue,
1498 587 1575 636 cui
1611 587 1747 635 ibunt
1781 585 1967 635 obviam

185 677 319 723 extra
339 674 561 722 eamdem
581 677 770 738 portam
793 672 957 720 RRmi.
985 675 1084 720 DD.
1123 673 1391 721 cardinales
1416 675 1785 720 Beneventanus
1811 675 1858 720 et
1881 673 1968 719 Se—

186 756 375 817 nensis3
400 757 479 805 alii
497 771 666 805 omnes
688 755 880 804 mittent
906 754 1111 803 familias
1143 772 1254 803 suas
1275 763 1322 804 et
1343 755 1430 819 ipsi
1461 750 1732 803 cardinales
1753 755 1889 803 ibunt
1910 755 1966 802 ad

183 841 414 907 palatium
437 845 489 889 ut
520 839 784 904 receptioni
818 838 931 887 dicti
961 838 1191 902 principis
1212 838 1462 898 intersint3
1488 842 1717 902 poterunt
1747 842 1970 902 preterea

185 925 352 974 RRmi.
378 927 480 973 DD.
503 922 770 972 cardinales
799 921 993 970 familiis
1021 922 1120 970 suis
1149 922 1452 970 committere
1480 925 1549 981 ut,
1576 921 1793 985 principe
1812 921 1971 970 hono—

128 1070 135 1082 ·
185 1015 307 1070 rato,
339 1007 536 1074 prelatis
567 1022 680 1056 cum
707 1006 925 1071 principe
958 1006 1340 1065 remanentibUS,
1371 1004 1519 1053 ceteri
1548 1004 1746 1053 domum
1773 1005 1972 1053 redeant

182 1093 244 1142 ad
259 1092 528 1142 cardinales
551 1107 682 1151 suos,
706 1090 768 1139 ad
785 1090 1018 1155 palatium
1043 1090 1361 1154 apostolicum
1388 1088 1672 1138 associaturi
1706 1104 1789 1137 eos
1816 1089 1908 1147 vel,
1935 1088 1972 1136 si

181 1176 336 1240 magis
367 1176 575 1241 placeat,
608 1178 836 1240 poterunt
870 1173 1140 1223 cardinales
1171 1173 1303 1238 prius
1339 1173 1400 1222 ad
1434 1173 1664 1238 palatium
1701 1173 1972 1239 predictum

179 1261 269 1321 ire,
306 1259 482 1310 deinde
521 1259 752 1308 familiam
796 1274 883 1323 pro
918 1258 1206 1307 honorando
1243 1257 1460 1322 principe
1500 1257 1718 1322 predicto
1755 1256 1967 1306 mittere.

179 1344 438 1394 Intimetur
472 1344 618 1394 etiam
659 1343 911 1407 capitaneo
939 1342 1175 1403 Ecclesie,
1211 1342 1422 1391 senatori
1454 1341 1593 1390 Urbis
1625 1345 1672 1390 et
1700 1341 1971 1390 oratoribus

182 1428 458 1494 principum
480 1431 528 1477 et
547 1431 885 1493 potentatuum
906 1427 955 1476 in
983 1427 1112 1476 Urbe
1133 1426 1450 1476 existentibus
1479 1426 1712 1474 adventus
1743 1425 1973 1490 principis

183 1512 390 1578 predicti
430 1517 478 1562 et
512 1512 642 1577 quod
672 1512 716 1561 ei
744 1513 932 1561 honore
972 1511 1134 1560 debito
1164 1510 1354 1560 obviam
1385 1514 1513 1559 eant.
1555 1509 1787 1559 Similiter
1825 1513 1872 1558 et
1913 1511 1969 1556 D.

187 1597 418 1663 Raphaeli
442 1597 501 1647 de
523 1599 651 1647 Sena
669 1596 937 1661 expeditori
956 1598 1042 1645 SS.
1072 1598 1128 1644 D.
1155 1597 1211 1644 N.
1237 1610 1381 1660 pape,
1411 1594 1775 1659 vice-magistro
1798 1593 1973 1643 domus

183 1681 315 1746 quod
343 1682 503 1731 mittat
523 1681 584 1731 ob
616 1697 814 1730 causam
842 1680 1108 1746 predictam
1130 1679 1335 1744 principi
1365 1679 1554 1728 obviam
1575 1679 1788 1744 prelatos
1810 1677 1972 1743 palatii

182 1770 232 1816 et
260 1750 492 1816 familiam
515 1769 641 1831 Pape
674 1781 811 1815 more
835 1765 994 1814 solito.
1032 1785 1053 1809 »

249 1849 524 1907 Dominica‚
550 1853 609 1898 27
631 1850 744 1899 dicti
767 1850 950 1899 mensis
972 1849 1102 1909 maii,
1137 1850 1197 1897 de
1220 1848 1447 1897 mandato
1470 1850 1555 1897 SS.
1582 1851 1640 1897 D.
1664 1849 1718 1896 N.
1741 1863 1865 1912 pape
1880 1862 1968 1912 per

181 1933 457 1984 Johannem
487 1934 691 1983 Pavonis
725 1934 833 1983 heri
864 1950 973 1983 sero
1009 1933 1223 1983 secundo
1254 1933 1372 1981 mihi
1407 1933 1554 1993 facto,
1586 1933 1708 1981 hora
1739 1947 1868 1981 nona
1900 1932 1973 1980 vel

182 2018 331 2078 circa,
356 2034 579 2068 reversus
602 2035 661 2068 ex
682 2018 810 2068 Urbe
832 2018 1069 2067 Marinum
1100 2017 1178 2066 ubi
1202 2017 1399 2065 illustris
1420 2016 1646 2081 princeps
1668 2019 1828 2081 Capue
1850 2019 1970 2075 erat,

183 2102 244 2150 ad
259 2101 632 2167 significandum
654 2103 698 2151 ei
717 2118 812 2166 quo
842 2103 1010 2152 ordine
1039 2106 1085 2151 et
1115 2102 1290 2165 quibus
1318 2101 1610 2166 ceremoniis
1635 2101 1695 2149 ad
1726 2100 1906 2150 Urbem
1928 2103 1975 2148 et

185 2186 271 2235 SS.
298 2187 355 2234 D.
378 2187 435 2234 N.
462 2191 593 2235 esset
609 2201 923 2245 accessurus3
948 2189 999 2235 ut
1020 2185 1137 2234 mihi
1161 2184 1476 2234 commissum
1498 2188 1619 2234 erat.
1651 2183 1781 2232 Illus.
1807 2181 1974 2231 Domi-

182 2268 368 2318 nationi
390 2285 476 2318 sue
499 2270 720 2335 exposui,
745 2286 800 2319 ac
828 2286 939 2318 cum
967 2269 1066 2318 suis
1101 2269 1159 2318 de
1196 2268 1418 2317 omnibus
1453 2268 1671 2317 ordinem
1699 2266 1827 2325 dedi,
1860 2266 1974 2315 licet

181 2367 281 2401 non
292 2353 433 2402 fuerit
446 2354 731 2403 observatus
753 2371 762 2403 :
782 2354 986 2404 recessit
1000 2353 1111 2402 inde
1129 2352 1406 2401 Dominatio
1424 2368 1510 2401 sua
1522 2352 1649 2402 circa
1659 2352 1832 2400 horam
1844 2349 1975 2399 deci-

182 2452 313 2486 mam
328 2437 562 2502 quintam.
578 2440 927 2488 Precesserunt
940 2438 1180 2487 muliones
1198 2453 1310 2486 cum
1328 2436 1528 2502 psalmis
1545 2450 1750 2484 numero
1767 2450 1969 2493 cxxxm3

183 2519 358 2569 deinde
383 2521 640 2570 servitores
659 2522 891 2583 minores,
917 2521 1186 2571 successive
1211 2521 1421 2586 majores
1443 2520 1697 2585 gradatim,
1721 2524 1866 2585 prout
1888 2535 1976 2583 per

184 2612 297 2653 suos
320 2604 553 2654 officiales
572 2606 633 2655 ad
650 2606 744 2655 hoc
763 2606 1020 2672 deputatos
1036 2606 1121 2655 fuit
1142 2606 1433 2655 ordinatum.
1453 2605 1641 2654 Primus
1662 2621 1720 2654 ex
1738 2603 1974 2652 nobilibus

184 2684 482 2751 principibus
508 2687 596 2736 fuit
619 2690 676 2735 D.
701 2687 979 2752 Alphonsus
994 2689 1053 2739 de
1066 2690 1326 2755 Aragonia,
1343 2689 1562 2738 marchio
1580 2687 1976 2747 Gi1·acensis,fra-

185 2773 262 2818 ter
281 2770 602 2819 consobrinus
623 2771 872 2836 principis,
896 2774 1136 2823 secundus
1157 2773 1355 2823 illustris
1375 2773 1471 2822 dux
1491 2772 1861 2837 Amalphitanus
1884 2771 1975 2819 fra-

184 2856 259 2902 ter
294 2852 419 2902 Rmi.
452 2857 510 2903 D.
552 2855 808 2904 cardinalis
841 2857 1088 2917 Senensis,
1126 2858 1296 2907 tertius
1330 2858 1619 2923 magnificus
1655 2858 1711 2905 D.
1753 2854 1972 2904 marchio

184 2936 394 2988 Piscarie
417 2943 464 2988 et
482 2939 578 2998 alii,
599 2945 742 3004 prout
763 2940 811 2988 in
832 2939 944 2989 lista
963 2941 1164 2990 inferius
1181 2943 1487 3007 registratum
1500 2941 1766 2990 videbitur:
1789 2955 1877 3004 per
1889 2955 1973 2987 sex

183 3021 404 3071 milliaria
442 3023 517 3072 vel
547 3024 677 3072 circa
715 3028 850 3073 extra
880 3026 1060 3074 Urbem
1089 3030 1326 3075 venerunt
1354 3027 1542 3075 obviam
1574 3024 1776 3090 principi
1805 3039 1972 3072 comes

183 3104 389 3154 Pitiliani
427 3108 706 3172 capitaneus
740 3108 980 3168 Ecclesie,
1023 3109 1308 3158 Franciscus
1342 3110 1459 3158 Cibo
1498 3110 1625 3157 filius
1653 3112 1781 3173 Pape
1813 3112 1861 3156 et
1889 3107 1972 3155 Al-

182 3188 400 3252 phonsus
421 3191 481 3240 de
504 3194 719 3242 Carretto
742 3193 959 3242 marchio
979 3193 1157 3241 Finarii
1173 3197 1221 3242 et
1244 3196 1300 3242 D.
1323 3193 1604 3242 Dominicus
1627 3191 1771 3240 Doria
1790 3191 1971 3255 capita—

183 3288 304 3322 neus
322 3275 483 3338 palatii
506 3278 652 3342 Pape,
678 3292 789 3326 cum
815 3291 984 3326 eorum
1006 3282 1150 3341 gente
1176 3293 1186 3324 ε
1209 3276 1350 3340 primi
1374 3282 1471 3324 tres
1494 3291 1592 3324 non
1614 3275 1971 3324 descenderunt

185 3372 244 3406 ex
266 3358 418 3422 equis,
445 3359 531 3410 sed
551 3363 610 3409 D.
635 3360 919 3410 Dominicus
942 3361 1087 3410 Doria
1109 3364 1316 3410 tantum.

250 3440 480 3506 Princeps
517 3443 701 3507 recepit
736 3460 764 3492 a
793 3444 973 3493 dextris
1017 3444 1323 3508 capitaneum
1361 3445 1577 3494 Ecclesie
1615 3448 1663 3495 et
1701 3461 1729 3494 a
1765 3443 1970 3494 sinistris
