2262 3958
323 326 392 363 202
922 321 1153 357 JOHANNIS
1191 320 1480 367 muscatam,
1893 326 1972 367 [nai
1996 326 2084 368 usa]

328 444 446 478 sam.
472 430 754 477 Sermonem
785 426 894 474 fecit
922 425 1114 488 quidam
1142 424 1391 490 presbyter
1411 423 1658 488 hispanus,
1690 427 1809 478 Rmi.
1837 428 2090 481 cardinalis

322 510 681 574 Andegavensis
709 508 1000 572 capellanus.

392 593 533 643 Feria
552 593 778 652 secunda,
797 595 855 639 22
874 592 985 640 maii
1006 592 1288 655 interrogavi
1307 593 1389 640 SS.
1404 594 1460 639 D.
1478 594 1533 641 N.
1552 609 1695 656 quem
1717 596 1932 645 ordinem
1952 597 2091 647 vellet

328 675 569 724 observari
590 675 715 724 inter
735 675 965 724 officiales
987 691 1184 725 romane
1206 675 1336 723 curie
1358 675 1405 722 in
1423 676 1733 739 processione
1751 678 1857 726 festi
1875 680 2091 743 corporis

328 757 521 819 Christi,
543 774 638 822 qua
658 774 851 822 semper
868 759 1022 807 solent
1044 758 1336 807 contendere
1354 773 1498 821 super
1516 759 1839 822 precedentia.
1857 762 2091 811 Sanctitas

324 857 410 890 sua
422 841 607 891 remisit
621 858 697 890 me
714 842 774 890 ad
793 845 848 889 R.
871 844 929 891 D.
947 842 1217 890 Johannem
1239 842 1519 906 episcopum
1539 845 1893 892 Tornacensem
1914 844 2092 908 magis·-

330 930 462 975 trum
483 925 654 973 domus
674 941 776 985 sue,
795 930 842 974 et
861 925 940 974 ille
961 925 1021 973 ad
1038 928 1228 973 Rmum.
1253 928 1309 973 D.
1335 925 1626 974 cardinalem
1657 943 1696 974 s.
1725 927 1913 991 Georgii
1938 943 2094 976 came-

333 1008 531 1068 rarium,
555 1011 605 1056 ut
625 1008 689 1056 illi
717 1007 929 1056 dicerem
951 1008 1077 1071 quod
1104 1008 1162 1057 de
1184 1008 1410 1056 mandato
1438 1010 1520 1057 SS.
1543 1012 1598 1056 D.
1623 1012 1678 1057 N.
1703 1025 1826 1073 pape
1860 1009 2091 1059 officiales

325 1092 385 1140 ad
410 1107 461 1139 se
486 1095 732 1139 revocaret
754 1095 800 1139 et
822 1106 904 1139 eos
927 1091 1269 1150 concordaret3
1300 1091 1380 1154 qui
1410 1093 1527 1140 mihi
1554 1093 1799 1157 respondit
1824 1109 1874 1140 se
1907 1093 1955 1140 in
1983 1092 2092 1141 offi-

327 1175 473 1223 ciales
494 1174 770 1238 hujusmodi
791 1174 972 1221 nullam
994 1174 1379 1237 jurisdictionem
1405 1175 1603 1235 habere,
1629 1175 1713 1224 sed
1733 1175 1885 1239 magis
1910 1175 1958 1222 id
1981 1190 2093 1223 con-

329 1258 490 1306 venire
512 1260 651 1305 Rmo.
677 1259 734 1304 D.
765 1256 1158 1305 vicecancellario
1186 1257 1266 1320 qui
1287 1257 1334 1304 in
1364 1273 1446 1306 eos
1467 1259 1667 1307 haberet
1685 1257 2088 1321 jurisdictionem.

390 1345 640 1405 Responso
668 1341 777 1388 dato
809 1338 847 1387 a'
862 1342 919 1388 D.
952 1340 1178 1405 episcopo
1208 1341 1517 1400 Tornacensi,
1556 1342 1640 1389 SS.
1676 1343 1732 1388 D.
1770 1343 1825 1389 N.
1860 1340 2095 1389 ordinavit

323 1424 454 1488 quod
488 1424 653 1472 RRmi.
693 1425 793 1471 DD.
826 1423 1245 1472 vicecancellarius
1268 1428 1315 1471 et
1336 1417 1644 1482 camerarius,
1669 1428 1925 1487 propterea
1948 1422 2093 1471 iidem

324 1508 490 1555 RRmi.
523 1507 805 1566 cardinaleS,
831 1507 906 1554 die
927 1522 1066 1554 xxun
1089 1506 1198 1554 maii
1228 1506 1426 1570 predicti
1449 1510 1496 1555 et
1516 1506 1629 1569 quid
1648 1506 1940 1565 faciendum,
1969 1509 2017 1554 et
2038 1521 2095 1554 ea

326 1591 402 1638 die
455 1589 581 1637 circa
626 1589 985 1652 precedentiam
1034 1588 1300 1652 predictam
1358 1590 1709 1637 observandum
1757 1589 2091 1638 decernerent.

327 1674 502 1738 Accepi
526 1671 699 1721 deinde
719 1672 973 1720 formulam
998 1671 1177 1720 ordinis
1201 1672 1249 1719 in
1277 1671 1404 1722 dicta
1428 1671 1739 1736 processione
1767 1671 2046 1720 observandi
2068 1687 2094 1720 a

329 1759 545 1823 predicto
581 1762 638 1807 D.
700 1759 927 1821 episcopo
966 1755 1274 1814 Tornacensi,
1324 1755 1650 1803 continentem
1695 1754 1822 1817 quod
1860 1754 2093 1802 officiales

331 1845 613 1904 sequentem
635 1841 853 1889 ordinem
884 1839 1190 1887 observarent
1210 1855 1219 1886 :
1239 1838 1517 1886 incederent
1536 1837 1690 1901 primo
1713 1836 1885 1884 notarii
1907 1837 2095 1885 audito-

330 1940 436 1972 rum
459 1928 581 1983 rote,
605 1923 777 1972 deinde
795 1926 1131 1986 procuratores
1149 1920 1502 1985 penitentiarie,
1528 1919 1688 1968 clerici
1709 1919 1898 1984 registri
1919 1920 2096 1985 suppli-

337 2009 600 2067 cationnm,
648 2006 983 2054 sollicitatores
1033 2005 1281 2053 literarum
1328 1991 1715 2067 apostolicarum,
1759 2006 2095 2067 procuratores

328 2089 568 2138 audientie
607 2088 1032 2146 contradictarum,
1064 2087 1322 2150 scriptores
1357 2086 1711 2150 penitentiarie,
1741 2085 2094 2134 abbreviatores

329 2173 387 2221 de
417 2187 563 2236 parco
591 2171 782 2231 minori,
808 2171 1023 2247 magistri
1043 2169 1225 2234 plumbi
1246 2170 1525 2229 bullatores,
1543 2166 1794 2218 'secretarii
1813 2172 1860 2217 et
1881 2168 2095 2217 advocati

329 2256 532 2315 mixtim,
557 2260 895 2319 procuratores
919 2254 1142 2301 ordinum
1170 2253 1564 2312 mendicantium,
1594 2257 1931 2317 procuratores
1963 2252 2096 2316 prin-

330 2341 508 2403 cipum,
539 2337 818 2386 cubicularii
843 2341 977 2385 extra
1002 2352 1264 2397 cameram,
1298 2341 1512 2385 oratores
1545 2337 1832 2400 principum,
1867 2336 2091 2394 barones,

333 2428 572 2481 cantores,
608 2421 781 2485 acolyti
817 2421 918 2467 sine
947 2420 1119 2478 cereiS,
1155 2424 1202 2468 et
1231 2420 1308 2467 alii
1340 2435 1475 2467 more
1505 2419 1661 2467 solito.
1698 2421 1749 2466 In
1785 2418 2095 2482 processione

331 2506 624 2569 hujusmodi,
666 2520 763 2552 non
795 2503 962 2551 inveni
994 2503 1042 2549 in
1078 2502 1235 2565 aliquo
1269 2502 1390 2549 libro
1423 2501 1582 2548 locum
1622 2500 1802 2548 habere
1841 2503 1923 2547 aut
1954 2499 2099 2546 inter-

331 2588 492 2636 venire
536 2587 793 2650 scriptores
825 2586 1068 2647 utriusque
1104 2584 1310 2648 registri,
1350 2583 1562 2631 notarios
1607 2598 1798 2630 camere
1834 2581 2097 2645 apostolice

337 2675 384 2719 et
414 2670 623 2717 notarios
659 2669 789 2716 curie
825 2683 1080 2717 causarum
1119 2682 1310 2716 camere
1354 2666 1636 2730 apostolice,
1678 2665 1790 2713 licet
1822 2664 2099 2728 hujusmodi

336 2753 500 2801 officia
528 2754 620 2800 sint
639 2752 751 2800 satis
773 2752 994 2814 antiqua;
1026 2752 1165 2815 cujus
1187 2751 1256 2798 rei
1275 2765 1467 2797 causam
1490 2749 1676 2812 ignoro.

398 2836 537 2883 Feria
565 2839 749 2898 quarta,
780 2838 840 2881 24
866 2834 996 2893 maii,
1023 2834 1182 2897 vigilia
1211 2833 1428 2896 corporis
1456 2832 1647 2891 Christi,
1681 2831 1874 2879 fuerunt
1899 2846 2100 2894 vespere

335 2919 530 2982 papales
550 2919 598 2965 in
621 2918 804 2981 capella
817 2918 999 2979 majore
1018 2916 1198 2980 palatii,
1224 2919 1352 2979 Papa
1378 2920 1602 2979 presente
1625 2919 1671 2963 et
1691 2914 1949 2978 incipiente
1966 2928 2101 2961 more

340 3002 479 3048 solito
513 3018 522 3048 :
555 3001 726 3063 quibus
755 3000 918 3059 finitis,
948 3002 1114 3047 Rmus.
1145 3002 1202 3046 D.
1235 2998 1490 3046 cardinalis
1520 3014 1557 3044 s.
1591 2996 1781 3059 Georgii
1808 2995 2102 3044 camerarius

340 3088 387 3130 et
409 3085 465 3130 D.
493 3083 745 3145 episcopus
766 3081 1081 3129 Tornacensis
1102 3079 1332 3142 magister
1354 3079 1524 3125 domus
1552 3078 1840 3125 mandarunt
1859 3079 2034 3126 vicario
2055 3083 2104 3126 et

336 3170 543 3227 quatuor
566 3164 810 3212 canonicis
832 3163 1044 3211 basilice.
1081 3180 1118 3210 s.
1149 3162 1276 3210 Petri
1300 3161 1477 3208 ibidem
1506 3176 1670 3207 coram
1702 3161 1769 3208 eis
1802 3162 2104 3223 presentibus

338 3248 532 3295 nomine
563 3247 706 3294 totius
735 3247 926 3310 capituli
966 3246 1096 3309 quod
1124 3261 1229 3294 cras
1255 3244 1411 3291 clerus
1437 3260 1476 3291 s.
1507 3243 1634 3291 Petri
1667 3243 1863 3291 basilice
1889 3243 2103 3307 predicte

337 3345 433 3376 non
455 3330 653 3378 deberet
676 3345 786 3377 cum
802 3330 931 3377 clero
951 3328 1089 3377 Urbis
1104 3331 1214 3375 ante
1233 3326 1462 3374 officiales
1476 3330 1620 3390 Pape,
1639 3327 1686 3374 in
1701 3327 2008 3392 processione
2028 3325 2101 3375 vel

330 3426 443 3470 non,
468 3412 770 3460 intervenire.
