2262 3958
376 343 448 379 394
982 343 1215 381 JOHANNIS
1250 345 1544 394 BURCHARm,
1880 350 2031 394 [revaer
2053 339 2148 397 1‘4901

378 445 492 495 tavit
519 445 567 492 in
594 445 730 493 altari
759 445 807 492 in
842 459 990 491 cornu
1020 445 1238 508 epistole.
1273 449 1391 495 Tum
1425 449 1639 511 pontifex
1664 452 1805 502 rediit
1835 453 1894 501 ad
1919 455 2148 517 palatium

378 545 513 577 more
536 528 691 575 solito.

443 612 581 660 Feria
599 611 756 669 tertia,
783 614 810 658 2
832 610 1012 658 mensis
1029 610 1275 671 februarii,
1290 612 1465 662 festum
1483 616 1829 679 purificationis
1843 618 1983 669 beate
2002 621 2150 670 Marie

376 695 589 758 virginis,
615 695 696 742 SS.
727 698 782 742 D.
808 697 864 742 N.
890 698 1101 758 paratUS,
1126 699 1176 743 ut
1199 697 1352 759 moris*
1369 702 1458 756 est,
1487 699 1617 747 venit
1648 699 1707 747 ad
1735 699 1967 764 capellam
1999 703 2152 767 majo-

375 794 479 827 rem
509 778 689 842 palatii,
724 783 770 827 et
804 795 913 826 cum
944 795 1001 828 eo
1033 779 1301 827 cardinales
1324 785 1370 829 et
1390 781 1561 844 prelati
1595 782 1643 829 in
1668 783 1830 846 cappis
1859 783 1956 830 suis
1978 784 2146 834 solitis.

338 910 341 913 ,
376 865 522 911 Facta
540 879 627 926 per
647 862 914 911 cardinales
939 864 1226 922 reverentia,
1251 880 1419 913 omnes
1442 871 1732 930 acceperunt
1752 870 2033 930 paramenta
2050 868 2152 916 vio-

375 946 535 1004 lacea;
569 950 670 993 tum
703 947 832 1008 Papa
862 950 992 994 stans
1022 946 1268 995 benedixit
1301 948 1526 996 candelas
1563 949 1622 996 ad
1659 949 1900 997 sinistram
1937 956 2072 998 suam
2102 950 2151 998 in

375 1029 549 1092 angulo
572 1028 754 1091 capelle
771 1029 951 1092 positas
979 1046 1034 1077 ac
1065 1030 1181 1077 alias
1206 1046 1374 1079 omnes
1397 1048 1488 1094 que
1514 1032 1573 1079 ad
1599 1032 1775 1080 dictam
1798 1032 2031 1096 capellam
2051 1036 2150 1082 tam

374 1115 508 1159 extra
529 1127 671 1174 quam
693 1111 819 1159 intra
841 1112 1107 1161 cancellum
1139 1117 1388 1176 apportate
1409 1114 1618 1174 fuerunt,
1643 1115 1823 1163 faciens
1855 1115 2055 1178 singulis
2079 1115 2150 1164 vi-

374 1193 508 1239 cibus
538 1193 586 1239 in
611 1193 951 1242 benedictione
984 1195 1200 1258 signatis,
1228 1196 1418 1258 signum
1453 1198 1626 1257 cruciS,
1656 1198 1812 1261 primo
1838 1212 2005 1246 versus
2036 1212 2150 1245 can-

373 1275 504 1322 delas
535 1275 736 1339 capelle,
771 1276 945 1324 deinde
975 1293 1141 1325 versus
1172 1279 1288 1326 alias
1321 1284 1456 1327 extra
1485 1281 1768 1329 cancellum.
1808 1281 1965 1329 Finita
1998 1281 2150 1329 bene-

375 1359 602 1417 dictione,
650 1360 1072 1408 vicecancellarius
1110 1361 1241 1410 dedit
1269 1366 1366 1410 tres
1396 1363 1619 1411 candelas
1641 1365 1788 1426 Pape,
1812 1363 1929 1410 duas
1949 1378 2150 1427 magnas

373 1446 419 1490 et
437 1458 582 1490 unam
600 1458 812 1505 parvam.
828 1445 959 1490 Tunc
980 1446 1109 1507 Papa
1133 1444 1374 1493 distribuit
1397 1445 1621 1494 candelas
1642 1446 1732 1509 ipsi
1751 1445 2149 1512 vicecancellario

374 1525 491 1572 duas
517 1529 563 1573 et
590 1525 695 1572 aliis
714 1541 849 1573 more
872 1532 1104 1575 consueto
1127 1546 1136 1575 :
1160 1528 1423 1577 celebranti
1446 1528 1576 1577 dedit
1603 1545 1746 1576 unam
1767 1533 1969 1577 tantum.
1994 1527 2151 1576 Finita

374 1609 729 1667 distributione,
769 1609 881 1658 lavit
923 1626 1112 1670 manuS,
1144 1614 1200 1659 D.
1237 1611 1509 1659 Alexandro
1549 1611 1608 1659 de
1640 1611 1923 1659 Alexandris
1957 1614 2148 1660 oratore

373 1692 501 1755 regis
531 1692 832 1756 Neapolitani
867 1709 1039 1756 aquam
1068 1694 1348 1743 infundente
1376 1711 1431 1742 ac
1459 1695 1854 1744 vicecancellario
1873 1694 2144 1759 adiuvante.

372 1774 570 1823 Interim
607 1777 770 1822 Rmus.
809 1775 1064 1824 cardinalis
1089 1778 1466 1827 Rechanatensis
1503 1779 1832 1827 celebraturus
1862 1778 1944 1827 ivit
1973 1777 2034 1825 ad
2061 1777 2150 1824 fal-

374 1857 626 1905 distorium
661 1874 748 1921 pro
781 1859 1072 1922 recipiendis
1111 1862 1404 1924 paramentis
1453 1861 1711 1909 consuetis.
1751 1863 1882 1908 Tunc
1918 1860 2044 1908 facta
2075 1863 2148 1908 est

371 1940 617 2003 processio
651 1956 802 2003 usque
832 1942 1007 1988 ostium
1035 1947 1170 1990 extra
1196 1943 1354 1991 aulam
1375 1958 1600 2006 magnam
1621 1942 1801 2006 palatii,
1825 1942 1905 1990 ubi
1932 1928 2153 2006 pontifex⁴

372 2022 575 2086 projecit
609 2023 834 2071 candelas
866 2025 1070 2088 populo,
1096 2026 1267 2088 quibus
1293 2026 1539 2090 projectiS,
1564 2039 1784 2073 reversus
1804 2029 1876 2074 est
1902 2024 1963 2072 ad
1986 2025 2148 2088 capel-

372 2106 487 2164 lam,
508 2105 608 2163 ubi,
631 2105 861 2169 depositis
884 2123 972 2171 per
992 2108 1259 2156 cardinales
1282 2114 1328 2157 et
1357 2110 1567 2172 prelatos
1588 2108 1900 2172 paramentis,
1925 2107 2053 2156 dicta
2072 2112 2145 2156 est

373 2188 521 2235 missa
538 2204 674 2236 more
697 2189 856 2248 solito,
881 2194 927 2238 et
948 2207 1045 2237 non
1066 2176 1333 2241 fuitsermo
1356 2211 1364 2240 ε
1389 2192 1614 2240 candelas
1637 2191 1753 2238 duas
1772 2207 1972 2254 magnas
1993 2191 2146 2240 tenuit
2214 2227 2217 2230 -

373 2273 656 2320 Franciscus
687 2274 810 2320 Cibo
851 2275 1168 2338 supradictUS,
1204 2276 1330 2323 filius
1370 2279 1496 2340 Pape
1536 2292 1564 2323 a
1601 2275 1781 2323 dextris
1823 2278 1870 2322 et
1910 2274 2146 2323 Antonius

374 2354 639 2401 Mirandule
678 2370 840 2403 comes
877 2372 905 2403 a
935 2356 1155 2405 sinistris.
1181 2357 1255 2404 Ad
1285 2359 1586 2421 evangelium
1617 2361 1760 2421 Papa,
1798 2357 2077 2414 cardinales
2099 2361 2146 2405 et

375 2437 454 2483 alii
484 2441 742 2485 tenuerunt
777 2438 1002 2486 candelas
1033 2456 1168 2498 suas;
1203 2441 1424 2489 similiter
1453 2446 1500 2489 et
1537 2442 1597 2488 ad
1631 2441 1949 2488 elevationem
1986 2455 2146 2488 sacra-

375 2519 552 2577 menti3
582 2519 776 2567 interim
803 2525 966 2569 tamen
1002 2538 1166 2570 errore
1197 2524 1532 2572 scutiferorum
1569 2524 1760 2572 fuerunt
1799 2523 2033 2581 extincte;
2059 2523 2145 2571 sed

375 2602 433 2648 ab
461 2602 727 2650 elevatione
746 2619 896 2666 usque
918 2609 1025 2668 post
1050 2606 1390 2653 comunionem
1409 2606 1714 2664 celebrantis,
1741 2605 1953 2654 scutiferi
1973 2610 2144 2654 tenue-

374 2690 485 2733 runt
516 2685 740 2733 candelas
771 2686 896 2750 ipsas
927 2687 1151 2736 ardentes
1177 2705 1186 2735 ε
1209 2692 1322 2736 tunc
1347 2704 1427 2736 eas
1449 2689 1771 2737 extinxerunt.

439 2768 593 2816 Finita
611 2769 948 2819 benedictione
982 2767 1312 2830 candelarum,
1343 2772 1437 2821 hoc
1458 2788 1599 2821 mane
1623 2773 1731 2821 dedi
1765 2773 1930 2822 locum
1950 2787 2144 2821 venera-

343 2857 345 2859 ·
374 2849 455 2896 bili
495 2849 690 2897 domino
727 2850 930 2898 Eroaldo
971 2852 1029 2900 de
1065 2853 1422 2912 Senenbroder,
1446 2854 1690 2918 preposito
1725 2855 1932 2904 ecclesie
1966 2854 2145 2903 Elesio-

375 2931 555 2991 nensiS,
599 2932 777 2980 oratori
813 2933 1107 2982 serenissimi
1152 2936 1279 2999 regis
1317 2936 1462 2984 Dacie
1495 2937 1543 3000 in
1578 2937 1760 3000 capella
1789 2938 2003 3001 predicta
2033 2941 2142 3001 post

376 3018 617 3062 oratorem
654 3015 782 3078 regis
816 3016 1033 3076 Polonie,
1059 3019 1117 3066 de
1147 3018 1371 3066 mandato
1394 3021 1478 3067 SS.
1503 3021 1560 3066 D.
1598 3022 1654 3067 N.
1675 3035 1817 3082 pape,
1843 3036 1902 3068 ex
1938 3020 2140 3068 consilio
2173 3038 2182 3043 ·

377 3100 666 3145 RRmorum.
692 3100 792 3145 DD.
817 3099 1210 3161 vicecancellarii,
1235 3101 1551 3164 Neapolitani,
1578 3118 1614 3149 s.
1639 3103 1785 3150 Marci
1807 3103 2134 3173 cardinalium,

372 3180 490 3227 mihi
511 3180 664 3240 facto;
699 3197 843 3244 quem
870 3182 1030 3231 locum
1059 3184 1161 3247 ipse
1194 3184 1416 3231 dominus
1449 3185 1682 3232 Eroaldus
1712 3186 1993 3249 acceptavit,
2026 3186 2140 3234 licet

374 3264 504 3326 prius
525 3264 644 3312 mihi
669 3265 866 3313 dixisset
891 3271 937 3313 et
955 3266 1117 3314 locum
1150 3282 1288 3314 suum
1310 3283 1415 3315 esse
1449 3266 1722 3316 immediate
1758 3272 1867 3332 post
1897 3272 2137 3317 oratorem

377 3346 502 3409 regis
533 3347 750 3396 Francie.

439 3429 576 3476 Feria
595 3429 751 3489 tertia,
775 3434 802 3478 9
825 3430 1068 3491 februarii,
1091 3432 1167 3480 die
1189 3433 1370 3491 martis,
1395 3432 1518 3481 venit
1534 3433 1593 3481 ad
1617 3433 1793 3482 Urbem
1814 3435 1870 3480 D.
1895 3432 2135 3480 Robertus
