2262 3958
206 311 400 366 [Mai1492]
651 303 821 341 RERUM
853 300 1159 340 URBANARUM
1192 298 1546 337 COMMENTARII.
1919 295 2015 334 475·

209 421 268 468 D.
310 411 562 465 Nicolaum
605 409 720 458 Cibo
779 405 1197 472 archiepiscopum
1237 402 1574 452 Arelatensem
1611 405 1659 451 et
1699 401 1985 466 episcopum

201 498 595 564 Fulginatensem
630 494 841 559 prelatos
879 506 992 540 suos
1023 488 1337 546 domesticos,
1375 486 1455 551 qui
1488 487 1741 535 Anconam
1770 485 1896 533 irent
1936 489 1982 533 et

200 582 383 633 ibidem
403 581 586 629 ferrum
609 579 767 643 ipsum
789 576 1064 639 reciperent
1084 588 1144 621 ex
1164 572 1386 620 manibus
1415 570 1621 619 oratoris
1642 570 1804 634 Magni
1822 568 1983 628 Turci,

203 671 252 718 et
291 666 404 715 inde
451 679 562 713 cum
599 660 934 727 processione,
985 674 1046 706 ex
1088 657 1288 720 singulis
1336 655 1605 703 civitatibus
1646 658 1695 703 et
1729 653 1868 702 terris
1897 669 1985 717 per

200 752 327 801 viam
349 747 668 798 existentibus
689 742 940 802 faciendiS,
977 744 1180 789 Romam
1203 740 1535 788 conducerent
1565 755 1575 786 :
1609 738 1670 786 ad
1702 738 1833 802 quod
1859 753 1989 787 com-

201 833 393 884 modius
414 828 691 880 faciendum
711 827 876 875 datum
898 823 985 872 fuit
1004 824 1074 871 eis
1098 822 1343 886 quoddam
1366 823 1733 871 tabernaculum
1767 822 1987 871 cristalli-

201 933 318 968 num
345 932 405 966 ex
426 911 643 964 sacristia
664 913 809 974 Pape,
835 912 883 957 et
911 923 1065 971 equus
1091 922 1202 955 cum
1230 921 1377 970 capsa
1397 910 1627 970 cooperta
1645 910 1693 955 et
1715 907 1819 954 aliis
1842 922 1987 955 orna-

201 999 380 1052 mentis
415 998 466 1047 in
502 995 676 1060 quibus
726 994 1104 1050 sacramentum,
1151 992 1280 1054 Papa
1327 989 1670 1053 pontificaliter
1717 990 1981 1053 equitante,

197 1082 374 1136 deferri
395 1080 536 1140 solet,
555 1085 603 1127 et
620 1078 844 1126 lanterna
856 1091 944 1140 pro
961 1074 1144 1122 lumine
1166 1073 1397 1122 continuo
1413 1079 1524 1122 ante
1545 1074 1705 1138 ipsum
1725 1074 1979 1138 portando.

262 1145 588 1217 Recesserunt
604 1162 751 1226 igitur
771 1177 831 1210 ex
852 1161 980 1209 Urbe
1003 1160 1064 1208 oh
1088 1174 1287 1207 causam
1309 1158 1576 1222 predictam
1598 1160 1700 1207 DD.
1720 1159 1986 1223 archiepis-

195 1267 346 1318 copus
367 1255 415 1300 et
437 1250 695 1315 episcopus
722 1244 927 1311 predicti
953 1246 1206 1292 Anconam
1227 1242 1355 1303 ituri,
1387 1242 1464 1292 die
1484 1243 1598 1291 lune
1623 1247 1648 1291 7
1669 1243 1850 1292 mensis
1872 1243 1987 1292 maii

193 1335 419 1403 predicti,
467 1337 514 1383 et
545 1347 656 1381 cum
693 1331 762 1380 eis
799 1332 857 1378 D.
897 1329 1113 1377 Aldellus
1158 1328 1218 1376 de
1265 1326 1673 1376 Piccolominibus
1721 1326 1986 1375 canonicus

194 1419 446 1480 Senensis,
484 1417 792 1467 decretorum
839 1414 1026 1473 doctor,
1065 1413 1116 1460 in
1160 1412 1320 1478 officio
1361 1411 1749 1460 ceremoniarum
1798 1410 1986 1475 collega

193 1518 350 1565 meus,
374 1500 714 1568 processiones
732 1496 924 1579 inlocis
941 1495 1338 1545 convenientibus
1361 1494 1670 1543 ordinaturus
1694 1510 1750 1544 ac
1766 1493 1986 1544 ceremo-

196 1587 302 1636 nias
315 1586 501 1636 debitas
523 1585 655 1633 circa
680 1581 920 1647 premissa
941 1581 1105 1629 omnia
1125 1580 1414 1628 directurus

257 1669 398 1720 Feria
410 1671 563 1727 sexta,
590 1670 642 1715 11
665 1666 781 1714 dicti
802 1665 985 1714 mensis
1007 1664 1139 1724 maii,
1160 1667 1326 1712 Rmus.
1343 1667 1400 1712 D.
1415 1668 1627 1714 ‚Ioannes
1646 1666 1905 1715 cardinalis
1923 1668 1983 1716 de

194 1754 397 1804 Medicis
422 1753 473 1801 in
494 1754 682 1801 secreto
704 1749 994 1799 consistorio
1020 1752 1212 1797 creatus
1242 1751 1315 1796 est
1344 1748 1534 1813 legatus
1556 1750 1615 1798 de
1636 1750 1789 1799 latere
1809 1751 1982 1801 Tuscie

144 1871 146 1873 >
193 1842 239 1888 et
259 1837 526 1896 Florentie3
551 1839 599 1885 et
623 1834 911 1884 consistorio
933 1833 1088 1892 finito,
1112 1833 1386 1897 publicatus
1410 1838 1459 1882 et
1480 1835 1540 1882 ab
1566 1835 1792 1883 omnibus
1823 1836 1981 1884 cardi-

189 1922 379 1973 nalibus
404 1936 560 1986 usque
595 1924 730 1970 extra
761 1922 951 1983 portam
978 1917 1203 1967 Viridarii
1243 1918 1509 1966 associatus
1543 1934 1680 1967 more
1704 1919 1864 1974 solit0,
1896 1920 1976 1984 qui

188 2007 301 2058 fecit
353 2006 575 2056 randium
597 2005 647 2053 in
667 2004 807 2053 vinea
826 2007 881 2051 R.
903 2005 959 2052 D.
986 2002 1208 2051 Falconis
1231 2001 1463 2051 Sinibaldi
1493 2004 1811 2066 protonotarii
1834 2020 1977 2068 apos-

190 2090 276 2139 toli
350 2094 411 2151 et
449 2088 740 2138 thesaurarii
778 2086 1048 2152 generalis;
1092 2085 1267 2134 deinde
1307 2087 1512 2135 recessit
1542 2087 1715 2136 eadem
1751 2089 1848 2148 die,
1884 2089 1977 2137 iter

185 2189 354 2223 versus
370 2173 668 2223 Florentiam
686 2171 922 2235 arripiens
943 2170 1026 2236 (1).

216 2274 219 2275 ⁷
250 2257 337 2307 His
357 2257 547 2316 diebuS‚
567 2256 816 2305 intellecto
843 2271 932 2319 per
951 2255 1035 2303 SS.
1063 2257 1119 2303 D.
1144 2258 1365 2303 nostrum
1387 2255 1592 2304 adventu
1615 2256 1746 2304 Illus,
1772 2259 1833 2305 D.
1857 2261 1975 2307 Fer-

183 2341 380 2392 dinandi
419 2342 480 2391 de
511 2341 756 2406 Aragonia
794 2339 1027 2404 principis
1065 2339 1295 2403 Capuani,
1327 2338 1463 2388 ducis
1508 2333 1727 2387 Calabrie
1764 2340 1869 2401 filii,
1910 2357 1970 2390 ex

182 2425 383 2492 Neapoli
410 2426 474 2475 ad
505 2426 705 2484 Urbem,
729 2423 975 2488 deputavit
997 2427 1056 2472 D.
1081 2424 1395 2472 Franciscum
1426 2423 1543 2472 Cibo
1578 2423 1731 2472 filium
1763 2441 1902 2473 suum
1924 2430 1972 2475 et

181 2513 238 2562 R.
278 2513 336 2560 D.
380 2512 732 2560 Cortonensem
783 2512 831 2557 et
878 2508 1232 2556 Falconensem
1284 2508 1675 2570 protonotarium
1727 2509 1967 2574 prelatum

181 2595 520 2661 apostolicum,
541 2594 755 2659 prelatos
775 2593 963 2658 palatii3
991 2598 1039 2642 et
1060 2593 1130 2641 eis
1150 2592 1394 2641 commisit
1416 2596 1468 2640 ut
1488 2593 1550 2641 ad
1571 2593 1790 2643 confines
1815 2599 1967 2643 terra-

179 2695 285 2729 rum
300 2679 516 2728 Ecclesie
532 2693 733 2727 romane
745 2677 964 2742 predicto
983 2677 1189 2742 principi
1210 2679 1370 2742 Capue
1393 2677 1582 2738 obviam
1604 2678 1731 2727 irent
1755 2694 1965 2744 eumque

176 2762 421 2828 pontificis
449 2762 647 2811 nomine
680 2761 972 2825 reciperent.
1013 2764 1338 2810 Recesserunt
1371 2762 1518 2826 igitur
1547 2778 1607 2811 ex
1636 2763 1761 2812 Urbe
1791 2764 1967 2827 prelati

174 2847 378 2914 predicii
397 2846 475 2895 die
493 2846 616 2910 jovis
642 2849 697 2894 17
719 2845 938 2909 ejusdem
960 2846 1142 2894 mensis
1158 2861 1218 2894 ex
1238 2862 1385 2895 causa
1405 2847 1639 2911 predicta.

239 2931 379 2980 Feria
415 2930 646 2989 secunda,
672 2933 727 2977 21
762 2929 877 2978 dicti
912 2929 1094 2978 mensis
1130 2930 1262 2991 maii,
1290 2932 1374 2979 SS.
1404 2933 1460 2979 D.
1483 2934 1540 2980 N.
1573 2932 1623 2979 in
1656 2947 1851 2982 camera
1878 2949 1966 2982 sua

174 3019 367 3065 secreta
385 3014 631 3064 commisit
661 3013 852 3062 RRmis.
888 3016 989 3062 DD.
1021 3014 1343 3063 cardinalibus
1370 3031 1410 3063 S.
1439 3016 1568 3064 Petri
1597 3016 1658 3063 ad
1688 3017 1892 3067 Vincula
1917 3021 1964 3066 et

169 3100 524 3165 portugalensi,
550 3105 602 3148 ut
621 3099 823 3164 reliquie
856 3099 971 3147 ferri
997 3099 1166 3148 lancee
1200 3099 1394 3148 Domini
1431 3116 1582 3164 usque
1623 3101 1684 3148 ad
1723 3101 1963 3149 civitatem

168 3184 487 3234 Narniensem
517 3185 708 3233 obviam
738 3184 863 3233 irent
905 3191 952 3233 et
989 3185 1050 3232 ob
1075 3184 1602 3250 effectunrzpredictum
1631 3185 1727 3234 sive
1762 3201 1958 3235 causam

219 3334 254 3371 1.
280 3333 398 3382 Api-es
420 3332 456 3369 la
474 3337 568 3371 mort
586 3333 631 3371 de
654 3345 722 3371 son
741 3336 840 3383 pere,
859 3334 891 3370 le
918 3333 1080 3370 cardinal
1108 3334 1198 3371 Jean
1226 3334 1271 3370 de
1294 3333 1464 3378 Medicis,
1483 3334 1631 3383 rappele
1653 3337 1676 3372 a
1693 3335 1868 3374 Florence
1895 3348 1962 3386 par

170 3404 230 3431 ses
248 3393 392 3431 affaires
416 3393 461 3430 de
487 3392 631 3439 familie,
653 3393 708 3430 fut
730 3397 874 3431 nomme
896 3395 991 3443 tegat
1019 3394 1063 3430 de
1093 3394 1259 3432 Toscane
1283 3399 1321 3432 et
1345 3395 1390 3431 de
1412 3395 1599 3441 FIorence,
1627 3407 1720 3444 pour
1743 3402 1961 3446 augmenter

170 3465 299 3492 encore
319 3465 387 3491 son
405 3454 565 3502 prestige
585 3456 719 3502 aupres
740 3453 786 3491 de
805 3466 866 3491 ses
880 3455 1138 3503 concitoyens.
