2262 3958
157 324 266 368 [Aosst
285 323 379 364 1485]
594 315 764 354 RERUM
796 315 1102 354 URBANARUM
1136 314 1487 354 COMMENTARH.
1873 316 1936 351 151

221 425 448 483 SabbatO,
492 425 520 470 6
551 419 732 468 mensis
767 419 974 482 augusti,
1013 420 1097 467 SS.
1137 421 1194 466 D.
1229 421 1286 467 N.
1326 421 1520 482 paratus
1564 416 1759 477 amictu,
1812 417 1936 476 alba,

150 509 360 575 cingam,
385 506 508 555 stola
527 504 757 563 violacea,
782 502 973 567 pluviali
996 502 1145 550 rubeo
1168 506 1216 549 et
1240 502 1383 550 mitra
1404 501 1640 566 simplice,
1666 501 1938 566 preceden—

153 595 278 645 tibus
301 607 446 655 cruce
469 593 516 638 et
538 587 878 645 cardinalibus,
903 585 1031 634 venit
1057 585 1118 632 ad
1145 586 1380 649 capellam
1412 587 1652 650 majorem
1683 585 1763 634 ubi
1789 586 1942 634 inter-

154 679 242 729 fuit
267 677 414 726 misse
439 674 778 723 defunctorum
803 685 891 734 pro
919 669 1244 717 anniversario
1269 670 1387 717 Sixti
1407 686 1527 734 pape
1552 672 1654 730 llll,
1681 669 1942 734 predeces-

159 762 282 812 soris
315 760 407 821 sui,
443 775 532 824 per
566 761 621 806 R.
660 759 712 804 P.
751 757 806 802 D.
849 753 1174 813 Leonardum,
1209 753 1490 816 episcopum
1519 754 1944 817 Albenganensem

158 844 386 894 vicarium
406 841 565 900 Urbis,
589 838 854 888 celebrate.
886 839 942 884 Et
963 836 1011 883 in
1034 837 1149 896 fine,
1175 837 1278 900 ipse
1306 836 1526 899 pontifex
1550 837 1664 884 fecit
1687 837 1946 885 absolutio-

160 945 275 979 nem
300 941 436 976 more
463 925 716 974 consueto.
751 920 1079 968 Interfuerunt
1107 936 1192 967 sex
1222 919 1493 967 cardinales
1525 925 1713 967 tantum
1741 921 1790 967 in
1818 922 1945 968 Urbe

160 1013 439 1068 existentes,
470 1005 698 1055 videlicet
722 1023 731 1052 ε
757 1003 1121 1068 NeapolitanuS,
1153 1020 1193 1051 s,
1220 1003 1347 1052 Petri
1379 1003 1439 1051 ad
1465 1003 1688 1063 Vincula,
1708 996 1925 1069 'Andega

161 1092 336 1152 reunia,
360 1091 421 1141 de
445 1089 730 1146 omnihus,
756 1088 957 1137 Sabellis
978 1093 1025 1138 et
1046 1089 1296 1137 Columna.

214 1176 362 1226 Albas
384 1174 586 1224 sacrista
606 1178 774 1221 noster
795 1173 1096 1222 ordinaverat
1125 1173 1258 1237 quod
1286 1176 1416 1238 Papa
1442 1173 1627 1221 veniret
1646 1173 1695 1220 in
1715 1189 1869 1238 cappa
1890 1174 1950 1222 de

157 1260 391 1320 scarlat03
417 1263 581 1308 tamen
601 1258 663 1306 ad
682 1258 1040 1306 ordinationem
1061 1274 1222 1307 meam
1245 1262 1293 1306 et
1314 1258 1442 1321 quia,
1459 1257 1948 1322 Papainterrogante,

159 1343 418 1394 cardinalis
449 1342 792 1406 Neapolitanus
836 1346 883 1390 et
927 1326 1193 1390 Aleriensis
1230 1358 1287 1390 ac
1323 1341 1603 1390 Tiburtinus
1650 1343 1865 1407 episcopi
1905 1347 1953 1391 et

163 1427 358 1491 quidam
384 1426 464 1476 alii
492 1427 672 1476 ibidem
698 1430 952 1491 presentes
980 1426 1283 1475 affirmarunt
1310 1426 1590 1490 opinionem
1618 1430 1667 1474 et
1694 1426 1954 1475 ordinatio-

164 1525 280 1560 nem
299 1526 479 1571 meam,
503 1513 634 1575 Papa
650 1511 779 1559 venit
799 1511 849 1571 in
870 1510 1080 1575 pluviali,
1104 1514 1156 1559 ut
1177 1511 1398 1574 superius
1419 1510 1601 1559 dictum
1624 1514 1719 1570 est3
1743 1511 1830 1560 sed
1851 1511 1954 1575 ipse

168 1593 372 1644 sacrista
389 1610 489 1643 non
515 1595 641 1644 male
666 1595 851 1644 dixerat
863 1595 1108 1662 ‘quoniam
1130 1595 1179 1643 in
1199 1595 1397 1643 arbitrio
1423 1597 1550 1658 Pape
1568 1600 1639 1643 est
1655 1595 1861 1659 pluviale
1885 1596 1955 1644 vel

165 1693 319 1744 cappa
345 1678 433 1728 uti.

231 1750 373 1812 Feria
419 1764 649 1823 secunda,
693 1767 750 1812 15
787 1763 970 1812 mensis
1012 1763 1220 1827 augusti,
1261 1764 1385 1813 festo
1425 1763 1770 1828 assumptionis
1815 1764 1957 1813 beate

161 1846 313 1895 Marie
333 1846 548 1911 virginis,
575 1849 659 1897 SS.
684 1851 740 1896 D.
763 1850 841 1907 N.,
866 1847 914 1895 in
936 1852 1102 1895 manto
1126 1865 1273 1912 super
1288 1848 1562 1907 rochetum,
1589 1848 1769 1912 absque
1790 1865 1953 1908 cruce,

163 1929 269 1980 nine
304 1931 466 1996 aliquo
499 1932 760 1992 cardinale,
797 1932 926 1981 venit
971 1932 1031 1980 ad
1068 1932 1305 1996 capellam
1339 1933 1578 1997 majorem
1612 1933 1955 1998 supradictam,

164 2015 247 2067 ubi
281 2015 410 2065 facta
442 2016 492 2064 in
526 2016 795 2065 faldistorio
830 2016 1050 2065 oratione
1085 2032 1222 2065 more
1254 2017 1414 2078 solito,
1450 2018 1564 2066 fecit
1595 2018 1961 2067 confessionem

165 2115 277 2149 cum
297 2100 597 2161 celebrante3
624 2105 726 2150 tum
747 2100 967 2165 ascendit
988 2101 1180 2161 solium,
1207 2101 1255 2148 in
1276 2117 1388 2164 quo,
1414 2106 1576 2150 amota
1601 2102 1716 2150 sede
1749 2103 1956 2166 majore,

145 2183 295 2232 -sedit
314 2183 364 2232 in
384 2184 592 2248 quadam
621 2185 734 2233 sede
766 2184 994 2232 camerali
1022 2185 1080 2232 de
1110 2185 1308 2232 brocato
1344 2185 1432 2233 sibi
1466 2189 1651 2249 parata,
1688 2185 1959 2234 faldistorio

169 2282 335 2316 coram
365 2283 418 2316 se
440 2268 617 2332 posito,
655 2272 702 2317 et
729 2268 938 2332 desuper
967 2268 1149 2316 missali
1185 2268 1332 2327 libro;
1363 2269 1444 2316 ubi
1478 2286 1588 2317 cum
1623 2269 1820 2333 prelatis
1862 2270 1961 2318 suis

169 2351 447 2401 domesticis
464 2353 515 2400 in
536 2368 707 2401 eorum
732 2354 973 2402 mantellis
1006 2354 1054 2401 in
1081 2338 1203 2402 loc-is
1224 2353 1468 2402 consuetis
1484 2353 1739 2413 stantibuS,
1764 2354 1963 2403 missam

167 2436 344 2487 audivit
369 2429 515 2501 quam
547 2440 603 2486 R.
637 2440 690 2486 P.
727 2440 783 2486 D.
820 2438 1069 2487 Johannes
1105 2438 1361 2502 episcopus
1397 2438 1776 2502 Strungulensis,
1817 2438 1963 2486 etiam

168 2521 380 2586 prelatus
408 2537 522 2570 suus
553 2521 869 2583 domesticuS,
893 2522 1240 2587 pontificaliter
1259 2522 1466 2570 diacono
1489 2525 1535 2570 et
1557 2522 1854 2573 subdiacono
1874 2522 1964 2569 sibi

166 2605 568 2667 ministrantibus,
593 2607 817 2655 cantavit.
843 2609 950 2655 Non
972 2623 1078 2655 sum
1106 2623 1222 2654 usus
1246 2607 1447 2654 incenso
1474 2605 1523 2653 in
1552 2606 1792 2671 principio
1816 2607 1963 2654 misse

168 2704 329 2753 neque
361 2690 424 2739 ad
452 2691 773 2755 evangelium,
811 2692 872 2739 ad
904 2691 1034 2755 quod
1065 2691 1211 2740 etiam
1247 2690 1504 2739 luminaria
1534 2706 1633 2738 non
1663 2689 1757 2738 feci
1787 2689 1967 2738 deferri

171 2777 282 2839 post
315 2774 637 2838 evangelium,
684 2776 841 2840 primo
882 2776 1112 2840 episcopo
1154 2775 1410 2824 assistente
1452 2774 1756 2822 ministrante
1791 2773 1967 2822 librum

175 2873 320 2922 quem
358 2858 418 2906 de
458 2858 681 2907 manibus
715 2859 835 2908 meis
870 2859 1071 2924 recepit.
1114 2863 1242 2924 Papa
1281 2859 1583 2923 evangelium
1621 2862 1695 2907 est
1725 2858 1968 2907 osculatus

178 2946 226 2992 et
251 2942 312 2990 ab
345 2942 538 3003 eodem,
574 2959 661 2991 suo
698 2947 936 3007 tempore,
967 2944 1155 3007 accepit
1190 2960 1363 3008 pacem
1394 2960 1482 3007 per
1508 2943 1882 2992 instrumentum
1909 2943 1969 2991 ad

181 3026 277 3075 hoc
301 3030 539 3091 paratum,
577 3027 706 3090 quod
737 3027 796 3076 de
831 3031 1000 3091 postea
1032 3026 1136 3074 aliis
1172 3027 1368 3090 prelatis
1407 3027 1599 3092 porrexi
1631 3027 1965 3075 osculandum.

182 3110 340 3159 Finita
364 3111 529 3171 missa,
562 3115 689 3176 Papa
723 3115 853 3160 stans
886 3111 935 3159 in
963 3111 1076 3159 sede
1112 3110 1344 3175 predicta,
1377 3112 1533 3176 capite
1565 3114 1814 3175 cooperte,
1839 3110 1971 3159 dedit

183 3194 577 3243 benedictionem
609 3194 777 3243 dicens
803 3211 813 3243 :
837 3193 916 3242 Sit
944 3210 1132 3252 nomen,
1164 3201 1248 3241 etc.
1267 3211 1287 3252 ,·
1315 3197 1417 3242 tum
1446 3194 1507 3241 ad
1534 3209 1778 3242 cameram
1808 3209 1972 3242 rever-

183 3295 266 3327 sus
289 3282 380 3337 est,
404 3278 655 3343 principali
672 3280 858 3343 prelato
890 3278 1105 3326 fimbrias
1129 3277 1279 3325 manti
1302 3277 1443 3324 simul
1476 3277 1704 3326 collectas
1722 3277 1971 3326 deferente

185 3362 265 3427 qui
289 3362 434 3410 etiam
456 3362 578 3422 illas,
609 3363 836 3427 pontifice
860 3379 919 3411 ex
941 3377 1134 3410 camera
1156 3360 1396 3419 veniente,
1415 3363 1704 3424 portaverat.
1726 3363 1817 3409 Pro
1833 3360 1974 3409 offer-

182 3445 307 3495 torio
351 3446 652 3496 ministrante
693 3447 914 3512 predicto
949 3447 1205 3495 assistente
1243 3443 1530 3503 naviculam,
1579 3447 1708 3511 Papa
1746 3445 1974 3510 imposuit
