2262 3958
334 329 404 364 422
933 325 951 361 J
957 289 1166 362 OliANNIS
1199 323 1494 372 BURCHARDI,
1826 328 1990 371 [octobre
2012 328 2105 370 149¹]

335 434 470 477 erant
507 434 554 478 et
583 432 777 476 centum
805 425 943 474 unius
975 426 1095 473 libre
1127 441 1182 473 ac
1218 425 1375 473 medie
1408 426 1529 474 libre
1560 441 1616 474 ac
1649 443 1789 490 parve
1821 428 2021 477 candele
2053 428 2102 476 in

335 527 536 560 numero
576 509 885 574 competenti.
913 511 1134 557 Scamma
1162 524 1248 572 pro
1278 508 1473 572 prelatis
1494 509 1651 572 posita
1669 510 1860 559 fuerunt
1880 527 1908 559 a
1928 511 2106 560 dextris

335 610 484 642 cornu
505 594 683 653 altaris,
714 593 938 641 videlicet
967 591 1218 655 evangelii,
1250 591 1375 640 inter
1404 591 1559 655 ipsum
1581 592 1730 640 altare
1755 596 1802 640 et
1823 593 2108 641 memoriam

336 677 461 724 bone
499 675 733 724 memorie
777 665 1126 738 archiepiscopi
1166 675 1468 734 Salernitani,
1508 675 1724 739 predicto
1761 674 2004 723 cardinale
2036 675 2107 724 sic

338 760 527 808 volente
551 758 627 822 qui
651 758 773 806 sedit
793 757 843 805 in
864 757 978 805 sede
1009 757 1151 805 bassa
1172 757 1220 805 in
1240 758 1416 822 angulo
1432 759 1569 822 juxta
1595 759 1762 816 altare,
1786 757 1846 805 ad
1866 757 2108 806 sinistram

335 842 553 891 intrantis
594 833 859 890 sacristiam
903 840 1028 888 dicte
1067 841 1271 889 ecclesie
1301 842 1474 905 posita,
1499 846 1610 890 ante
1640 841 1770 889 idem
1806 841 1955 890 altare
1971 841 2109 904 juxta

337 941 528 973 murum
559 924 648 972 sibi
677 928 859 988 parata,
894 927 1004 971 ante
1033 940 1083 971 se
1120 924 1303 971 habens
1333 924 1568 987 pulpitum
1607 924 1801 972 bassum
1834 939 1979 988 super
2011 939 2105 987 quo

339 1024 425 1057 suo
462 1014 679 1072 tempore
719 1007 1092 1071 genuflectebat,
1141 1022 1291 1070 cappa
1332 1022 1419 1054 sua
1454 1006 1738 1055 cardinalari
1780 1011 2001 1071 paratus3
2046 1005 2110 1054 ad

339 1090 581 1139 sinistram
621 1105 757 1137 suam
793 1089 947 1137 stabat
993 1088 1173 1136 familia
1211 1105 1312 1136 sua.
1351 1089 1591 1152 Pulpitum
1626 1106 1712 1154 pro
1753 1088 2107 1139 sermocinante

340 1172 468 1221 stetit
484 1173 620 1236 juxta
640 1173 915 1221 columnam
936 1176 1045 1220 ante
1068 1188 1218 1219 cornu
1239 1172 1470 1236 evangelii
1491 1172 1651 1221 altaris
1673 1172 1871 1237 majoris
1892 1171 1977 1220 ubi
1990 1171 2107 1220 alias

338 1256 386 1303 in
409 1255 550 1302 simili
572 1255 730 1303 officio
753 1260 878 1303 stare
900 1255 1163 1303 consuevit.
1189 1255 1344 1304 Finito
1376 1272 1616 1315 sermone,
1635 1258 1696 1304 R.
1723 1259 1775 1304 P.
1801 1259 1858 1304 D.
1883 1255 2108 1305 Nicolaus

340 1337 730 1401 archiepiscopus
778 1338 1070 1386 Dosanensis
1119 1343 1166 1387 et
1216 1339 1428 1402 Angelus
1477 1338 1877 1399 Venefranensis,
1934 1340 2106 1386 Petrus
2167 1376 2172 1381 .

342 1419 712 1468 Barchionensis
735 1424 781 1468 et
828 1420 1150 1468 Bernardinus
1183 1421 1507 1470 Bestianensis
1531 1421 1590 1487 (1)
1620 1421 1832 1486 episcopi
1871 1437 1967 1469 una
1998 1424 2109 1470 cum

342 1502 616 1550 celebrante
638 1502 855 1551 fecerunt
876 1502 1226 1551 absolutionem
1249 1502 1415 1552 ordine
1437 1509 1686 1554 consueto.

407 1585 545 1633 Feria
565 1590 716 1645 sexta,
744 1590 767 1632 7
792 1586 972 1633 mensis
994 1586 1223 1646 octobris,
1251 1591 1485 1636 venerunt
1512 1591 1642 1635 certe
1670 1602 1790 1634 nove
1821 1586 1882 1634 ad
1911 1585 2111 1645 Urbem,

342 1670 467 1718 bone
489 1669 722 1717 memorie
746 1669 1025 1733 episcopum
1044 1671 1398 1730 Prenestinum,
1420 1676 1584 1721 sancte
1600 1688 1639 1719 r.
1661 1670 1875 1719 Ecclesie
1897 1669 2115 1719 cardina-

341 1754 437 1802 lem
468 1753 863 1816 Andegavensem
894 1753 1152 1817 vulgariter
1189 1758 1534 1818 nuncupatum,
1568 1754 1782 1803 marchie
1812 1752 2110 1802 Anconitane

342 1837 573 1899 legatum,
621 1835 749 1883 circa
786 1835 957 1883 horam
997 1837 1259 1884 secundam
1297 1837 1470 1896 noctis,
1511 1837 1718 1885 intrante
1749 1836 1824 1884 die
1864 1835 2107 1894 mercurii,

345 1923 371 1968 5
404 1918 682 1982 hujusdem‚
722 1918 850 1966 diem
884 1919 1112 1968 clausisse
1150 1925 1437 1979 extremum,
1476 1921 1614 1983 cujus
1640 1920 1801 1967 anima
1839 1918 2112 1981 requiescat

345 2002 394 2049 in
422 2019 557 2066 pace.
606 2003 732 2052 Obiit
772 2008 931 2051 autem
970 2003 1212 2066 predictus
1254 2002 1506 2050 cardinalis
1544 2002 1756 2051 Marchie
1788 2002 2105 2061 Anconitane,

342 2087 584 2150 legatione
607 2103 708 2146 sua,
734 2087 783 2134 in
805 2091 960 2135 castro
982 2086 1330 2152 Ripetransone
1354 2085 1431 2150 (2).

412 2169 679 2229 Dominica,
721 2167 752 2217 9
788 2169 1016 2229 octobris,
1061 2168 1300 2216 celebrate
1340 2173 1449 2216 sunt
1470 2167 1634 2231 nuptie
1666 2171 1722 2216 D.
1751 2168 1879 2217 Petri
1900 2167 2034 2216 Pauli
2053 2167 2113 2216 de

347 2253 583 2302 Cesarinis
623 2252 706 2300 filii
746 2255 803 2300 D.
850 2251 1083 2300 Gabrielis
1121 2251 1351 2311 Cesarini,
1392 2252 1472 2314 qui
1499 2251 1632 2300 duxit
1661 2251 1711 2299 in
1737 2266 1937 2299 uxorem
1965 2250 2114 2298 filiam

346 2335 589 2399 magnifici
612 2339 668 2383 D.
701 2336 846 2383 Bruni
874 2336 932 2383 de
955 2334 1237 2393 Comitibus,
1263 2334 1531 2382 Ballardam
1552 2334 1866 2393 nominatam,
1891 2332 1951 2381 ad
1973 2347 2116 2396 quam

346 2418 678 2466 honorandam
718 2418 901 2466 invitati
943 2423 1171 2466 venerunt
1210 2422 1266 2466 D.
1310 2419 1592 2466 Franciscus
1633 2419 1748 2467 Cibo
1792 2418 1918 2466 filius
1966 2420 2112 2480 Papa,

349 2506 508 2549 orator
536 2504 848 2558 Venetorum,
893 2501 1164 2564 Stephanus
1196 2501 1254 2549 de
1285 2502 1502 2550 Taberna
1531 2505 1691 2549 orator
1720 2497 2109 2557 Mediolanensis,

349 2587 406 2632 D.
434 2586 600 2631 Petrus
620 2583 878 2630 Alemanus
901 2587 1060 2631 orator
1080 2582 1482 2643 Florentinorum,
1505 2587 1561 2631 D.
1589 2582 1825 2631 Gerardus
1843 2581 2115 2630 Ususmaris

351 2666 685 2729 depositarius,
719 2666 798 2728 qui
835 2665 982 2713 filiam
1013 2668 1139 2729 Pape
1170 2667 1218 2713 in
1247 2683 1446 2716 uxorem
1486 2667 1701 2725 duxerat,
1745 2668 1801 2713 D.
1836 2664 2129 2714 Dominicus'

349 2751 506 2797 Aurea
527 2749 773 2812 capitanus
794 2754 930 2812 porte
952 2749 1114 2812 palatii
1138 2752 1286 2813 Pape,
1318 2753 1374 2798 D.
1406 2734 1536 2798 Paris
1563 2749 1773 2797 Pinellus
1801 2747 2117 2797 consobrinus

351 2834 476 2894 Pape
500 2836 546 2880 et
568 2835 625 2879 D.
651 2831 930 2879 Guillelmus
953 2832 1068 2880 Cibo
1092 2833 1412 2881 cubicularius
1426 2837 1656 2891 secretuS,
1676 2832 1755 2895 qui
1768 2830 1934 2880 ordine
1956 2845 2119 2894 supra-

400 2956 432 2992 1.
459 2954 584 2999 Viesti‚
607 2954 700 2991 dans
722 2954 755 2990 la
774 2954 987 3002 Capitanate
1008 2957 1101 3005 (roy.
1124 2956 1169 2992 de
1189 2956 1349 3004 Naples).
1376 2954 1519 3004 Ughelli
1546 2953 1709 3003 l'appelle
1734 2952 1956 2990 Bernardus.
1979 2952 2021 2990 T.
2035 2948 2131 2997 vll,

351 3015 418 3050 col.
441 3015 525 3050 867.

395 3075 430 3109 2.
458 3074 549 3109 Jean
570 3073 614 3109 de
643 3073 677 3109 la
696 3073 808 3110 Balue
831 3074 884 3111 fut
914 3086 961 3110 un
989 3074 1052 3111 des
1080 3075 1242 3111 hommes
1263 3075 1315 3111 les
1344 3074 1425 3123 plus
1453 3073 1687 3121 meprisables
1708 3072 1752 3108 de
1773 3082 1840 3107 son
1859 3074 1994 3117 temps.
2021 3068 2116 3117 Voy.

352 3136 453 3168 outre
466 3132 518 3168 les
532 3132 721 3180 biograph.
752 3133 814 3169 des
830 3133 1048 3179 Cardinaux,
1075 3136 1191 3170 Card.
1215 3134 1415 3180 Papiensis
1431 3133 1552 3177 Epist.
1580 3139 1614 3167 et
1639 3132 1846 3167 Comment.
1870 3129 1975 3173 1506,
1998 3127 2119 3173 1iv.ll,

352 3191 403 3227 les
416 3193 619 3227 Memoires
633 3193 680 3227 de
691 3193 867 3228 Comz’nes
881 3192 1031 3240 passim,
1045 3194 1066 3229 4
1085 3193 1155 3230 vol.
1170 3194 1276 3237 in-40,
1288 3193 1392 3237 1747,
1412 3192 1462 3227 les
1477 3201 1684 3237 remarques
1703 3190 1747 3225 de
1767 3188 1959 3235 Godefroy,
1976 3191 2061 3223 note
2075 3185 2117 3231 C,

353 3248 444 3285 dans
464 3251 515 3287 les
543 3250 701 3287 Preuves
722 3251 765 3287 de
792 3262 852 3288 ces
873 3252 1077 3298 Memoires,
1100 3257 1126 3290 t.
1151 3253 1195 3296 11,
1218 3264 1254 3300 p.
1277 3251 1372 3295 6243
1391 3249 1573 3286 l'Hermite
1594 3249 1639 3285 de
1659 3248 1810 3293 Solicrs,
1834 3248 1867 3283 le
1885 3246 2044 3283 Gabinet
2062 3245 2118 3280 du

351 3308 434 3353 Roy
453 3310 571 3344 Louis
592 3310 662 3353 XI,
687 3314 799 3347 meme
822 3315 927 3356 tome,
948 3324 986 3359 p.
1014 3312 1096 3356 231,
1122 3317 1157 3348 et
1181 3312 1214 3348 la
1240 3310 1386 3347 relation
1408 3310 1452 3346 de
1474 3309 1714 3346 l'ambassade
1735 3308 1779 3344 de
1801 3307 2000 3344 Guillaumc
2020 3303 2117 3341 Cou-

354 3365 448 3402 sinot
485 3378 528 3403 au
563 3368 661 3415 Papa
691 3369 783 3405 Paul
808 3371 853 3413 II,
881 3372 1055 3406 touchant
1080 3371 1111 3406 le
1136 3373 1264 3417 proces
1292 3370 1336 3405 de
1361 3369 1395 3405 J.
1427 3368 1553 3413 Balue,
1587 3379 1652 3415 par
1681 3366 1853 3404 Gaillard.
1889 3365 2045 3401 Notices
2080 3367 2116 3396 et

357 3425 535 3462 Eece-aits
555 3428 619 3462 des
639 3431 875 3465 manuscrits
893 3431 948 3465 du
968 3431 1051 3475 Roi,
1073 3434 1096 3466 t.
1117 3430 1178 3473 IV,
1201 3441 1293 3477 page
1312 3429 1347 3464 9.
