2262 3958
165 346 271 390 [Aoct
292 343 382 390 1484]
604 345 774 386 RERUM
806 344 1112 385 URBANARUM
1145 344 1495 386 COMMENTARH.
1910 353 1958 388 75

170 454 313 504 Liber
333 468 422 519 pro
443 451 661 501 oratione
680 454 791 498 ante
813 449 962 498 altare
980 448 1108 498 beati
1129 451 1257 498 Petri
1278 467 1424 516 super
1440 450 1648 501 electum
1669 451 1951 517 pontificem

105 523 107 525 ,
169 538 389 588 dicenda.
409 567 474 574 -
496 535 830 586 Faldistorium
852 549 962 583 cum
989 548 1077 582 suo
1105 533 1316 582 scabello
1350 539 1398 584 et
1434 534 1620 583 duobus
1643 535 1848 584 cussinis
1864 552 1951 600 pro

169 622 344 683 electo,
367 627 419 672 ut
439 626 551 671 ante
573 621 721 670 altare
742 618 1012 684 predictum
1030 618 1076 665 in
1101 633 1159 666 eo
1179 618 1507 681 genuflectere
1534 619 1704 684 possit.

233 708 393 757 Tenor
413 721 523 756 vero
545 704 713 755 cedule
735 703 837 751 sive
858 701 1109 750 inventarii
1130 717 1293 751 rerum
1315 718 1402 767 per
1422 703 1624 753 clericos
1646 704 1950 753 ceremonia-

171 807 279 841 rum
298 808 387 859 pro
409 807 495 842 suo
517 795 564 841 et
593 786 830 839 conclavis
857 802 947 836 usu
967 785 1333 850 portandarum,
1363 787 1423 836 de
1448 804 1543 853 qua
1571 788 1717 838 etiam
1739 804 1884 853 supra
1901 787 1954 838 fit

171 878 372 938 menti0,
399 877 504 927 talis
525 879 614 926 est.

236 965 410 1012 Lectus
431 975 541 1010 cum
566 956 943 1016 linteaminibUS,
975 960 1176 1022 coperta
1202 961 1251 1006 et
1277 956 1382 1006 aliis
1410 954 1732 1005 sornimentis.
1755 983 1820 991 —
1841 957 1957 1004 Tres

167 1052 250 1097 aut
279 1050 486 1112 quatuor
510 1043 778 1109 lampades.
802 1072 867 1079 -
890 1045 995 1091 Una
1018 1041 1254 1107 aquaritia
1284 1041 1377 1091 olei
1405 1057 1549 1106 quam
1578 1041 1647 1090 eis
1677 1039 1952 1088 ministrent

165 1131 325 1181 clerici
361 1145 553 1180 camere
588 1129 762 1196 quibus
800 1144 915 1178 cura
957 1127 1198 1178 conclavis
1245 1130 1319 1177 est
1354 1126 1617 1176 commissa
1642 1140 1728 1192 pro
1761 1124 1946 1189 lampa-

167 1215 322 1266 dibus,

228 1303 334 1352 Una
365 1317 512 1367 capsa
545 1300 620 1349 vel
647 1301 740 1351 due
776 1315 864 1366 pro
901 1300 1195 1365 reponendis
1222 1299 1428 1365 panibus
1463 1301 1511 1347 et
1540 1296 1820 1363 hujusmodi
1858 1310 1951 1363 que

165 1386 353 1438 RRmis.
381 1387 483 1435 DD.
518 1385 841 1435 cardinalibus
864 1385 1064 1450 singulis
1085 1385 1299 1451 prandiis
1327 1389 1374 1434 et
1400 1384 1533 1434 cenis
1557 1382 1824 1449 supersint.

230 1475 336 1523 Una
365 1473 440 1522 vel
467 1473 629 1538 plures
661 1488 804 1537 parve
835 1471 1102 1531 butticelle‚
1137 1472 1334 1531 munde,
1372 1486 1519 1519 vacue
1553 1485 1642 1535 pro
1677 1468 1959 1534 reponendo

163 1557 273 1607 vino
296 1558 425 1624 quod
446 1556 771 1607 cardinalibus
798 1561 850 1605 ut
880 1573 1024 1622 supra
1061 1560 1298 1622 superest.
1339 1556 1573 1605 Ordinent
1603 1554 1734 1619 quod
1759 1554 1852 1603 duo
1889 1570 1944 1601 ve

164 1645 263 1693 tres
294 1641 554 1692 familiares
601 1659 771 1692 eorum
817 1647 953 1692 extra
1003 1643 1308 1703 conclavem,
1346 1641 1482 1691 horis
1527 1656 1648 1689 cene
1690 1644 1736 1689 et
1769 1638 1958 1704 prandii

165 1727 360 1777 veniant
409 1743 496 1792 pro
543 1727 757 1792 reliquiis
817 1727 1034 1776 carnium
1089 1731 1136 1776 et
1180 1727 1384 1776 aliorum
1433 1724 1809 1774 comestibilium
1864 1739 1957 1787 que

165 1815 592 1878 supermanserunt
629 1817 676 1862 et
710 1813 984 1862 conservari
1030 1829 1129 1861 non
1172 1817 1399 1878 possunt,
1441 1827 1497 1861 ac
1544 1814 1680 1859 extra
1724 1807 1953 1858 conclave

162 1897 491 1964 porriguntur.

178 1988 181 1991 ’
230 1981 440 2047 Singulis
484 1982 653 2032 diebus
686 1987 797 2049 post
838 1984 968 2035 diem
1010 1983 1304 2034 dominicam
1348 1981 1600 2032 electionis
1640 1980 1876 2048 predicte,
1912 1986 1959 2031 et

160 2073 271 2120 ante
290 2069 421 2119 diem
442 2070 769 2120 coronationis
791 2073 940 2136 Pape,
971 2071 1020 2119 in
1051 2086 1194 2119 mane
1233 2073 1280 2118 et
1309 2073 1421 2134 post
1448 2067 1703 2133 prandium
1723 2070 1959 2116 venerunt

160 2154 222 2203 ad
259 2154 489 2219 palatium
509 2155 672 2220 plures
705 2172 764 2205 ex
804 2155 997 2205 RRmis.
1042 2158 1143 2204 DD.
1189 2153 1537 2213 cardinalibuS,
1570 2146 1741 2216 quibus
1776 2152 1957 2200 electus

162 2237 362 2302 signavit
390 2239 765 2305 supplicationes
795 2240 1066 2289 officiorum
1094 2244 1140 2288 et
1163 2239 1366 2287 aliorum
1394 2252 1481 2302 pro
1510 2236 1624 2297 suiS,
1651 2235 1702 2286 et'
1719 2235 1957 2290 distribuit

161 2322 230 2372 eis
251 2326 406 2373 terras
428 2327 477 2372 et
497 2327 655 2373 castra
676 2340 775 2373 non
796 2329 960 2373 tamen
983 2324 1207 2373 omnibus
1236 2321 1557 2372 cardinalibus
1576 2323 1715 2388 juxta
1735 2326 1957 2370 tenorem

161 2406 481 2473 capitulorum
509 2409 922 2473 supradictorum3
955 2409 1042 2458 sed
1068 2408 1182 2456 nulli
1211 2406 1549 2474 supplicationi
1579 2406 1668 2456 fuit
1687 2406 1763 2456 his
1786 2406 1956 2455 diebus

161 2488 290 2551 data,
330 2491 416 2541 sed
451 2491 500 2540 in
535 2492 759 2542 omnibus
789 2493 1102 2559 postmodum
1143 2510 1172 2542 a
1210 2496 1266 2542 D.
1308 2492 1491 2542 datario
1522 2491 1829 2557 presentatiS,
1870 2490 1958 2538 fuit

160 2575 317 2639 posita
337 2575 448 2625 data
468 2575 563 2627 diei
586 2578 930 2627 coronationis.
958 2578 1300 2628 Sanctissimus
1322 2576 1547 2626 dominus
1563 2580 1730 2624 noster
1751 2575 1952 2633 electuS,

161 2658 308 2724 elegit
329 2663 377 2710 et
397 2661 639 2726 deputavit
660 2663 710 2712 in
728 2663 967 2712 datarium
995 2680 1138 2712 suum
1167 2666 1222 2712 R.
1257 2665 1309 2712 P.
1335 2665 1393 2711 D.
1422 2660 1750 2711 Antonianum
1773 2659 1957 2727 episco-

160 2759 278 2808 pum
296 2744 703 2797 Vintimiliensem
725 2747 842 2797 alias
865 2746 1197 2798 caudatarium
1219 2764 1378 2798 suum.

228 2829 443 2878 Fuerunt
493 2831 637 2880 etiam
676 2832 890 2897 deputati
939 2833 1152 2898 quinque
1182 2849 1241 2882 ex
1270 2833 1463 2883 RRmis.
1491 2835 1593 2882 DD.
1631 2829 1955 2880 cardinalibus

162 2912 244 2978 qui
266 2915 632 2964 coronationem
660 2920 707 2965 et
736 2932 824 2981 pro
853 2933 909 2966 ea
930 2919 1206 2967 necessaria
1224 2918 1522 2978 ordinarent,
1541 2916 1762 2965 videlicet
1784 2913 1949 2962 RRmi.
2007 2935 2012 2939 ·

161 2997 218 3044 D.
262 3012 302 3045 S.
350 2998 519 3059 Marci,
574 3015 613 3047 s.
664 3000 792 3049 Petri
845 3001 906 3050 ad
942 3001 1164 3062 Vincula,
1216 3002 1575 3062 Ulixbonensis,
1628 2998 1856 3049 Senensis
1906 3001 1952 3045 et

162 3094 203 3128 s·
236 3082 428 3146 Georgii
458 3084 774 3145 camerariuS,
804 3101 1009 3150 quorum
1038 3102 1281 3135 consensu
1317 3087 1479 3135 omnia
1506 3085 1726 3134 ordinata
1761 3087 1870 3133 sunt
1906 3088 1953 3134 et

160 3179 248 3229 per
268 3180 346 3215 me
367 3167 638 3229 sollicitata,
662 3174 805 3235 prout
831 3169 1035 3219 inferius
1063 3173 1334 3220 annotatur.

228 3251 320 3297 Pro
343 3253 656 3303 coronatione
677 3254 892 3319 paranda
912 3259 1023 3304 sunt
1048 3275 1057 3304 :

228 3335 409 3383 Decem
449 3341 558 3386 octo
598 3338 848 3403 pendones
893 3341 1192 3390 trombarum
1230 3356 1341 3389 cum
1378 3340 1524 3389 armis
1562 3341 1646 3388 SS.
1689 3341 1747 3388 D.
1778 3341 1947 3400 nostri,

160 3434 367 3482 quorum
412 3419 585 3469 dantur
630 3423 802 3473 decem
847 3428 957 3475 octo
1010 3425 1259 3490 pendones
1305 3425 1602 3473 trombarum
1649 3439 1760 3473 cum
1803 3426 1949 3474 armis

162 3501 397 3564 Ecclesie,
421 3520 626 3568 quorum
647 3506 837 3557 dantur.
850 3546 858 3554 .
871 3546 881 3557 .
