2262 3958
369 337 437 372 446
953 333 1186 371 JOHANNIS
1218 332 1513 378 BURCHARDI,
1877 337 2028 379 [Fevrier
2049 338 2139 378 1492]

367 437 424 485 rii
453 437 654 502 predicti
688 440 856 501 gentes
888 452 973 485 sue
1004 434 1276 484 intromisse
1307 434 1507 482 fuissent
1530 435 1589 483 ad
1620 436 1949 500 recipiendum
1983 437 2143 485 omnia

367 536 500 568 arma
519 521 578 568 ab
598 519 870 567 infidelibus
904 522 951 567 et
975 524 1185 566 castrum
1214 533 1300 582 pro
1334 533 1448 581 rege
1482 516 1585 580 ipso
1614 519 1896 580 parandum,
1933 524 1979 569 et
2016 519 2146 583 quod

366 618 450 650 rex
470 602 572 665 ipse
594 617 702 650 cum
727 601 909 665 reg-ina,
940 606 1150 649 castrum
1170 601 1326 664 ipsum
1347 600 1423 648 die
1448 604 1471 647 7
1496 599 1710 663 ejusdem
1740 602 1919 652 mensis
1943 602 2145 651 feliciter

365 683 623 732 intrassent
646 683 726 748 (1).
751 683 858 731 Fuit
877 683 1064 748 pridem
1090 699 1178 747 per
1206 683 1418 743 bannum
1449 682 1672 731 omnihus
1702 683 1982 733 mandatum
2013 685 2143 750 quod

366 780 534 814 omnes
557 769 701 815 strate
721 782 808 830 pro
832 766 907 815 die
928 767 1143 831 predicta
1162 755 1526 825 mundarentur,
1551 770 1598 814 et
1631 782 1659 813 a
1685 781 1791 814 sero
1823 771 2038 816 extremo
2061 784 2142 816 us-

366 866 456 912 que
486 866 573 913 per
597 849 884 898 hodiernam
905 850 1032 898 diem
1059 866 1235 914 magna
1259 866 1492 914 campana
1514 848 1729 912 Capitolii
1751 849 1910 913 sepius
1932 854 1978 899 et.
1996 850 2141 900 itera-

367 932 425 980 tis
450 932 632 981 vicibus
662 933 950 998 pulsaretur,
987 933 1391 996 quemadmodum
1424 932 1471 979 in
1502 933 1824 981 anniversario
1852 934 2141 999 assumptio-

365 1015 438 1063 nis
458 1010 510 1064 ¹et
538 1016 860 1065 coronationis
889 1019 1016 1080 Pape
1040 1016 1150 1064 'fieri
1177 1015 1440 1075 consuevit,
1475 1021 1522 1064 et
1554 1015 1602 1063 in
1634 1032 1741 1065 sero
1771 1016 2015 1080 utriusque
2049 1017 2142 1066 diei

365 1100 500 1148 multi
521 1099 657 1165 ignes
675 1116 761 1164 per
781 1101 960 1148 Urbem
981 1090 1111 1158 facti,
1146 1099 1362 1147 similiter
1381 1099 1428 1146 in
1449 1099 1624 1162 palatio
1646 1099 1907 1163 apostolico
1924 1105 1971 1148 et
1985 1103 2141 1149 castro

365 1183 517 1232 sancti
538 1183 732 1247 Angeh,
755 1183 871 1232 item
892 1183 1164 1230 ordinatum
1185 1182 1311 1244 quod
1332 1181 1486 1229 omnis
1508 1182 1664 1230 clerus
1686 1188 1733 1230 et
1766 1198 1934 1231 omnes
1957 1183 2142 1247 religio-

363 1267 437 1314 nis
457 1266 504 1314 in
523 1267 719 1315 basilica
741 1266 892 1315 sancti
914 1266 1040 1314 Petri
1056 1281 1106 1313 se
1125 1267 1475 1328 congregarent
1496 1269 1542 1312 et
1564 1264 1692 1312 circa
1711 1265 1880 1313 horam
1898 1266 2136 1314 decimam

364 1354 583 1412 quartam
605 1349 731 1398 dicte
752 1349 1010 1409 dominice,
1043 1347 1461 1412 processionaliter
1487 1347 1546 1394 ab
1568 1348 1738 1396 eadem
1763 1348 1959 1397 basilica
1986 1365 2134 1413 usque

412 1492 444 1528 1.
466 1493 518 1528 La
537 1491 633 1540 prise
654 1491 698 1529 de
719 1491 898 1537 Grenade,
920 1490 981 1539 qui
999 1493 1060 1527 eut
1081 1502 1129 1526 un
1149 1489 1302 1526 resultat
1323 1489 1496 1526 immense
1516 1500 1607 1538 pour
1626 1488 1773 1527 l’avenir
1793 1490 1836 1527 de
1857 1490 2064 1540 l’Espagne,
2079 1490 2136 1529 fut

363 1553 548 1589 annonce'e
568 1551 600 1588 le
624 1552 708 1600 jour
733 1555 847 1589 meme
880 1563 926 1588 au
956 1551 1051 1598 doge
1079 1550 1124 1586 de
1144 1548 1278 1585 Venise
1298 1560 1364 1597 par
1391 1549 1423 1585 le
1448 1549 1500 1586 roi
1526 1549 1744 1595 Ferdinand,
1770 1549 1861 1586 dans
1880 1549 1915 1586 la
1935 1549 2037 1588 lettre
2058 1549 2134 1588 sui·

361 1614 468 1648 vante
489 1623 498 1648 :

872 1684 889 1704 «
915 1671 967 1706 Al
985 1670 1239 1705 Serenissimo
1259 1669 1362 1715 Doqe
1380 1670 1422 1704 di
1448 1668 1613 1705 Venetia.

411 1770 429 1788 α
449 1754 688 1791 Serenissimo
709 1755 824 1803 Doge,
841 1759 876 1792 et
890 1754 999 1791 molto
1013 1758 1133 1791 amato
1154 1765 1319 1802 compare
1334 1757 1367 1790 et
1382 1752 1508 1798 amico,
1522 1752 1587 1790 Noi
1606 1752 1631 1790 il
1644 1753 1698 1790 Re
1712 1753 1746 1789 di
1762 1753 1950 1803 Castiglia,
1965 1755 2002 1798 di
2018 1754 2130 1802 Leon,

361 1814 557 1860 d‘Aragon,
580 1814 615 1850 di
630 1813 765 1859 Sicilia,
786 1814 821 1850 di
842 1814 1013 1860 eranam,
1035 1819 1104 1853 ete.
2052 1806 2057 1808 ’

408 1890 426 1909 «
444 1876 486 1912 Vi
508 1877 711 1913 mandiamo
731 1877 841 1913 molto
867 1888 889 1912 a
916 1876 1086 1914 salutare,
1109 1884 1209 1910 come
1234 1871 1352 1919 quello
1376 1871 1443 1907 che
1462 1872 1571 1908 molto
1597 1871 1760 1916 amiamo,
1782 1875 1818 1909 et
1838 1872 2038 1910 estimiamo
2060 1885 2070 1911 ε
2091 1879 2129 1912 et

359 1936 492 1984 perche
511 1936 704 1983 vogHamo,
727 1936 793 1973 che
814 1935 880 1972 Dio
898 1935 934 1972 vi
961 1936 1068 1971 desse
1091 1937 1194 1970 tanta
1213 1931 1300 1977 vita,
1322 1930 1438 1967 salute
1458 1935 1493 1968 et
1514 1931 1660 1975 honore,
1681 1935 1817 1978 quanto
1846 1931 1904 1968 voi
1930 1933 2126 1970 medesimo

361 1995 587 2038 desiderate3
608 1996 641 2032 vi
663 1995 835 2032 faeciamo
856 2006 996 2043 sapere,
1018 1994 1084 2030 che
1099 1993 1118 2029 ὁ
1137 1992 1462 2040 piaciutoanostro
1482 1989 1637 2046 Signore
1656 1989 1756 2026 Idalio
1775 1989 1810 2026 di
1830 1990 1927 2027 darei
1945 1992 2129 2040 compiuta

359 2054 503 2091 vittoria
521 2055 576 2091 del
600 2055 669 2095 Re,
691 2054 785 2092 etde
805 2054 891 2091 mori
912 2053 967 2089 del
989 2053 1119 2100 Regno
1140 2050 1175 2087 di
1197 2050 1368 2087 Granata.
1389 2053 1424 2086 et
1443 2049 1487 2085 de
1507 2048 1626 2084 nimici
1650 2049 1744 2085 della
1763 2054 1889 2086 nostra
1909 2050 1987 2087 fede
2006 2052 2126 2088 catho-

359 2113 440 2156 lica,
463 2118 498 2151 et
517 2114 584 2150 che
601 2114 695 2162 dopo
713 2113 821 2151 molto
841 2113 938 2150 molti
955 2111 1122 2159 travagli,
1146 2122 1267 2158 spese,
1284 2109 1400 2145 morti.
1416 2112 1451 2144 et
1473 2107 1717 2156 spargimento
1741 2108 1774 2144 di
1793 2120 1934 2155 sangue
1947 2110 1992 2147 de
2010 2110 2127 2148 nostri

358 2171 507 2217 sudditi,
529 2176 564 2209 et
583 2172 735 2209 naturali
757 2172 869 2220 hoggi
890 2172 960 2208 due
986 2171 1022 2207 di
1041 2170 1075 2206 di
1095 2168 1257 2207 Gennaio
1273 2167 1309 2204 di
1329 2172 1457 2216 questo
1477 2172 1644 2215 presente
1667 2179 1762 2204 anno
1782 2168 1838 2204 del
1859 2169 1920 2214 92,
1941 2168 1972 2206 ci
1987 2172 2007 2206 ὲ
2027 2170 2126 2207 stata

358 2219 584 2279 consegnata
606 2232 640 2268 la
667 2231 754 2268 citta
782 2231 817 2267 di
842 2231 1015 2275 Granata,
1036 2230 1070 2267 la
1100 2228 1304 2272 Alhambra,
1325 2233 1361 2264 et
1389 2238 1454 2263 con
1478 2226 1508 2263 le
1529 2226 1618 2263 altre
1643 2226 1736 2263 foi-ze
1762 2227 1817 2264 del
1845 2228 2001 2265 contado
2020 2232 2056 2266 et
2074 2229 2127 2275 gli

357 2290 435 2327 altri
465 2290 614 2335 castelli,
640 2291 706 2327 che
735 2290 764 2327 ci
791 2296 983 2327 restavano
1009 2301 1074 2338 per
1093 2288 1258 2337 acquisto
1281 2288 1315 2324 di
1340 2290 1468 2335 questo
1494 2298 1623 2336 regno.
1647 2291 1682 2324 et
1708 2287 1744 2324 lo
1763 2288 1946 2335 tegniamo
1970 2293 2064 2327 tutto
2089 2289 2126 2326 in

357 2352 481 2385 nostro
511 2353 646 2396 potere.
667 2353 703 2385 et
734 2347 849 2393 balia;
883 2348 918 2384 la
939 2349 1044 2396 quale
1076 2348 1147 2384 essi
1171 2352 1349 2383 tenevano
1372 2350 1408 2383 et
1435 2345 1684 2392 possedevano
1714 2346 1775 2394 piu
1804 2347 1964 2385 seicento
1983 2353 2125 2386 ottanta

359 2406 459 2451 anni,
481 2406 674 2443 habbiamo
695 2406 893 2443 deliberato
913 2407 947 2442 di
970 2406 1102 2443 sai-velo
1122 2417 1261 2453 sapere,
1284 2417 1348 2453 per
1366 2405 1388 2440 il
1411 2404 1550 2452 piacere
1567 2404 1633 2440 che
1652 2404 1687 2439 di
1708 2404 1764 2440 cio
1785 2405 1910 2443 bavete
1931 2417 2031 2443 come
2051 2406 2124 2444 Ca-

357 2465 492 2502 tholico
507 2476 569 2512 per
588 2477 689 2501 esser
701 2477 767 2502 con
789 2463 946 2512 servigio
963 2464 997 2499 di
1011 2463 1077 2500 Dio
1091 2469 1215 2500 nostro
1235 2464 1403 2511 Signore‚
1417 2467 1453 2499 et
1471 2462 1782 2499 inessaltamento
1799 2463 1894 2500 della
1904 2470 2029 2502 nostra
2042 2465 2124 2502 fede

353 2522 543 2558 catholica.
565 2522 608 2558 Et
633 2523 722 2567 cosi,
745 2522 919 2560 sereniss.
946 2522 1048 2568 Doge
1068 2526 1193 2558 nostro
1218 2522 1326 2557 molto
1345 2532 1442 2558 caro,
1459 2526 1494 2557 et
1514 2525 1632 2557 amato
1653 2532 1832 2569 compare,
1854 2523 2034 2571 preghero
2055 2523 2123 2561 Dio

352 2586 476 2618 nostro
492 2581 660 2628 signore,
683 2582 750 2618 che
771 2582 914 2618 v’habia
942 2580 1064 2627 d'ogni
1084 2585 1202 2627 tempo
1222 2580 1255 2615 in
1280 2591 1345 2616 sua
1372 2578 1504 2625 special
1529 2579 1681 2626 guardia
1701 2584 1735 2617 et
1755 2580 2120 2619 recommandatione.

353 2640 454 2677 Delia
474 2640 568 2677 Citta
584 2641 618 2677 di
640 2641 810 2680 Granata.
831 2641 862 2676 A
876 2640 946 2676 due
966 2639 1001 2675 di
1021 2639 1057 2674 di
1079 2638 1255 2675 Gennaio.
1279 2638 1549 2676 MCCCCXCII.

1295 2725 1312 2743 «
1329 2710 1365 2745 IL
1386 2710 1441 2745 RE
1460 2722 1494 2745 D1
1517 2709 1716 2756 CAsTiemA,
1735 2715 1803 2747 etc.
1821 2725 1839 2744 »

403 2793 565 2841 (Lettere
592 2794 633 2830 di
658 2794 836 2840 Principi
863 2794 1007 2840 {equali
1032 2795 1068 2830 si
1094 2795 1268 2838 scriuono
1287 2794 1338 2828 da
1355 2794 1534 2838 Principi
1554 2796 1574 2827 ὀ
1601 2797 1625 2827 ὰ
1646 2793 1840 2838 Principi,
1862 2805 1882 2828 ο
1903 2795 2120 2838 rayionano

353 2854 395 2887 di
418 2854 608 2899 principi.
631 2854 672 2889 In
689 2853 854 2898 Venetia,
871 2854 893 2889 3
911 2853 967 2890 vol
1010 2853 1123 2897 in-80,
1142 2853 1308 2895 1562-77‚
1327 2856 1422 2888 tome
1442 2852 1488 2897 ΙΙ,
1510 2851 1571 2889 fol.
1594 2852 1647 2898 2.)

400 2913 568 2949 L'entree
588 2915 608 2949 a
628 2911 794 2950 Grenade
813 2912 861 2947 du
887 2911 938 2947 roi
960 2915 996 2948 et
1022 2904 1066 2948 de
1092 2911 1126 2948 la
1149 2911 1246 2948 reine
1275 2911 1480 2959 d'Espagne
1499 2922 1537 2947 se
1563 2915 1688 2948 trouve
1714 2911 1860 2956 relatae,
1883 2922 1970 2948 avec
1998 2914 2120 2949 toutes

354 2971 407 3008 les
428 2972 696 3009 circonstances
714 2971 775 3019 qui
797 2970 851 3019 s'y
872 2971 1087 3016 rattachent,
1111 2970 1202 3007 dans
1222 2970 1256 3006 la
1276 2969 1441 3007 curiense
1461 2970 1563 3007 lettre
1579 2971 1623 3007 de
1635 2970 1858 3007 Bernardino
1876 2970 1930 3008 del
1943 2970 2121 3018 Ronla-

356 3038 433 3067 tere
452 3034 495 3067 di
513 3033 704 3078 Principi,
727 3035 812 3076 etc„
839 3034 867 3067 t.
890 3031 936 3076 II,
965 3030 1024 3066 fol.
1057 3031 1109 3076 2),
1134 3034 1170 3067 et
1196 3029 1398 3077 reproduite
1423 3031 1443 3065 a
1465 3029 1708 3077 l’Appendice‚
1733 3036 1775 3065 n⁰
1795 3030 1840 3066 38
1876 3029 1969 3078 Voy.
1990 3029 2119 3067 Luctus

355 3091 564 3136 MARJNEUS,
584 3093 636 3127 De
664 3091 786 3127 Rebus
813 3091 928 3136 hisp„
954 3089 1014 3126 liv.
1035 3089 1117 3134 XX,
1137 3089 1229 3126 dans
1250 3087 1408 3127 Rinaldi.
1436 3092 1467 3126 t.
1486 3088 1598 3132 XXX,
1626 3101 1662 3136 p.
1686 3091 1751 3124 177
1780 3098 1822 3123 n0
1853 3089 1887 3134 1,
1917 3093 1953 3125 et
1974 3091 2116 3125 surtout

355 3148 479 3185 Pierre
507 3150 648 3197 Mai-tyr
673 3147 897 3195 d'Anghiera
924 3159 932 3183 :
961 3149 1063 3194 Opus
1089 3149 1360 3195 Epistolarum
1385 3147 1493 3182 Petri
1517 3149 1710 3194 Martyris
1734 3149 1908 3193 Anylerii
1932 3147 2119 3183 Medioca-

351 3210 507 3248 mensis,
529 3207 641 3243 in-fol.
667 3207 738 3244 clo
758 3206 946 3243 lOCLXX.
972 3206 1151 3254 (Eizevir)‚
1174 3206 1235 3243 lib.
1262 3206 1307 3244 V.
1330 3205 1444 3252 Epist.
1465 3206 1525 3250 92,
1548 3217 1610 3242 sur
1634 3206 1668 3241 la
1689 3206 1783 3254 prise
1812 3206 1857 3242 de
1882 3204 2062 3250 Grenndie,
2083 3208 2118 3241 et

352 3265 404 3302 les
423 3266 546 3302 lettres
575 3266 810 3314 precedentes
841 3267 902 3307 (26
929 3268 949 3302 a
970 3266 1031 3313 91)
1053 3277 1116 3301 sur
1139 3266 1173 3301 la
1198 3275 1396 3312 campagne
1425 3264 1469 3299 de
1496 3264 1700 3300 Ferdinand
1728 3269 1852 3301 contre
1877 3264 1931 3300 les
1957 3265 2114 3311 Mauros.

352 3324 475 3362 Pierre
511 3326 650 3374 Martyr
675 3325 771 3362 avait
799 3325 873 3373 pris
904 3325 951 3361 du
979 3325 1114 3361 service
1138 3325 1229 3360 dans
1260 3323 1403 3359 l’armee
1431 3323 1575 3370 royale;
1600 3322 1699 3358 aussi
1726 3334 1767 3359 sa
1792 3322 2113 3370 correspondance,

355 3384 463 3421 ecrite
483 3396 546 3421 sur
563 3384 596 3421 le
618 3384 758 3421 theatre
780 3384 842 3420 des
872 3386 1118 3430 evenements,
1137 3382 1281 3421 est-elle
1301 3381 1365 3419 des
1383 3381 1466 3429 plus
1492 3381 1696 3429 precieuses
1717 3386 1753 3418 et
1772 3381 1836 3418 des
1862 3381 1943 3429 plus
1963 3380 2116 3417 interes-

348 3446 484 3479 santes.
