2262 3958
381 272 452 308 578
1129 269 1408 308 APPENDICE.

381 374 526 426 quiete
544 374 740 426 grande:
764 373 818 414 ne
841 373 878 412 si
907 372 1109 413 conoscie
1138 372 1182 412 in
1211 375 1367 423 questo
1394 374 1541 422 tempo
1563 371 1633 412 del
1652 372 1866 422 conclavi,
1883 373 1920 413 ci
1939 371 2074 413 habbi
2091 371 2149 413 ad

380 450 529 480 essere
549 439 737 478 tumulto
759 438 961 486 alchuno,
983 440 1025 478 et
1041 438 1144 488 pero
1167 447 1256 476 non
1291 436 1350 476 mi
1372 436 1632 476 occorrendo
1653 448 1754 478 cosa
1775 438 1852 478 che
1871 437 2013 478 meriti
2029 447 2150 488 spac-

381 503 462 551 cio,
481 513 571 542 non
597 505 819 553 aspectate
842 502 895 542 da
918 513 987 542 me
1007 501 1175 551 lettere,
1207 512 1253 541 se
1281 511 1368 541 non
1397 511 1478 541 con
1497 500 1538 540 la
1560 500 1769 542 electione
1788 502 1858 543 del
1876 513 2020 543 nuovo
2041 503 2150 543 Pon-

381 565 522 607 tefice.

438 714 454 732 ι
479 697 514 736 11
532 697 745 737 Patriarca
761 697 804 737 di
824 696 1004 749 Vinegia
1023 695 1046 736 c
1068 701 1187 738 entra
1197 700 1237 737 to
1258 697 1299 737 in
1321 696 1519 738 Conclavi
1537 707 1658 736 come
1679 695 1710 735 li
1735 695 1833 736 altri
1853 670 2069 738 Cardinali
2089 708 2100 737 ι
2121 695 2145 736 ὸ

382 761 424 802 di
446 760 518 803 eta
539 761 614 813 piu
636 762 678 802 di
700 761 750 802 80
767 762 885 802 anni.
906 764 969 803 Da
984 762 1216 803 ciaschuno
1235 760 1258 802 e
1278 765 1429 804 tenuto
1450 762 1597 802 buona
1617 771 1804 812 persona
1824 760 1895 814 (1).

437 909 453 927 «t
486 894 636 942 Rome,
660 892 729 933 die
752 905 792 934 v1
812 894 1001 946 Augusti
1020 893 1140 934 1492.
1163 894 1271 934 hora
1291 892 1355 934 18.

1091 1000 1106 1029 ,α
1138 982 1338 1030 Servitor,
1359 983 1456 1022 Pur.
1476 982 1691 1030 VALomus,
1716 980 1886 1021 Orator.
1914 995 1930 1015 ι

545 1100 561 1119 α
586 1083 819 1134 Magynisicis
839 1083 1034 1123 Dominis
1058 1082 1264 1122 Octoviris

542 1147 731 1188 Praetice
751 1147 972 1199 Republica
992 1146 1230 1187 Florentiae

539 1211 737 1252 Dominis
757 1214 861 1252 meis
886 1209 1297 1253 observandissime.

539 1279 768 1320 Florentie.
804 1295 821 1315 ›

1088 1423 1122 1465 Δ
1320 1405 1439 1612 Cito

1399 1490 1440 1517 ito

1088 1540 1122 1582 Δ
1399 1543 1439 1570 ito

428 1690 567 1738 (Arch.
590 1690 776 1729 Fiorent.
799 1689 957 1727 Lectere
971 1664 1058 1738 aqii
1080 1684 1169 1726 Otto
1188 1685 1235 1725 di
1253 1686 1437 1735 Ρναιῑσα,
1461 1684 1597 1726 Class.
1619 1685 1669 1733 X,
1692 1684 1801 1724 Dist.
1830 1682 1870 1729 6,
1893 1682 2003 1723 Filza
2021 1680 2082 1732 8.)

1235 1934 1287 1980 57

434 2067 629 2108 Relation
653 2078 729 2107 sur
747 2066 788 2106 la
808 2068 922 2106 mort
939 2068 982 2106 et
1001 2066 1065 2106 les
1081 2063 1301 2117 obseques
1322 2066 1382 2106 du
1401 2036 1529 2116 Pape‚
1552 2067 1595 2105 et
1611 2075 1688 2105 sur
1706 2063 1885 2106 l’entree
1899 2064 1979 2107 des
1999 2065 2136 2107 cardi-

378 2143 497 2173 naux
508 2143 564 2172 au
575 2132 800 2173 Conclave.
813 2131 871 2181 (E
872 2142 987 2170 xms.
1008 2129 1116 2170 Coei.
1128 2131 1237 2170 Bibl.
1255 2132 1283 2170 A
1293 2130 1491 2170 ltericma.
1501 2132 1597 2171 Not.
1611 2129 1854 2180 Conclavz'a,
1869 2133 1916 2170 22⁰
1925 2128 2142 2184 XXXII.)

425 2250 639 2290 Diuturno
677 2251 855 2290 affectus
885 2250 1038 2290 morbo
1065 2249 1110 2289 in
1139 2250 1321 2301 diesque
1347 2251 1694 2303 ingravescente,
1724 2250 2001 2291 Innocentius
2034 2250 2138 2292 Cibo

371 2316 615 2355 Genuensis
636 2317 749 2367 Papa
778 2315 866 2355 Vlll
899 2318 998 2366 post
1029 2326 1190 2367 magna
1231 2315 1356 2356 Urbis
1390 2316 1579 2367 pericula
1602 2315 1778 2366 quibus,
1802 2315 1906 2355 dum
1925 2315 1970 2355 in
1998 2317 2138 2357 morte

369 2377 592 2427 pependit,
629 2377 928 2425 obvelabatur,
963 2377 1141 2417 tandem
1169 2380 1211 2416 7⁰
1248 2378 1326 2417 Kal
1358 2379 1530 2418 Sextilis
1559 2379 1698 2420 noctis
1724 2380 1829 2420 hora
1849 2380 1895 2420 in
1921 2378 2091 2421 seXtam
2114 2391 2139 2421 a

366 2441 516 2492 quinta
552 2442 674 2489 obiit,
710 2444 752 2481 et
786 2453 884 2481 cum
928 2441 1177 2491 compitalia
1227 2441 1422 2493 plerique
1465 2444 1662 2494 proxima
1691 2444 1958 2496 generaliter
1980 2445 2138 2487 ducere

365 2509 571 2556 pararent
593 2509 634 2546 et
647 2506 742 2558 Jam
762 2506 806 2545 in
827 2517 984 2545 amena
1009 2506 1263 2546 suburbana
1286 2507 1608 2548 concessissent
1625 2508 1682 2548 ad
1697 2509 1830 2550 duros
1844 2509 2019 2551 labores
2034 2513 2076 2551 et
2093 2511 2138 2551 in

369 2571 592 2611 salubrem
611 2570 771 2610 Urbem
791 2570 934 2610 redire
955 2581 1032 2620 pro
1057 2571 1278 2610 communi
1302 2571 1443 2612 salute
1460 2583 1642 2613 necesse
1659 2573 1835 2614 habere.

422 2637 534 2688 Ergo
544 2634 810 2683 Pontificem,
821 2634 1067 2675 lucescente
1083 2635 1166 2684 die,
1180 2635 1426 2676 exanimem
1438 2636 1482 2676 in
1494 2637 1698 2678 Sanctum
1707 2639 1879 2679 Petrum
1887 2639 2136 2681 cardinales

366 2701 422 2741 ab
457 2711 508 2740 eo
536 2699 651 2749 facti,
687 2711 739 2740 ex
760 2711 896 2749 more,
933 2701 1122 2741 comitati
1146 2700 1268 2741 fuere
1297 2713 1306 2740 :
1338 2703 1686 2754 Beneventanus,
1708 2704 1960 2754 AleriensiS,
1984 2706 2137 2748 Sancte

366 2765 614 2814 Anastasie,
646 2766 831 2806 Medices
867 2768 908 2805 et
945 2766 1264 2807 Sanseverinus
1299 2767 1373 2818 qui
1403 2770 1496 2808 tum
1523 2771 1808 2820 properanter
1846 2769 1903 2810 ad
1936 2770 2135 2823 galerum

366 2830 604 2871 advolarat.
630 2829 706 2880 lbi,
730 2830 881 2882 populi
903 2832 1148 2882 spectaculo
1170 2835 1371 2873 mortuus
1403 2833 1627 2883 dimissus,
1650 2834 1869 2875 flebilibus
1890 2835 2135 2877 vetularum

410 2954 438 2984 1.
462 2953 586 2985 Maffeo
609 2953 762 2986 Gerardo
788 2963 795 2985 :
818 2966 832 2982 «
914 2953 1000 2996 Egli,
1022 2955 1137 2987 intesa
1156 2954 1190 2987 la
1210 2957 1323 2988 morte
1350 2955 1603 2995 d'Innocentio‚
1628 2965 1742 2990 venne
1774 2967 1794 2989 a
1809 2957 1920 2990 Roma
1939 2967 1960 2990 a
1978 2959 2133 2992 ricevere

366 3005 389 3037 il
404 3005 551 3047 capello,
571 3015 588 3038 e
605 3005 698 3037 volle
712 3008 853 3038 entrare
865 3007 901 3038 in
916 3006 1099 3046 conclave,
1113 3007 1249 3040 benche
1262 3011 1282 3039 a
1296 3008 1400 3041 satica
1414 3010 1443 3040 si
1456 3010 1597 3050 potesse
1609 3019 1775 3042 muovere
1790 3019 1808 3042 e
1821 3020 1966 3054 reggere
1977 3012 2013 3044 in
2023 3012 2134 3054 piedi.

362 3058 494 3099 (Conci.
516 3058 568 3090 de’
582 3059 694 3098 Pont.‚
713 3069 746 3100 p.
763 3060 831 3098 74.)
850 3058 936 3100 Voy.
955 3059 1148 3101 Malipiero‚
1163 3060 1294 3092 Annali
1317 3062 1442 3101 Veneti,
1461 3061 1548 3094 dans
1569 3061 1685 3097 ear-ch.
1704 3063 1795 3098 Scor.
1810 3063 1905 3103 Ital„
1918 3066 1944 3097 t.
1958 3065 2029 3101 Vll.
2043 3074 2079 3106 p.
2096 3074 2132 3104 u,

361 3121 397 3153 p.
421 3113 493 3145 690.
515 3112 543 3143 11
572 3115 718 3145 mourut
745 3112 776 3144 le
803 3113 893 3144 mois
919 3113 1070 3154 suivant,
1089 3113 1121 3145 le
1148 3115 1165 3144 7
1192 3115 1405 3156 septembre,
1435 3115 1455 3147 ὲ
1483 3116 1623 3154 Narnia,
1652 3125 1688 3148 se
1717 3116 1868 3150 rendant
1892 3119 1913 3150 ἱ),
1930 3118 2071 3157 Venise,
2087 3117 2133 3151 de

360 3166 483 3197 retour
505 3165 549 3197 de
578 3166 689 3197 Rome
715 3166 760 3197 ou
787 3165 812 3196 il
832 3166 927 3198 avait
946 3166 1071 3198 assiste
1100 3176 1145 3198 au
1171 3167 1342 3200 Conclave
1368 3168 1598 3200 d’Alexandre
1624 3169 1680 3202 VI.
1708 3168 1838 3206 C’etait.
1859 3179 1997 3203 comme
2026 3171 2058 3203 le
2081 3179 2136 3203 re·-
2168 3196 2171 3197 γ

362 3227 510 3259 marque
540 3218 722 3257 panvinio,
751 3228 800 3250 un
833 3218 976 3251 homme
1008 3218 1213 3252 stoliditatis
1234 3220 1419 3253 immensae.
1441 3221 1546 3263 (Epit.
1575 3221 1676 3253 Rom.
1704 3221 1830 3254 Pontii.
1857 3221 2011 3255 Venetiis
2039 3223 2132 3261 1567,

364 3280 399 3311 p.
422 3272 506 3312 147).
528 3271 701 3313 L'eveque
726 3272 947 3304 Garimberto
971 3273 1032 3313 (La
1052 3272 1171 3314 prima
1191 3275 1297 3315 parte
1316 3274 1404 3306 delle
1423 3274 1529 3306 vite...
1551 3273 1705 3306 d'alcuni
1728 3274 1815 3316 Papi
1838 3284 1856 3306 e
1875 3273 1914 3306 di
1929 3274 2014 3307 tutti
2032 3275 2131 3309 card.

359 3323 497 3362 passati·
517 3323 567 3363 (in
587 3324 742 3366 Vinegia,
771 3326 862 3364 1567,
882 3335 918 3367 p.
939 3327 1024 3365 499),
1057 3326 1241 3367 s'exprime
1268 3327 1289 3359 ὲ,
1311 3335 1377 3359 son
1407 3326 1500 3368 sujet
1522 3326 1610 3359 dans
1633 3328 1697 3360 des
1719 3329 1849 3360 termes
1874 3328 1955 3369 plus
1976 3327 2129 3360 violente

364 3384 510 3414 encore3
531 3377 555 3408 il
575 3375 749 3419 l'appetle,
771 3377 827 3409 «il
846 3378 908 3420 piu
927 3378 1038 3411 inette
1059 3389 1077 3411 e
1097 3379 1275 3421 inesperto
1296 3379 1447 3413 animale
1467 3380 1501 3412 di
1522 3380 1640 3422 quella
1659 3381 1742 3414 citta
1761 3380 1949 3423 (Vinegia).
1972 3393 1988 3410 ³>
