2262 3958
347 309 393 344 78
952 304 1186 340 ,IOHANNIS
1222 303 1515 352 BURCHARDI,
1647 288 1653 294 ’
1900 309 2005 351 [Aoat
2027 313 2115 357 1484]

415 409 564 458 Panni
582 410 753 458 virides
778 424 863 472 pro
885 408 1070 472 capella
1101 424 1139 457 s,
1167 407 1375 458 Silvestri
1406 406 1533 470 apud
1555 408 1799 460 basilicam
1827 429 1864 461 s.
1887 413 2119 464 Johannis

349 492 633 558 predictam;
659 505 871 539 canne...

417 580 707 640 Suggestum
729 574 812 622 fiat
830 578 940 623 ante
964 579 1151 637 portam
1178 576 1391 639 porticus
1422 576 1468 624 in
1493 575 1638 640 plano
1668 579 1903 630 scalarum
1924 581 2118 632 basilice

350 677 387 709 s,
417 660 542 709 Petri
563 658 828 723 predictam
847 657 1200 721 largitudinis...

414 745 658 793 Baltresca
696 743 779 792 fiat
808 743 867 792 de
896 747 1036 807 porta
1063 742 1312 807 principali
1351 743 1544 793 basilice
1582 761 1621 793 S.
1652 746 1884 795 Johannis
1919 749 2116 798 Latera-

348 829 509 881 nensis
530 843 680 892 usque
705 827 765 875 ad
789 827 937 876 altare
963 827 1119 891 majus
1142 832 1188 875 et
1215 827 1274 876 de
1305 827 1477 876 eodem
1510 829 1645 877 altari
1669 845 1820 893 usque
1845 830 1906 878 ad
1927 835 2116 896 portam

348 931 442 979 qua
457 914 549 962 itur
566 912 626 960 ad
648 914 824 960 Sancta
842 913 1128 961 Sanctorum
1150 910 1401 975 capellam,
1427 911 1688 960 altitudinis
1710 912 2043 977 palmorum...
2068 918 2116 964 et

346 995 657 1061 longitudinis
679 1011 960 1044 cannarum.
972 1010 1003 1043 ·..

410 1079 516 1131 Alia
532 1080 767 1129 baltresca
789 1079 874 1127 fuit
893 1079 941 1127 in
960 1079 1116 1143 prima
1136 1078 1244 1128 aula
1262 1079 1423 1144 palatii
1453 1098 1498 1128 s.
1528 1082 1551 1129 J
1557 1081 1759 1130 ohannis
1781 1083 2117 1132 Lateranensis

349 1165 408 1214 de
450 1181 546 1214 uno
583 1180 720 1213 muro
758 1163 1056 1212 transversali
1087 1163 1148 1211 ad
1183 1164 1328 1212 alium
1369 1180 1561 1212 murum
1591 1166 1975 1226 transversalem,
2011 1166 2117 1215 alti-

352 1247 530 1297 tudinis
551 1246 754 1297 duorum
782 1247 961 1311 pedum
990 1252 1036 1296 et
1057 1247 1319 1296 latitudinis
1349 1248 1527 1312 pedum
1557 1249 1830 1312 quindecim
1858 1251 1932 1300 vel
1970 1251 2114 1301 circa.-

412 1333 482 1381 De
498 1331 660 1380 officio
676 1330 876 1379 sacriste
903 1347 913 1379 ε

413 1416 625 1465 Sacrista
670 1415 832 1479 palatii
875 1414 1123 1479 apostolici
1159 1415 1404 1479 provideat
1449 1415 1507 1464 de
1545 1416 1769 1465 omnibus
1825 1415 2117 1478 paramentis

346 1497 698 1565 pontificalibus
733 1498 895 1547 officio
923 1499 1067 1547 misse
1098 1499 1423 1548 coronationis
1466 1499 1668 1548 dicende
1705 1497 2115 1560 convenientibus,

350 1583 425 1632 cui
448 1582 486 1631 si
507 1582 815 1632 convenirent
833 1581 925 1631 alia
945 1582 1188 1646 provideat
1204 1582 1346 1631 etiam
1375 1582 1433 1631 de
1449 1582 1743 1647 paramentis
1761 1581 1950 1645 quibuS,
1970 1584 2115 1647 Papa,

347 1667 495 1715 missa
517 1666 667 1726 finita,
700 1682 751 1715 se
785 1670 937 1730 paret,
967 1665 1078 1730 quia
1103 1666 1153 1714 in
1180 1666 1298 1714 albis
1326 1666 1619 1730 paramentis
1646 1665 1876 1714 duntaxat
1896 1666 2122 1716 convenit

349 1749 769 1816 processionaliter
786 1750 846 1798 ad
867 1752 1238 1799 Lateranensem
1259 1749 1473 1813 equitare
1494 1765 1503 1809 ;

410 1834 468 1882 (16
491 1850 635 1899 capsa
655 1848 741 1897 pro
764 1848 964 1897 corpore
988 1832 1161 1881 Christi
1180 1832 1443 1882 etductore
1463 1830 1592 1899 equi,

411 1917 468 1967 de
495 1918 678 1966 duabus
695 1915 926 1965 lanternis
949 1921 996 1965 et
1017 1916 1228 1965 candelis
1248 1920 1296 1964 et
1315 1915 1645 1980 portitoribus,

413 2003 471 2051 de
490 2000 712 2050 omnibus
734 2016 827 2064 que
849 2000 910 2048 ad
930 1999 1127 2048 missam
1148 1999 1369 2064 papalem
1389 1999 1647 2063 pertinent.

410 2085 479 2134 De
499 2084 699 2134 diacono
719 2089 766 2133 et
787 2083 1079 2133 subdiacono
1102 2083 1255 2147 grecis
1279 2100 1289 2131 :

407 2168 566 2218 Aviset
587 2183 756 2218 omnes
781 2167 953 2231 quibus
973 2183 1132 2216 sacras
1146 2173 1303 2217 vestes
1324 2172 1509 2216 mutuat
1528 2166 1607 2216 ubi
1642 2167 1692 2215 in
1712 2165 1908 2215 basilica
1925 2169 2120 2215 Latera-

358 2251 493 2301 nensi
525 2251 628 2299 illas
662 2251 903 2317 deponere
946 2252 1152 2301 debeant
1192 2257 1239 2300 et
1275 2253 1362 2301 sibi
1390 2253 1662 2314 restituere,
1691 2252 1764 2301 vel
1796 2251 1926 2316 quod
1950 2251 2028 2301 ille
2058 2251 2118 2299 ad

351 2334 576 2398 palatium
598 2335 685 2383 sibi
706 2336 1010 2384 remittantur
1029 2340 1075 2383 et
1100 2336 1397 2400 singulorum
1415 2337 1611 2385 nomina
1627 2340 1776 2386 notet.

407 2419 476 2467 De
499 2418 659 2466 officio
681 2418 1084 2467 subdiaconorum
1108 2419 1484 2482 apostolicorum
1507 2436 1516 2467 :

411 2503 588 2550 Omnes
607 2501 886 2550 subdiaconi
916 2500 1165 2564 apostolici
1196 2501 1350 2549 induti
1381 2507 1523 2550 erunt
1551 2500 1788 2550 tunicellis
1818 2501 1936 2553 albis
1970 2515 2114 2564 supra

348 2586 609 2645 rochettas,
647 2600 742 2634 uno
776 2585 971 2649 dempto
1002 2584 1083 2647 qui
1114 2583 1363 2648 epistolam
1396 2585 1609 2635 dicturus
1640 2589 1713 2633 est
1744 2584 1793 2632 in
1825 2584 2003 2632 missa:
2034 2583 2112 2631 ille

348 2674 534 2718 tantum
568 2668 765 2718 habebit
803 2668 1048 2726 amictum,
1089 2667 1264 2727 albam,
1314 2668 1559 2732 cingulum
1604 2672 1651 2716 et
1694 2667 1992 2731 manipulum
2026 2665 2113 2714 sub

350 2753 593 2813 tunicella,
619 2758 666 2802 et
683 2752 730 2800 in
750 2751 971 2800 omnibus
991 2750 1162 2799 officiis
1180 2752 1389 2815 portabit
1420 2767 1614 2801 crucem
1636 2756 1747 2801 ante
1767 2754 1944 2815 Papam
1968 2749 2113 2813 etiam

347 2836 396 2885 in
428 2836 737 2902 processione
765 2835 825 2884 ad
853 2837 1162 2896 Lateranum,
1191 2841 1238 2885 et
1270 2835 1361 2884 alia
1394 2836 1536 2885 faciet
1555 2840 1697 2900 prout
1725 2834 1773 2883 in
1793 2834 1958 2893 missa,
1986 2835 2115 2895 Papa

347 2920 638 2979 celebrante,
660 2925 733 2969 est
753 2919 1042 2968 ordinatum.

408 3004 579 3053 Dicent
597 3004 807 3053 laudem.

410 3087 545 3137 Prior
578 3088 915 3152 episcoporum
949 3085 1158 3147 interim,
1201 3086 1314 3134 dum
1351 3087 1489 3135 tertia
1533 3083 1683 3134 oratio
1718 3097 1804 3147 per
1834 3081 2112 3146 episcopum

341 3171 632 3221 cardinalem
673 3187 814 3235 super
843 3173 1022 3234 Papam
1041 3169 1233 3228 dicitur,
1269 3169 1476 3233 portabit
1503 3168 1698 3232 pallium
1729 3167 1787 3214 ad
1814 3166 1959 3214 altare
1987 3169 2035 3214 et
2063 3165 2111 3212 in

346 3250 469 3302 illius
488 3253 647 3304 medio
665 3254 782 3305 illud
801 3255 1058 3304 ordinabit.

408 3339 477 3384 De
498 3338 674 3401 palatio
697 3355 732 3386 s.
759 3336 991 3385 Johannis
1010 3334 1349 3385 Lateranensis
1375 3350 1385 3382 ε

407 3420 640 3469 Palatium
674 3438 712 3470 s.
749 3420 982 3470 Johannis
1012 3418 1348 3470 Lateranensis
1377 3420 1619 3481 reaptetur
1647 3422 1693 3466 et
1722 3411 2108 3467 reformetur-ubi
