2262 3958
251 341 475 385 [Aout1484]
697 340 866 379 RERUM
899 340 1205 379 URBANARUM
1238 341 1589 380 COMMENTARII.
1990 343 2034 379 21

264 444 541 493 custodibus
581 443 799 492 cedulam
834 444 1098 492 secundum
1137 459 1279 507 quam
1311 445 1546 493 deberent
1587 442 1906 492 cardinalibus
1939 443 2045 491 inti-

258 543 411 587 mare,
435 527 711 592 hujusmodi
732 527 913 576 tenoris
933 544 943 576 :

324 631 347 656 «
373 610 629 660 Intimetur
643 612 841 676 singulis
857 612 1049 661 RRmis.
1073 613 1412 672 cardinalibus,
1430 612 1635 676 qualiter
1651 613 1749 659 RR.
1775 614 1875 660 DD.
1901 612 2047 676 depu-

255 693 343 743 tati
365 693 496 743 circa
516 699 686 759 gentes
705 710 968 754 armorum,
993 698 1040 743 et
1060 695 1342 743 divisionem
1364 694 1459 742 loci
1479 694 1737 755 conclavis,
1755 711 1811 744 ac
1834 699 2045 744 castrum

250 793 290 826 s.
317 777 508 842 Angeli,
534 782 582 826 et
601 777 693 826 alia
720 777 790 825 eis
818 776 1094 837 commissa,
1128 778 1348 826 fecerunt
1378 777 1588 825 debitam
1615 777 1970 837 executionem,
1995 783 2043 827 et

252 865 512 927 propterea
544 860 804 925 dignentur
833 861 910 909 die
946 861 1155 910 crastina
1176 861 1303 909 inter
1321 862 1493 909 horam
1515 877 1583 909 ΧΗ
1606 846 1663 909 et*
1678 878 1770 909 xm
1804 861 2040 910 interesse

248 945 394 994 misse
415 945 476 994 de
498 944 667 1009 spiritu
688 948 856 993 sancto
878 945 927 992 in
947 944 1146 994 basilica
1167 945 1321 994 sancti
1344 944 1472 993 Petri
1492 961 1580 1010 per
1599 948 1792 993 Rmum.
1810 949 1867 994 D.
1891 946 2043 994 cardi-

250 1030 412 1079 nalem
448 1029 601 1078 sancti
644 1029 795 1077 Marci
841 1030 1157 1089 celebrande3
1200 1030 1348 1078 missa
1385 1030 1539 1090 finita,
1578 1030 1722 1078 faciet
1765 1046 2042 1079 sermonem

248 1116 306 1162 R.
331 1116 384 1162 P.
407 1116 464 1162 D.
491 1112 772 1162 Guillelmus
794 1114 852 1162 de
884 1114 1136 1174 Perreriis,
1168 1114 1291 1162 sacri
1322 1114 1483 1179 palatii
1510 1113 1761 1178 apostolici
1789 1130 2042 1162 causarum

257 1197 470 1257 auditor;
492 1213 587 1262 quo
626 1197 780 1258 finito,
816 1198 1244 1262 processionaliter
1274 1199 1334 1247 ad
1367 1214 1558 1247 sacrum
1595 1198 1821 1246 conclave
1856 1198 1983 1246 ituri.
2017 1218 2039 1242 »

311 1282 493 1330 Eadem
525 1282 622 1342 die,
646 1283 706 1330 de
728 1283 954 1331 mandato
982 1283 1106 1331 Rmi.
1141 1286 1199 1331 D.
1232 1282 1489 1331 cardinalis
1509 1283 1918 1343 vicecancellarii,
1954 1298 2043 1330 no-

244 1365 374 1414 mine
410 1365 535 1415 sacri
567 1366 759 1430 collegii
789 1367 1078 1428 mandantiS,
1112 1367 1222 1416 dedi
1256 1367 1477 1416 cedulam
1504 1367 1647 1415 aliam
1678 1369 1952 1417 cursoribus
1983 1369 2043 1416 ad

249 1449 569 1498 intimandum
588 1454 730 1514 prout
752 1450 800 1498 in
821 1467 880 1499 ea
900 1451 1192 1511 continetur,
1215 1451 1490 1516 hujusmodi
1509 1453 1690 1500 tenoris
1716 1469 1726 1501 :

315 1553 338 1578 «
362 1533 616 1582 Intimetur
651 1536 749 1582 RR.
786 1534 1000 1598 patribus
1041 1551 1096 1583 ac
1135 1535 1489 1585 venerabilibus
1535 1540 1583 1584 et
1624 1536 1895 1601 magnificis
1926 1536 2039 1585 viris

241 1616 450 1665 dominis

311 1700 490 1748 oratori
511 1700 835 1765 imperatoris,

311 1782 547 1849 episcopo
569 1786 881 1835 Dunelmensi
904 1787 1082 1836 oratori
1104 1787 1232 1853 regis
1254 1788 1444 1852 Anglie,

312 1866 492 1916 oratori
513 1869 642 1934 regis
664 1870 973 1932 Ferdinandi,

314 1950 494 1999 oratori
515 1952 643 2016 regis
665 1954 963 2018 Hungharie,

317 2034 498 2083 oratori
519 2036 661 2085 electi
682 2039 951 2102 Moguntini
971 2056 1060 2104 per
1079 2039 1291 2105 collegas
1313 2056 1424 2090 suos
1444 2041 1691 2104 deputatO,

305 2114 686 2182 thurcopellerio
709 2122 889 2170 oratori
912 2123 1184 2183 Rhodiano,
1564 2173 1567 2175 ,

288 2203 734 2252 conservatoribus
756 2221 949 2254 camere
981 2223 1036 2255 ac
1068 2208 1292 2256 omnibus
1326 2209 1561 2272 capitibus
1594 2208 1847 2272 regionum
1879 2210 2037 2268 Urbis,

311 2283 543 2350 episcopo
565 2288 791 2352 Regiensi
814 2291 993 2339 oratori
1014 2292 1150 2341 ducis
1172 2292 1410 2352 Ferrarie,

307 2368 488 2417 oratori
509 2369 645 2418 ducis
659 2372 936 2433 Mediolani,

307 2452 488 2500 oratori
509 2453 916 2517 Florentinorum,

308 2536 487 2585 oratori
509 2539 815 2599 senensium,

301 2621 676 2689 archiepiscopo
701 2625 989 2686 Arelatensi,

303 2706 672 2774 archiepiscopo
695 2709 994 2768 FlorentinO,

304 2792 672 2857 archiepiscopo
694 2794 1055 2854 Beneventano,

298 2875 527 2940 episcopo
549 2877 862 2936 Nannetensi,

297 2957 528 3022 episcopo
543 2958 924 3007 Barchinonensi
935 2997 945 3017 ,

302 3041 532 3107 episcopo
554 3045 795 3102 Massano,

293 3126 521 3191 episcopo
544 3124 874 3185 Foroliviensi,

300 3210 529 3274 episcopo
551 3212 829 3270 Mantuano,

300 3293 528 3358 episcopo
550 3295 857 3355 Cathanensi,

297 3378 627 3442 protonotario
663 3378 723 3426 de
754 3381 984 3427 Preneste
1023 3378 1120 3427 sive
1160 3378 1219 3426 de
1259 3377 1517 3437 Columna,
1559 3380 1607 3425 et

299 3460 478 3508 Jacobo
498 3460 825 3524 protonotario
846 3461 907 3509 da
927 3463 1229 3519 Sermoneta,
