2262 3958
357 305 427 341 580
956 327 962 333 -
1100 302 1383 340 APPENDICE.

412 398 612 439 Julianus
633 400 686 440 de
705 402 885 448 Rovere‚
909 397 1149 449 Episcopus
1169 399 1428 447 Hostiensis‚
1451 400 1493 438 S.
1516 399 1559 438 P.
1587 398 1643 439 ad
1663 400 1835 441 vincula
1856 402 2123 443 nominatus.

413 464 624 515 Baptista,
659 464 898 516 Episcopus
920 463 1209 514 Tusculanus,
1243 466 1398 505 Sancte
1426 464 1556 505 Marie
1576 465 1620 504 in
1642 465 1809 505 Particu
1827 470 2120 519 nuncupatus.

412 529 478 568 J0.
497 529 737 580 Episcopus
758 528 1040 569 Penestrinus
1062 529 1206 569 Sancti
1228 530 1383 582 Angeli
1415 530 1570 570 dictus.

415 593 643 646 GeorgiuS‚
667 594 906 645 Episcopus
938 594 1216 643 Albanensis,
1246 595 1589 647 Portugallensis
1623 606 1700 636 seu
1727 595 2036 638 Ulixbonensis
2063 609 2128 638 co-

360 658 661 711 gnominatus.

1120 736 1374 789 Presbyteri.

416 825 705 877 Hieronymus
728 825 814 866 divi
835 825 1079 878 Grisogoni‚
1101 826 1411 867 Racanatensis
1439 825 1681 878 Episcopus
1700 825 1854 865 dictus.

413 890 664 931 Dominicus
684 890 777 931 Divi
796 891 1030 932 Clementis
1051 891 1208 931 dictus.

413 955 573 996 Paulus
595 955 681 995 divi
703 955 823 1004 Sixti‚
846 955 1080 996 Januensis
1098 956 1254 997 dictus.

411 1022 602 1061 Joannes
618 1021 806 1061 ‚lacobus
828 1021 912 1061 divi
936 1021 1143 1072 Stephani
1163 1022 1208 1061 in
1229 1021 1344 1063 Celio
1365 1022 1523 1071 Monte,
1544 1022 1597 1062 de
1617 1023 1770 1097 Parma
1785 1021 1939 1062 dictus

413 1085 672 1125 Laurentius
694 1085 780 1125 divi
801 1085 945 1134 Marci,
967 1087 1302 1127 Beneventanus
1325 1086 1481 1127 dictus.

411 1150 630 1191 Arduinus
653 1151 767 1192 della
787 1153 912 1192 Porta
933 1152 1027 1193 Divi
1046 1153 1224 1193 Joannis
1247 1156 1288 1193 et
1306 1153 1426 1193 Pauli
1445 1152 1685 1193 Aleriensis
1707 1152 1860 1193 dictus.

411 1215 627 1257 Antonius
646 1215 739 1256 dive
757 1217 989 1257 Anastasie
1006 1220 1204 1258 vocatus.
1404 1232 1407 1234 ·

1155 1327 1344 1369 Diaconi.

414 1416 668 1458 Franciscus
688 1417 913 1467 SenensiS,
933 1416 1019 1458 divi
1039 1416 1260 1457 Eustachii
1276 1428 1320 1468 p.

412 1484 604 1523 Joannes
626 1483 821 1534 Baptista
842 1482 1042 1523 Sabellus
1062 1482 1147 1522 divi
1164 1481 1328 1522 Nicolai
1344 1481 1387 1521 in
1404 1482 1597 1523 Carcere.

415 1548 610 1599 Raphael
629 1548 814 1597 Riarius‚
838 1547 926 1588 divi
946 1546 1120 1598 Georgii
1140 1546 1196 1586 ad
1218 1546 1363 1587 velum
1379 1557 1578 1597 aureum,
1602 1547 1888 1588 Camerarius.

414 1613 604 1652 Joannes
624 1612 834 1653 Columna
857 1613 988 1652 Beate
1010 1611 1141 1658 Marie
1162 1612 1206 1651 in
1223 1612 1400 1663 Aquiro.

413 1677 608 1728 Baptista
630 1676 813 1717 Ursinus
834 1678 965 1717 Beate
982 1677 1114 1718 Marie
1133 1679 1266 1719 Nove.

412 1741 625 1782 Ascanius
642 1742 774 1782 Maria
791 1741 1015 1792 Sphortzia
1038 1743 1183 1783 Sancti
1199 1743 1283 1783 Viti
1302 1743 1346 1783 in
1361 1743 1537 1784 Macello
1559 1746 1816 1796 martyrum.

411 1807 600 1846 Joannes
621 1806 806 1847 Medices
828 1808 959 1848 Beate
980 1807 1112 1847 Marie
1134 1807 1179 1847 in
1199 1807 1438 1848 Dominica.

415 1870 643 1911 Federicus
665 1871 980 1912 Sanseverinus
1002 1871 1210 1912 claudens
1229 1883 1409 1913 cornum
1429 1883 1582 1921 unum,
1603 1872 1840 1914 Rodericus
1859 1871 2061 1912 alterum.

413 1936 592 1976 Maffeus
614 1936 822 1976 Girardus
839 1936 954 1976 tituli
975 1938 1016 1977 S.
1040 1938 1084 1977 C.
1108 1937 1339 1978 cardinalis
1366 1937 1608 1989 patriarcha
1635 1939 1841 1986 Venetus,
1865 1935 2122 1989 vigesimus.

413 2001 607 2041 Tertium
628 2000 830 2052 explebat
856 2001 1002 2041 locum
1023 2002 1370 2043 camaldulensis
1392 2002 1572 2052 ordinis,
1595 2001 1822 2054 professus
1845 2000 1909 2042 vir
1913 2029 1994 2040 .....
2015 1998 2128 2051 capi-

362 2066 516 2106 tularis
539 2070 581 2106 et
594 2066 690 2119 Jam
709 2066 916 2117 precipua
932 2069 1047 2107 etate
1065 2067 1302 2107 confectus.
1323 2068 1412 2117 Hic,
1431 2068 1580 2108 audito
1599 2067 1744 2108 obitus
1761 2065 1999 2107 Innocentii
2018 2074 2126 2110 nun·

360 2128 436 2178 tio,
456 2130 638 2169 Romam
656 2142 809 2172 versus
833 2142 1044 2183 prospero
1070 2133 1182 2184 pede
1214 2134 1450 2174 maturavit
1467 2133 1755 2186 galet-umque
1775 2144 1800 2173 a
1824 2130 2128 2174 Cardinalibus

359 2196 454 2233 tum
479 2194 669 2245 primum
695 2196 739 2236 in
771 2196 884 2237 Urbe
914 2198 1115 2250 sumpsit,
1139 2204 1188 2239 a'c
1209 2197 1419 2239 feralibus
1448 2198 1492 2238 in
1525 2209 1610 2251 que
1639 2198 1851 2239 inciderat
1874 2195 2130 2252 perfunctus

361 2256 514 2298 officiis
553 2269 601 2299 se
633 2270 809 2312 quoque
840 2261 885 2301 in
918 2262 1130 2303 Conclave
1156 2262 1341 2303 infirmis
1373 2263 1540 2304 viribus
1577 2266 1618 2304 et
1651 2263 1722 2304 vix
1755 2262 1958 2314 spiritum
1986 2259 2132 2302 ferens

359 2323 507 2375 injecit
530 2322 602 2376 (Ἰ).

413 2389 622 2431 Conclave
650 2391 755 2442 quid
785 2391 841 2432 sit
871 2395 914 2432 et
945 2393 1166 2443 quomodo
1198 2399 1352 2435 notum
1376 2398 1444 2435 est
1464 2405 1517 2434 ex
1536 2393 1738 2445 capitulis
1759 2393 1934 2434 duobus
1953 2389 2131 2433 Pontifi-

359 2463 510 2493 corum
530 2454 755 2495 Canonum
775 2468 927 2497 verum
948 2460 1096 2498 tamen
1115 2469 1201 2509 quo
1236 2459 1425 2510 quisque
1454 2459 1548 2499 loco
1581 2461 1623 2499 et
1656 2456 1834 2509 quando
1864 2467 1913 2498 se
1935 2455 2128 2507 recipiat,

359 2516 599 2558 referemus
617 2530 702 2570 que
723 2521 912 2561 vidimus
934 2521 1006 2573 (2),
1027 2526 1105 2562 etc.

415 2617 522 2671 (Bib.
544 2620 641 2659 Nat.
669 2619 723 2660 de
747 2621 880 2670 Paris,
913 2621 1042 2662 fonds
1071 2622 1164 2672 lat„
1199 2633 1282 2663 ms.
1318 2623 1464 2674 12546,
1495 2609 1570 2664 fol.
1600 2623 1645 2664 61
1672 2635 1696 2664 a
1718 2623 1746 2664 b
1767 2634 1805 2664 c.
1833 2645 1885 2651 —
1912 2620 2127 2663 Conclave

359 2683 591 2724 Alexandri
613 2685 665 2725 VI
687 2686 809 2725 Pont.
828 2687 880 2725 M.
902 2687 1106 2727 Michaele
1121 2689 1258 2728 Ferno
1281 2689 1594 2729 Mediolanensi
1608 2687 1840 2740 Authore.)

401 2821 430 2853 1.
455 2820 540 2862 Voy.
562 2820 596 2852 la
610 2810 694 2854 note
716 2822 729 2853 1
750 2821 793 2854 de
810 2823 843 2854 la
860 2822 1016 2864 depeche
1039 2823 1248 2864 precedente
1269 2824 1324 2864 (n0
1342 2826 1405 2866 56),
1425 2833 1514 2867 page
1536 2826 1608 2857 578.

398 2874 429 2904 2.
455 2873 562 2915 Copie
580 2875 651 2906 tres
671 2874 801 2907 fautive
818 2878 853 2908 et
870 2885 914 2909 en
934 2876 1111 2918 plusieurs
1129 2877 1289 2910 endroits
1308 2878 1571 2920 inintelligible.
