2262 3958
96 339 202 382 [Aout
219 341 309 383 1484]
546 340 716 378 RERUM
748 340 1053 378 URBANARUM
1085 336 1437 376 COMMENTARII.
1837 341 1885 376 29

158 443 276 490 Cum
297 444 435 495 Rmo.
461 443 519 490 D.
550 443 792 492 cardinale
814 442 1146 502 Gerundense,
1171 443 1272 490 DD.
1302 439 1548 487 Johannes
1576 438 1634 487 de
1659 440 1876 488 Roccha-

79 525 217 595 forti,
239 525 466 575 Albertus
488 527 808 587 Pedarlottus,
834 531 882 575 et
903 527 1116 590 Raphael
1139 529 1317 574 Rocca.

154 612 274 658 Cum
300 612 439 658 Rmo.
471 613 528 659 D.
560 611 801 660 cardinale
831 613 1110 669 Parmense,
1142 613 1242 658 DD.
1274 608 1472 658 Carolus
1500 608 1794 670 BucconiuS,
1827 614 1875 658 et

93 693 291 743 Helinus
312 694 477 744 Ducis.

157 780 276 828 Cum
316 781 455 827 Rmo.
501 782 558 827 D.
605 779 844 828 cardinale
885 780 1120 837 Senense,
1160 780 1260 826 DD.
1306 778 1568 843 Sinulphus
1607 779 1667 827 de
1708 781 1875 828 Castro

92 862 290 911 Otherio
330 862 536 911 clericus
580 878 772 912 camere
817 862 1099 927 apostolice,
1142 865 1191 910 et
1227 862 1444 910 Andreas
1482 863 1779 912 Lucentinus
1819 864 1878 912 de

92 946 498 996 Piccolominibus
520 947 726 1011 scriptor
745 947 1055 1011 apostolicus.

156 1033 274 1080 Cum
299 1033 438 1079 Rmo.
470 1033 528 1079 D.
559 1031 800 1080 cardinale
831 1031 986 1079 sancti
1012 1030 1208 1095 Georgii
1242 1029 1530 1090 camerariO,
1570 1032 1670 1078 DD.
1705 1033 1876 1079 Petrus

87 1113 148 1162 de
168 1115 327 1174 Costa,
352 1117 401 1162 et
426 1113 653 1162 Camillus
679 1114 738 1162 de
765 1114 1016 1179 Tartagnis
1038 1113 1343 1162 abbreviator
1367 1113 1618 1162 literarum
1646 1113 1879 1178 apostoli-

86 1212 254 1246 carum
272 1197 332 1247 de
353 1197 510 1263 prima
527 1198 730 1259 visione,
756 1215 841 1248 seu
861 1216 1009 1264 parco
1032 1198 1225 1248 minori.

148 1283 268 1331 Cum
288 1285 428 1331 Rmo.
454 1284 512 1330 D.
538 1282 779 1332 cardinale
801 1284 860 1332 de
890 1284 1221 1333 SabellisDD.
1250 1285 1383 1334 Paris
1411 1285 1470 1333 de
1500 1287 1867 1343 Montemann0,

85 1369 134 1415 et
157 1365 427 1416 Ludovicus
448 1366 656 1415 Sabinus
676 1367 847 1416 laicus.

154 1453 274 1500 Cum
299 1455 441 1502 Rmo.
473 1455 529 1502 D.
563 1452 805 1503 cardinale
833 1453 892 1501 de
923 1452 1174 1514 Columna,
1206 1456 1306 1502 DD.
1343 1456 1515 1502 Petrus
1548 1454 1607 1502 de
1648 1453 1874 1519 Segobia,

87 1538 136 1585 et
154 1538 178 1583 J
183 1535 400 1585 ohannes
420 1536 622 1586 Mariani
642 1537 701 1585 de
722 1537 958 1587 Viterbio.

153 1621 272 1669 Cum
293 1622 433 1668 Rmo.
459 1623 516 1668 D.
542 1620 783 1669 cardinale
805 1620 864 1668 de
888 1621 1090 1683 UrsiniS,
1116 1625 1219 1671 DD.
1244 1622 1532 1672 Franciscus
1559 1623 1618 1672 dc
1648 1623 1873 1686 Castello,

85 1705 134 1752 et
152 1695 362 1752 Jacobus
380 1703 656 1768 Alperinus,
680 1703 851 1763 laicus,
877 1705 992 1754 civis
1014 1722 1261 1755 romanus.

150 1790 270 1837 Cum
291 1790 430 1837 Rmo.
456 1790 514 1836 D.
539 1787 780 1837 cardinale
802 1788 862 1837 de
883 1790 1109 1851 Ascanio,
1136 1793 1236 1839 DD.
1263 1791 1589 1841 Bernardinus
1611 1792 1670 1840 de
1695 1795 1877 1842 Lunate

83 1876 132 1922 et
151 1873 440 1934 Franciscus
462 1872 521 1922 de
546 1874 707 1923 Curte.

141 1955 374 2023 Magister
391 1959 599 2007 Jacobus
620 1959 679 2007 de
702 1960 879 2008 Sancto
910 1960 1138 2021 GenesiO,
1173 1965 1221 2009 et
1250 1959 1583 2010 Theodoricus
1613 1961 1672 2010 de
1703 1961 1875 2010 Cocle-

77 2039 226 2105 ghein
244 2041 532 2090 flandrensis
546 2041 673 2102 laici,
692 2044 869 2093 medici
893 2044 951 2111 (1)
971 2061 980 2104 ;
1004 2045 1231 2094 Nicolaus
1253 2045 1491 2094 Jacomini
1513 2045 1724 2094 clericus
1748 2061 1876 2094 cam-

78 2125 304 2190 panarius
325 2127 509 2192 capelle
531 2128 832 2192 supradicte,
856 2128 1103 2177 familiaris
1126 2128 1325 2177 sacriste
1348 2128 1569 2193 ejusdem
1591 2128 1793 2193 capelle.

140 2210 347 2259 Prandio
367 2215 585 2274 peracto,
609 2216 718 2276 post
738 2213 986 2261 modicum
1006 2212 1310 2261 intervallum
1332 2211 1498 2259 RRmi.
1525 2214 1627 2259 DD.
1661 2210 1878 2259 cardina-

77 2292 149 2342 les
170 2308 340 2342 omnes
361 2298 692 2342 convenerunt
712 2295 759 2343 in
783 2296 924 2344 tertia
944 2296 1053 2344 aula
1080 2294 1338 2354 conclavis,
1364 2294 1464 2353 ubi,
1490 2293 1754 2358 apportatis
1781 2310 1871 2358 per

77 2377 335 2442 quuslibet
367 2378 651 2427 servitorem
685 2380 933 2439 scabellis,
981 2379 1308 2428 consederunt
1340 2378 1388 2426 in
1421 2378 1658 2426 circulum
1690 2377 1870 2442 positi,

74 2465 122 2511 et
151 2478 242 2527 ego
273 2466 383 2512 ante
416 2478 500 2511 eos
533 2464 672 2528 posui
712 2481 863 2513 unum
902 2464 1168 2513 scabellum
1208 2463 1414 2511 rubeum
1454 2462 1639 2527 capelle
1680 2465 1870 2523 nostre,

72 2549 121 2595 et
139 2546 351 2612 desuper
376 2547 727 2612 campanellam
747 2565 898 2613 prope
927 2552 1119 2597 Rmum.
1161 2550 1217 2596 D.
1253 2547 1549 2596 cardinalem
1575 2546 1877 2595 vicecancel-

69 2629 245 2679 larIum
270 2630 501 2696 priorem,
532 2635 585 2680 ut
612 2632 707 2694 illa,
740 2649 852 2682 cum
880 2649 1001 2698 opus
1029 2635 1176 2691 esset,
1212 2647 1300 2680 nos
1335 2647 1563 2679 revocare
1593 2633 1775 2695 posset.
1811 2632 1866 2677 Ι11

70 2715 163 2764 hac
193 2716 569 2780 congregatione
605 2717 874 2766 cardinales
905 2719 1232 2765 tractaverunt
1263 2715 1322 2764 de
1357 2714 1578 2779 capitulis
1612 2713 1739 2762 inter
1770 2729 1856 2762 eos

76 2799 340 2848 statuendis
362 2803 410 2848 et
430 2800 726 2849 ordinandis,

141 2884 455 2948 Congregatis
482 2888 534 2933 ut
561 2901 709 2949 supra
735 2884 926 2933 RRmis.
962 2887 1062 2933 DD.
1097 2883 1438 2943 cardinalibus,
1469 2898 1640 2931 omnes
1673 2880 1869 2930 concla-

77 2967 197 3017 viste
219 2969 479 3034 supradicti
502 2973 832 3018 convenerunt
862 2968 909 3016 in
938 2968 1122 3033 capella
1143 2968 1327 3032 majore
1349 2982 1499 3031 prope
1521 2967 1670 3015 altare
1692 2964 1871 3028 majus,

87 3050 168 3099 ubi
201 3052 510 3102 concorditer
543 3052 911 3117 deputaverunt,
946 3055 993 3099 et
1029 3051 1371 3100 ordinaverunt
1408 3050 1709 3100 venerandos
1747 3048 1874 3095 viros

87 3138 188 3185 DD.
226 3137 512 3202 Sinulphum
546 3138 606 3186 de
643 3139 809 3185 Castro
850 3135 1047 3185 Otherio
1081 3151 1274 3185 camere
1311 3135 1575 3200 apostolice
1611 3132 1868 3189 clericum,

86 3220 356 3270 Johannem
383 3224 577 3270 Petrum
603 3222 663 3270 de
695 3221 1003 3270 Arrivabenis
1037 3220 1354 3270 secretarium
1388 3218 1724 3283 apostolicum,
1759 3213 1874 3261 Phi-

84 3303 269 3368 lippum
301 3305 360 3354 de
394 3308 539 3367 Luca,
575 3306 848 3354 Johaunem
887 3305 1201 3354 Laurentium
1232 3304 1291 3351 (16
1328 3300 1545 3352 Venetiis
1580 3298 1875 3362 scriptorem

135 3489 167 3527 1.
184 3488 277 3540 Voy.
300 3491 435 3529 Memmi
458 3501 466 3528 z
489 3490 545 3528 Gli
562 3490 743 3529 Archiatri
763 3489 959 3537 pontificii,
982 3494 1071 3527 tom.
1097 3489 1124 3534 1,
1143 3499 1180 3536 p.
1208 3486 1294 3525 213.
