2262 3958
343 335 411 373 170
943 336 962 372 J
968 336 1176 373 OHANNIS
1209 335 1502 381 BURCHARDI,
1793 338 1997 382 [Decembre
2012 336 2104 385 1485]

341 437 487 486 frater
517 437 746 487 defuncti.
779 437 1000 485 Officium
1039 437 1097 485 de
1131 437 1355 486 mandato
1396 438 1708 488 cardinalium
1738 440 1982 504 inceptum
2021 440 2107 489 fuit

341 523 597 584 antequam
616 536 728 590 cera
746 520 1073 568 distribuenda
1091 517 1299 569 venisset
1320 535 1429 568 cum
1442 536 1537 585 qua
1557 521 2111 587 etiamferantintorticia,

345 604 506 651 omnia
526 619 617 666 que
637 603 763 652 venit
782 608 889 668 post
912 603 1088 652 dictam
1109 603 1379 668 epistolam,
1406 608 1452 652 et
1474 609 1587 652 tunc
1609 621 1815 654 accensa
1833 606 2021 654 fuerunt
2040 606 2108 654 in-

344 686 531 735 torticia
551 690 598 734 et
617 686 773 750 posita
793 686 840 734 in
860 687 980 735 locis
999 687 1247 747 ordinatis,
1264 687 1393 735 circa
1413 687 1696 736 catalectum
1715 706 1724 736 :
1743 688 1898 752 posita
1915 688 2106 738 fuerunt

340 768 582 818 intorticia
600 769 762 833 viginti
783 770 891 829 tria,
919 771 1046 819 circa
1073 771 1383 835 sepulturam,
1409 771 1527 830 duo;
1551 787 1638 835 pro
1661 771 1923 819 elevatione
1950 787 2106 820 sacra-

341 852 509 911 menti,
550 857 684 913 octo;
726 868 813 917 pro
858 853 1131 902 celebrante
1174 858 1339 903 orante
1381 858 1428 902 et
1481 852 1815 913 cardinalibus,
1867 851 2102 916 quinque;

338 933 498 982 omnia
524 938 730 997 quatuor
763 935 993 984 librarum
1023 937 1284 1001 quodlibet.
1319 936 1491 985 Facule
1523 937 1724 984 duarum
1752 936 1984 984 librarum
2018 951 2106 1000 pro

342 1017 544 1066 funestis
564 1021 609 1066 et
634 1018 846 1082 prelatis,
873 1022 1065 1066 centum
1091 1018 1461 1082 quinquaginta3
1492 1017 1633 1065 unius
1665 1017 1784 1065 libre
1805 1033 1892 1081 pro
1917 1017 2110 1066 cubicu-

341 1099 490 1160 lariis,
524 1104 765 1160 trecente;
796 1100 953 1149 medie
982 1101 1101 1149 libre
1134 1116 1221 1164 pro
1253 1100 1551 1160 officialibuS‚
1585 1104 1816 1159 trecente,
1856 1104 1904 1148 et
1938 1116 2106 1164 quam—

337 1183 502 1248 plures
550 1184 693 1232 trium
739 1185 1002 1234 unciarum.
1037 1187 1093 1233 Et
1133 1184 1445 1233 servientibus
1490 1199 1734 1232 armorum
1775 1184 1884 1232 data
1917 1184 2107 1232 fuerunt

342 1266 486 1314 etiam
535 1266 630 1315 duo
666 1267 905 1316 intorticia
947 1284 1032 1332 pro
1079 1284 1247 1316 eorum
1286 1267 1470 1331 capella
1506 1272 1669 1330 preter
1706 1267 1881 1315 bonam
1902 1281 2108 1316 consue—

345 1349 578 1409 tudinem,
602 1351 713 1414 quia
735 1351 783 1398 in
806 1351 1019 1414 exequiis
1040 1351 1332 1415 prelatorum
1353 1350 1453 1398 dari
1474 1365 1571 1397 non
1592 1349 1785 1398 debent.

401 1432 652 1482 Dominica
687 1437 854 1497 quarta
885 1435 1130 1493 adventuS,
1169 1437 1225 1481 18
1260 1432 1551 1490 decembriS,
1587 1435 1642 1479 R.
1681 1434 1732 1479 P.
1766 1433 1823 1478 D.
1863 1419 2108 1479 johannes

338 1516 589 1581 episcopus
611 1517 879 1565 Nucerinus
901 1518 1156 1566 celebravit
1181 1518 1377 1565 missam
1404 1516 1646 1580 publicam
1666 1515 1715 1563 in
1737 1515 1920 1580 capella
1939 1530 2110 1578 supra-

335 1600 478 1658 dicta,
504 1602 633 1664 Papa
651 1605 893 1664 presente,
911 1601 959 1648 in
981 1617 1073 1665 qua
1093 1601 1152 1650 de
1174 1601 1399 1649 mandato
1419 1599 1698 1648 Sanctitatis
1722 1614 1807 1648 sue
1821 1598 1931 1648 dedi
1946 1598 2109 1647 locum

338 1683 462 1731 inter
498 1683 749 1747 episcopos
802 1684 1080 1733 assistentes
1123 1687 1178 1732 R.
1228 1687 1280 1732 P.
1319 1686 1374 1731 D.
1418 1684 1599 1732 Thome
1637 1682 1864 1747 episcopo
1897 1682 2111 1734 Dolensi.

343 1768 625 1815 Sermonem
653 1766 764 1815 fecit
793 1772 1077 1831 procurator
1109 1767 1288 1815 ordinis
1319 1766 1690 1815 carmelitarum.
1725 1765 1832 1813 Alia
1864 1764 2113 1814 observata

337 1852 447 1895 sunt
467 1864 606 1897 more
630 1849 785 1897 solito.

399 1931 538 1978 Feria
548 1931 728 1994 quinta,
751 1935 809 1979 22
828 1931 942 1979 dicti
963 1931 1141 1980 mensis
1161 1931 1447 1993 decembris,
1465 1933 1595 1981 circa
1617 1931 1787 1979 horam
1807 1929 2108 1994 vigesimam,

336 2013 451 2062 obiit
476 2017 529 2062 R.
552 2018 606 2063 P.
631 2017 687 2063 D.
724 2015 968 2063 Johannes
989 2014 1121 2078 prior
1141 2016 1262 2063 sacri
1284 2015 1444 2079 palatii
1478 2015 1732 2080 apostolici
1767 2018 1813 2062 et
1844 2013 1975 2063 curie
2001 2028 2113 2062 cau-

342 2113 501 2145 sarum
540 2113 727 2146 camere
781 2097 1043 2162 apostolice
1074 2098 1261 2146 auditor
1299 2099 1555 2163 generalis,
1607 2097 1867 2147 canonicus
1905 2095 2110 2145 ecclesie

338 2180 476 2228 beate
497 2181 643 2229 Marie
663 2181 858 2245 majoris
891 2182 951 2229 de
986 2181 1111 2230 Urbe
1131 2181 1209 2244 qui
1244 2182 1416 2230 eodem
1436 2197 1563 2242 sere,
1586 2181 1768 2244 absque
1786 2194 1980 2244 pompa,
1997 2192 2112 2244 por-

339 2267 464 2311 tatus
499 2263 588 2311 fuit
630 2264 678 2311 in
713 2268 854 2313 nocte
884 2264 944 2312 ad
980 2264 1157 2312 dictam
1194 2265 1448 2313 ecclesiam
1486 2266 1628 2313 beate
1660 2263 1809 2312 Marie
1847 2261 2045 2326 majoris
2059 2265 2114 2310 -et

338 2345 515 2393 ibidem
544 2347 772 2410 sepultus,
806 2347 1032 2410 Sequenti
1061 2347 1156 2406 die,
1182 2353 1509 2396 convenerunt
1530 2347 1579 2395 in
1607 2347 1750 2395 domo
1771 2331 1856 2394 sua
1871 2331 2113 2394 auditores

346 2434 392 2477 et
430 2429 599 2492 prelati
633 2445 687 2477 ac
731 2430 909 2478 familie
948 2430 1280 2489 cardinalium,
1319 2430 1529 2494 religiosi
1580 2432 1844 2477 conventus
1891 2426 2108 2491 predicti.

336 2514 403 2559 Ex
421 2527 514 2559 una
533 2516 750 2576 portatus
771 2513 858 2560 fuit
885 2513 1143 2560 catalectus
1166 2513 1262 2562 sive
1283 2513 1512 2561 feretrum
1547 2528 1605 2560 ea
1635 2510 1956 2568 solemnitate,
1981 2525 2036 2558 ac
2073 2509 2111 2557 si
2144 2571 2151 2582 ι

341 2595 543 2644 cadaver
583 2595 647 2642 ibi
687 2599 832 2654 esset,
890 2600 938 2644 et
982 2596 1040 2643 ab
1081 2611 1139 2643 ea
1179 2596 1321 2643 domo
1362 2611 1514 2659 usque
1552 2595 1612 2642 ad
1643 2594 1819 2642 dictam
1857 2592 2111 2641 ecclesiam

335 2679 526 2742 publice
573 2695 628 2727 ac
666 2679 935 2728 honorifice
983 2678 1290 2739 associatum,
1351 2679 1488 2742 cujus
1538 2678 1699 2726 anima
1744 2676 2015 2741 requiescat
2060 2675 2109 2724 in

321 2753 476 2825 'pace.

403 2843 541 2893 Feria
563 2848 712 2902 sexta,
738 2847 797 2891 23
821 2844 1037 2907 ejusdem
1055 2843 1235 2892 mensis
1257 2844 1547 2903 decembriS‚
1573 2846 1656 2892 SS.
1683 2845 1739 2890 D.
1765 2845 1821 2891 N.-
1845 2842 1894 2890 in
1912 2856 2107 2890 camera

340 2942 427 2974 sua
454 2930 658 2985 secreta,
686 2925 733 2973 in
761 2925 938 2988 palatio
966 2941 1052 2974 suo
1080 2927 1343 2990 apostolico
1371 2927 1497 2991 apud
1524 2943 1562 2974 s.
1595 2930 1808 2983 Petrum,
1835 2924 2109 2987 subrogavit

338 3009 386 3057 in
423 3009 582 3058 officio
613 3009 744 3058 curie
780 3025 968 3059 camere
1002 3010 1262 3074 apostolice
1293 3014 1347 3060 R.
1382 3014 1433 3058 P.
1463 3014 1519 3058 D.
1551 3013 1743 3058 Petrum
1770 3008 1828 3056 de
1854 3007 2106 3081 Vincentia

342 3094 588 3158 utriusque
602 3094 721 3158 juris
743 3095 1008 3154 doctorem,
1035 3095 1314 3143 advocatum
1334 3078 1712 3142 consistorialem
1737 3108 1900 3141 coram
1927 3092 2107 3141 Sancti-

351 3181 444 3225 tate
479 3193 565 3225 sua
597 3178 903 3241 genuflexum
934 3194 1020 3242 per
1047 3177 1403 3242 impositionem
1439 3176 1615 3240 caputii
1642 3176 1768 3238 quod
1802 3175 2038 3224 Sanctitas
2058 3174 2106 3222 in

354 3266 674 3309 transversum
696 3261 819 3310 collo
840 3262 951 3310 huic
972 3261 1198 3325 imposuit
1219 3276 1274 3308 ac
1296 3261 1338 3308 ei
1355 3260 1588 3323 justitiam
1610 3259 1975 3318 commendavit,
1997 3273 2108 3322 pre-

345 3343 559 3399 sentibus
581 3344 757 3392 ibidem
780 3345 970 3392 RRmis.
1002 3347 1102 3393 DD.
1128 3343 1447 3392 cardinalibus
1469 3359 1507 3389 S.
1533 3342 1659 3390 Petri
1681 3343 1739 3391 ad
1762 3341 1962 3393 Vincula
1981 3343 2028 3388 et
2047 3340 2106 3387 de

355 3426 600 3485 Columna,
625 3430 726 3476 DD.
752 3428 1007 3476 Laurentio
1029 3410 1143 3476 Cibo
1167 3425 1545 3489 archiepiscopo,
1571 3425 1725 3473 electo
1752 3426 2105 3481 Beneventano4
