2262 3958
306 319 352 353 3ss
911 293 1143 350 „IOHANNIS
1177 311 1472 360 BURCHARD1‚
1860 283 1964 359 [Αόαι
1986 317 2077 359 1484}

306 419 560 467 universali
576 418 710 481 Pape
730 417 822 464 vita
844 434 860 463 .·
884 420 931 464 et
949 415 1044 464 hoc
1064 415 1202 464 tertio
1220 432 1306 480 per
1324 417 1536 480 priorem
1554 416 1743 479 dicitur,
1765 425 1812 469 et
1829 422 1971 471 toties
1991 439 2080 488 per

304 503 410 551 illos
430 502 765 566 respondetur.
793 500 1151 562 Subsequenter
1170 500 1304 548 idem
1325 500 1455 563 prior
1472 501 1584 549 dicit
1606 519 1615 548 :
1636 502 1854 552 Salvator
1874 507 2043 554 mundi
2058 518 2076 555 ,ὁ

370 585 680 648 Respondent
699 583 978 631 subdiaconi
1000 588 1047 631 et
1071 583 1147 631 alii
1175 584 1374 649 predicti
1401 601 1410 632 :
1440 583 1512 632 Tu
1545 585 1675 633 illum
1706 587 1902 651 adjuva,
1945 591 2075 654 quod

304 668 522 716 similiter
542 667 680 715 tertio
703 667 756 714 fit
779 682 866 730 per
880 672 1128 732 utrosque.
1853 663 1857 667 ’

373 752 554 800 Deinde
577 750 688 798 dicit
708 750 836 799 idem
856 751 987 814 prior
1006 768 1016 799 ε
1041 752 1212 800 Sancte
1232 752 1443 801 Mieltael
1460 771 1477 800 .-

372 835 683 899 Respondent
702 835 767 882 illi
792 851 802 883 :
831 834 875 882 T
871 852 902 882 u
920 835 1051 883 illum
1074 836 1270 899 adjuva,
1295 838 1425 901 quod
1449 838 1598 886 semel
1618 842 1802 886 tantum
1821 839 1994 888 dicitur
2026 845 2074 890 et

305 925 356 968 ut
375 920 499 968 infra
520 919 830 967 continuatur
854 935 863 966 :

370 1011 527 1050 sancte
552 1002 756 1062 Gabriel,

370 1093 527 1134 sancte
539 1085 770 1149 Raphael,

371 1177 527 1217 sancte
540 1170 769 1232 Baptista,

370 1261 528 1300 ‚sancte
544 1253 703 1312 Petre,

371 1343 529 1383 semote
549 1336 720 1395 Paule,

371 1427 528 1466 sancte
544 1419 759 1476 Andrea,

369 1511 527 1550 sancte
551 1502 804 1565 Stephane,

369 1593 526 1632 sancte
544 1585 658 1645 Le0‚
981 1590 1031 1649 ἡ).
1061 1588 1105 1635 T
1101 1605 1132 1635 u
1153 1588 1285 1635 illum
1307 1587 1503 1650 adjuva.

367 1676 525 1716 sancte
557 1668 772 1734 Greqori,

368 1749 524 1800 sancte
537 1753 802 1813 Benediete‚

370 1843 527 1882 sancte
542 1835 706 1895 Basili,

367 1927 525 1966 sancte
544 1919 688 1977 Saba,

370 2010 533 2049 saneta
549 2003 593 2050 A
600 2020 735 2066 yneS,

371 2094 532 2134 saneta
558 2086 748 2147 Ceez'lict,

366 2177 528 2217 saneta
548 2167 717 2228 Lucia,
897 2160 916 2216 κ’

368 2253 540 2302 deinde
570 2251 701 2315 pri0r
726 2251 968 2314 predictus
1004 2251 1117 2299 dicit
1146 2252 1297 2300 semel
1333 2255 1552 2300 tantum:
1583 2250 1740 2314 Kyrie
1771 2250 1960 2298 eleison.
2004 2249 2072 2298 llli

301 2336 594 2400 respondent
620 2352 628 2381 :
654 2332 807 2396 Kyrie
827 2322 1014 2381 eleison.

365 2422 486 2467 Tum
510 2417 622 2465 dicit
648 2417 776 2465 idem
803 2416 932 2479 prior
964 2416 1108 2463 etiam
1143 2416 1294 2464 semel
1326 2420 1514 2464 tantum
1545 2433 1554 2463 :
1585 2415 1767 2464 Christe
1794 2417 1988 2474 eleison,
2028 2421 2076 2464 et

300 2502 364 2549 illi
387 2500 679 2564 respondent
702 2515 714 2547 :
744 2500 925 2547 Christe
945 2498 1133 2545 eleison.

365 2587 485 2633 Tum
512 2583 642 2647 prior
672 2586 718 2631 et
750 2581 827 2629 alii
857 2596 1026 2629 omnes
1057 2595 1167 2628 cum
1199 2595 1256 2628 eo
1284 2579 1425 2627 simul
1440 2580 1620 2640 dicunt⁷
1653 2580 1803 2629 semel
1834 2583 2029 2629 tantum

305 2669 448 2731 Kyrie
461 2668 630 2715 eleison
644 2702 654 2713 .

370 2754 438 2799 De
457 2750 742 2798 officialibus
775 2748 938 2812 palatii
974 2747 1312 2796 Lateranensis
1341 2763 1353 2794 :

369 2838 498 2897 Papa
523 2834 572 2881 in
599 2833 811 2882 secunda
840 2832 953 2880 sede
982 2831 1255 2895 porphyrea
1284 2830 1500 2892 sedente,
1537 2847 1657 2880 zona
1689 2831 1863 2892 cinct0‚
1900 2847 2071 2881 omnes

305 2917 536 2965 officiales
554 2916 716 2980 palatii
735 2914 1071 2963 Lateranensis
1091 2914 1287 2962 veniunt
1307 2914 1368 2962 ad
1393 2915 1528 2978 pedis
1549 2916 1786 2964 osculum.

369 3003 437 3048 De
464 3000 624 3048 officio
646 2999 815 3063 prioris
848 2998 1042 3046 basilice
1068 3014 1106 3046 s.
1137 3000 1382 3047 Laurentii
1414 3001 1463 3048 in
1497 3004 1751 3059 Laterano,
1789 3014 1882 3062 que
1905 3003 2076 3048 sancta

310 3090 587 3132 sanctorum
609 3083 780 3131 dicitur
799 3100 809 3130 ε

373 3167 508 3214 Prior
527 3166 720 3215 basilice
749 3182 784 3215 s,
813 3166 1080 3226 Laurentii,
1117 3182 1210 3229 que
1245 3171 1411 3215 sancta
1446 3170 1722 3216 sanctorum
1756 3165 1944 3227 dicitur,
1972 3170 2074 3215 vsuo

306 3249 474 3296 habitu
496 3254 729 3298 consueto
744 3249 957 3309 indutus,
976 3264 1071 3312 quo
1089 3249 1137 3296 in
1152 3250 1357 3298 ecclesia
1374 3250 1441 3298 uti
1458 3250 1595 3309 solet,
1617 3250 1696 3297 dat
1715 3252 1840 3313 Pape
1855 3250 1904 3297 in
1924 3250 2079 3313 prima

308 3332 421 3380 sede
441 3333 715 3397 porphyrea
736 3333 921 3381 sedenti
937 3333 985 3380 in
1005 3348 1203 3381 manum
1220 3333 1421 3381 ferulam
1443 3337 1491 3381 et
1507 3333 1662 3381 claves
1677 3331 1801 3379 illius
1816 3333 2010 3380 basilice
2029 3336 2078 3380 et

310 3415 432 3462 sacri
460 3417 792 3465 Lateranensis
819 3418 998 3480 palatii,
1029 3433 1146 3480 quas
1178 3419 1306 3480 Papa
1339 3416 1388 3464 in
1415 3416 1506 3466 alia
1543 3416 1656 3464 sede
1678 3417 1819 3464 simili
1842 3416 2016 3464 sedens
2034 3414 2077 3462 ei
