2262 3958
163 289 388 338 ‚mecembre
409 290 502 330 1487]
630 289 799 327 RERUM
830 289 1135 328 URBANARUM
1169 291 1521 329 COMMENTARII.
1894 293 1966 329 279

173 391 296 441 rium
310 395 362 440 „et
390 391 603 455 reposuit
629 391 748 439 illud
773 395 884 442 ante
908 393 1123 441 medium
1145 393 1325 453 altariS,
1357 394 1531 443 deiude
1553 395 1694 443 rediit
1715 395 1775 443 ad
1795 410 1959 444 came-

172 490 294 535 ram,
311 478 533 539 portante
546 475 761 523 fimbrias
778 476 1007 540 episcopo
1023 477 1259 525 Aleriensi
1276 481 1328 525 ut
1343 494 1503 542 supra.
1518 479 1641 526 Ante
1659 479 1960 542 evangelium

170 559 403 608 diaeonus
425 559 614 623 aceepit
634 559 1026 608 benedictionem
1045 577 1072 608 a
1095 564 1223 624 Papa
1248 577 1382 610 more
1406 562 1548 610 solito
1572 566 1619 611 et.
1640 567 1752 612 ante
1775 563 1957 612 oratio-

171 658 286 693 nem
304 643 437 691 Deus
453 643 535 707 qui
555 643 780 702 humane,
804 651 911 702 etc„
938 646 1065 707 Papa
1088 645 1335 693 benedixit
1356 662 1531 709 aquam
1554 662 1688 696 more
1707 651 1961 696 consueto.

238 728 468 786 Sabbato,
493 730 521 775 8
537 727 826 785 decembris,
852 726 1031 774 festum
1049 728 1390 791 Conceptionis
1410 729 1547 778 beate
1571 731 1718 789 Marie
1739 731 1964 795 virginis,v

170 819 366 880 paratus
389 829 523 864 more
545 813 705 871 solim,
729 815 779 859 ut
801 825 962 874 supra,
988 812 1117 874 Papa
1136 811 1267 858 venit
1287 811 1348 858 ad
1374 827 1603 876 magnam
1625 814 1860 878 capellam
1883 814 1962 864 ubi

170 897 385 948 interfuit
402 897 548 946 misse
571 894 777 944 solemni
798 909 946 957 quam
968 893 1229 942 celebravit
1256 897 1310 942 R.
1339 898 1392 943 P.
1420 896 1477 942 D.
1504 896 1749 944 Johannes
1770 898 1961 961 episco-

168 998 262 1047 pus
280 979 600 1031 Tornacensis
632 994 744 1026 cum
777 977 983 1026 diacono
1017 980 1065 1025 et
1095 977 1393 1026 subdiacono
1424 982 1470 1027 et
1501 978 1775 1040 assistente,
1812 981 1961 1028 sacris

166 1064 374 1113 vsstibus
395 1061 588 1128 paratis.
612 1064 664 1110 In
678 1061 772 1110 hac
800 1060 965 1121 missa,
994 1061 1158 1109 omnia
1185 1061 1379 1110 fuerunt
1403 1062 1657 1112 observata
1677 1068 1894 1128 utsupra
1914 1064 1963 1112 in

167 1147 244 1198 die
273 1163 313 1197 s.
356 1146 557 1206 Nicolai,
594 1150 799 1209 excepto
827 1144 958 1208 quod
997 1144 1146 1193 altare
1184 1145 1271 1193 fuit
1304 1146 1611 1194 incensatum
1646 1146 1696 1194 in
1725 1147 1963 1212 principio

165 1229 314 1279 misse
337 1233 387 1279 et
407 1229 660 1278 celebrans
683 1234 731 1278 et
759 1232 888 1293 Papa
914 1244 1049 1278 more
1078 1233 1329 1279 consueto.
1359 1231 1432 1278 Ad
1466 1231 1767 1295 evangelium
1795 1237 1963 1296 parata

165 1317 277 1363 sunt
295 1313 552 1363 luminaria
574 1317 621 1362 et
640 1314 912 1363 incensum.
945 1316 1075 1378 Papa
1098 1317 1260 1362 tamen
1290 1318 1400 1379 post
1429 1315 1731 1380 evangelium
1755 1316 1963 1364 nonfuit

164 1397 443 1447 incensatus
482 1413 647 1447 errore
688 1413 817 1458 meo,
858 1397 972 1461 quia
1010 1397 1088 1446 ille
1126 1398 1408 1462 capellanus
1446 1399 1748 1448 thuribulum
1789 1404 1960 1449 tenens

164 1486 438 1532 recesserat
458 1486 570 1532 ante
594 1486 783 1546 tempus
807 1497 918 1530 cum
936 1482 1200 1530 thuribulo.

231 1568 346 1615 Post
364 1565 410 1614 A
416 1582 544 1630 ymas
564 1566 674 1627 Dei,
697 1565 952 1615 cardinalis
977 1581 1075 1614 non
1094 1566 1280 1630 aceepit
1306 1583 1479 1630 pacem
1499 1584 1526 1616 a
1547 1568 1824 1616 celebrante
1847 1585 1961 1633 por-

165 1649 362 1699 tandam
380 1649 597 1714 pontifici
617 1649 676 1698 de
702 1648 854 1707 altari,
888 1648 974 1697 sed
993 1664 1080 1712 per
1098 1648 1475 1698 instrumentum
1497 1650 1629 1698 dedit
1651 1651 1695 1698 ei
1719 1655 1770 1698 ut
1795 1667 1957 1715 supra,

164 1733 276 1798 quia
312 1734 407 1782 hoe
434 1733 589 1798 magis
620 1733 805 1781 videtur
834 1732 1111 1792 convenire,
1143 1748 1253 1788 cum
1286 1736 1414 1797 Papa
1440 1750 1539 1782 non
1567 1734 1628 1782 sit
1650 1734 1700 1781 in
1724 1734 1958 1783 eminenti

165 1817 282 1866 sede
309 1821 359 1866 et
391 1833 490 1866 non
525 1817 703 1866 habeat
730 1817 1012 1865 assistentes
1041 1818 1214 1881 quibus
1251 1832 1422 1882 pacem
1457 1817 1785 1866 communicet
1821 1822 1869 1866 ut
1908 1818 1958 1866 in

164 1900 325 1950 missis
343 1900 644 1950 solemnibus
667 1906 713 1949 et
735 1901 1078 1965 pontificaliter
1092 1906 1260 1965 parato
1284 1900 1388 1949 fieri
1417 1900 1555 1949 solet.
1579 1901 1686 1949 Alia
1704 1902 1956 1950 observata

165 1987 278 2034 sunt
312 1989 365 2034 ut
403 2001 564 2050 supra,
598 1989 802 2050 excepto
840 1985 970 2049 quod
998 1986 1060 2034 ad
1100 1985 1491 2034 benedictionem
1539 1985 1822 2034 assistentes
1860 2002 1958 2034 non

164 2073 425 2118 tenuerunt
457 2073 677 2118 mantum
710 2069 957 2134 pontifici;
995 2070 1075 2134 qui
1120 2070 1283 2129 etiam,
1319 2070 1430 2117 data
1460 2070 1820 2130 benedictione,
1862 2085 1959 2118 non

165 2152 298 2203 dedit
317 2152 659 2217 indulgentias.

230 2236 483 2286 Dominica
512 2237 726 2285 secunda
751 2237 1000 2298 adventus,
1033 2241 1060 2285 9
1091 2237 1383 2297 decembris,
1417 2240 1479 2285 R.
1517 2239 1570 2285 P.
1604 2239 1660 2284 D.
1695 2237 1962 2302 archiepis-

163 2335 314 2386 copus
334 2321 631 2370 Arelatensis
653 2321 884 2370 assistens
907 2324 1034 2385 Pape
1057 2321 1172 2369 dixit
1196 2321 1395 2369 missam
1418 2321 1688 2370 solemnem
1710 2321 1758 2369 in
1781 2337 1958 2386 magna

163 2405 365 2471 capella,
393 2408 523 2470 Papa
548 2410 794 2470 presente.
825 2406 949 2453 Dixit
976 2409 1086 2469 post
1113 2405 1383 2454 orationem
1409 2405 1504 2455 diei
1535 2410 1636 2454 tres
1671 2406 1808 2466 aliaS,
1835 2410 1887 2454 ut
1910 2406 1958 2453 in

161 2489 320 2554 prima
338 2489 599 2547 dominica,
622 2494 670 2539 et
691 2490 784 2539 alia
805 2490 968 2539 omnia
992 2506 1127 2537 more
1159 2489 1300 2538 solito
1327 2494 1438 2538 sunt
1462 2490 1731 2539 observata.
1760 2492 1958 2539 Sermo-

161 2588 276 2623 nem
296 2573 413 2623 feeit
431 2579 718 2639 procurator
738 2574 919 2622 ordinis
942 2573 1201 2621 minorum.

229 2657 484 2707 Dominica
519 2659 661 2707 tertia
694 2658 943 2717 adventus,
990 2659 1046 2705 16
1081 2657 1376 2718 decembris,
1412 2661 1580 2706 Rmus.
1622 2661 1681 2708 D.
1706 2659 1956 2708 Johannes

164 2740 373 2789 Jacobus
394 2741 649 2790 cardinalis
673 2741 949 2790 Parmensis
973 2740 1232 2789 celebravit
1262 2741 1462 2790 missam
1484 2741 1533 2789 in
1554 2758 1733 2807 magna
1750 2743 1953 2807 capella,

165 2826 295 2889 Papa
324 2829 571 2889 presente.
607 2825 735 2874 Dixit
768 2828 973 2888 quatuor
1002 2824 1244 2873 orationes
1276 2829 1326 2873 ut
1355 2825 1404 2873 in
1438 2826 1543 2874 aliis
1576 2827 1955 2891 precedentibus

162 2907 347 2957 duabus
367 2908 640 2957 dominicis.
667 2909 871 2958 Ministri
898 2909 971 2956 usi
994 2912 1103 2957 sunt
1129 2909 1386 2959 dalmatica
1414 2915 1461 2960 et
1485 2912 1730 2960 tunicella.
1760 2914 1952 2959 Sermo-

161 3007 275 3042 nem
305 2992 417 3042 fecit
454 2993 600 3042 frater
630 2993 870 3042 Marianus
892 2992 950 3041 de
987 2994 1300 3042 Gennazzano
1324 2995 1504 3043 ordinis
1522 2995 1871 3044 heremitarum
1913 3012 1956 3043 s.

160 3077 412 3142 Augustini
434 3077 517 3141 qui
539 3077 730 3139 exinde,
755 3078 867 3142 quia
888 3077 1068 3142 optime
1088 3077 1223 3137 dixit,
1245 3079 1305 3126 ab
1327 3079 1552 3128 omnibus
1572 3080 1768 3129 laudem
1784 3094 1952 3144 repor-

161 3161 290 3210 tavit.
310 3160 418 3209 Alia
435 3162 599 3211 omnia
613 3162 867 3211 observata
885 3166 995 3210 sunt
1016 3177 1151 3209 more
1173 3167 1427 3212 consueto,

227 3243 481 3294 Dominica
511 3250 684 3309 quarta
710 3246 958 3306 adventuS,
995 3248 1054 3293 23
1089 3245 1379 3306 decembris,
1425 3250 1481 3296 R.
1524 3251 1576 3296 P.
1617 3251 1673 3296 D.
1711 3247 1950 3296 Heancus

160 3329 419 3394 episcopus
442 3330 823 3390 CameracensiS‚
848 3330 928 3395 qui
961 3330 1136 3395 elapsis
1164 3330 1330 3394 paucis
1351 3331 1523 3380 diebus
1544 3332 1674 3381 venit
1697 3331 1794 3380 sive
1813 3331 1955 3380 rediit

159 3413 218 3461 de
261 3412 581 3472 Hierusalem,
617 3412 874 3462 celebravit
913 3412 1111 3461 missam
1152 3412 1421 3462 solemnem
1466 3413 1513 3461 in
1550 3429 1727 3479 magna
1761 3416 1948 3479 capella
